1795 3086
215 77 279 123 46
498 80 563 123 M.
595 81 652 124 T.
684 78 1024 125 CICERONIS
1055 79 1429 126 EPISTOLAE.

337 192 657 236 EPISTOLA
687 192 1072 237 DCLXXXVII.
1134 194 1209 244 (ad
1240 196 1333 238 Att.
1365 195 1502 238 XIV.
1534 195 1598 244 7.)

313 269 395 306 Ser.
421 270 462 304 in
487 268 691 303 Formiano
717 269 834 304 xvn.
860 269 941 304 Kal.
967 271 1053 304 Mai.
1084 270 1126 306 A.
1154 270 1198 304 U.
1227 270 1268 306 c,
1297 272 1377 306 πο.
1407 270 1509 314 (ac
1536 272 1613 314 44.)

217 336 384 380 Quaerit,
421 335 487 369 ubi
519 335 653 369 Brutus
685 336 836 371 futurus
871 337 936 381 sit,
970 349 1014 372 ac
1047 337 1096 372 de
1128 337 1254 372 literis
1288 337 1361 371 filii
1396 337 1454 371 sui
1491 349 1632 382 suoque
1667 338 1707 372 in

459 382 662 418 Graeciam
688 384 961 430 proficiscendi
987 387 1148 423 consilio
1173 385 1320 421 scribit.
1352 387 1472 421 1—2.

722 452 901 487 CICERO
932 452 1121 488 ATTICO
1161 454 1199 488 S.

327 520 564 563 Postridie
594 519 705 563 Idus
743 521 953 563 Paullum
992 521 1039 562 in
1070 522 1230 564 Caieta
1258 522 1370 564 vidi.
1430 522 1476 564 Is
1506 522 1620 563 mihi
1650 523 1708 564 de

217 575 372 620 Mario
403 581 448 619 et
477 577 532 618 de
571 591 620 619 re
650 578 832 633 publica
870 576 963 618 alia
999 579 1219 633 quaedam
1258 592 1365 620 sane
1404 579 1610 634 pessima.
1667 579 1707 620 A

212 639 259 675 te
299 634 475 676 scilicet
513 633 656 675 nihil:
696 648 825 676 nemo
868 632 987 673 enim
1015 648 1228 676 meorum.
1287 635 1379 676 Sed
1408 635 1597 677 Brutum
1627 648 1706 676 no-

213 695 356 732 strum
385 689 522 731 audio
551 691 698 733 visum
738 691 820 731 sub
849 689 1071 731 Lanuvio.
1138 690 1230 731 Ubi
1270 691 1450 732 tandem
1492 696 1560 732 est
1588 690 1708 732 futu-

213 747 315 788 rus?
370 746 491 788 Nam
520 760 654 800 quum
686 746 874 801 reliqua,
913 750 1007 786 tum
1038 746 1094 787 de
1123 745 1213 787 hoc
1253 748 1371 788 scire
1401 760 1513 789 aveo
1544 747 1705 788 omnia.

212 802 312 858 Ego
343 817 368 844 e
395 802 639 845 Formiano
670 802 828 843 exiens
859 815 969 843 xvn.
1002 802 1124 855 Kal„
1163 806 1212 843 ut
1240 802 1346 843 inde
1376 804 1523 844 altero
1554 802 1628 844 die
1659 803 1707 843 in

146 852 174 891 2
211 859 529 911 Puteolanum,
559 858 723 913 scripsi
752 858 881 900 haec.
939 860 978 899 A
1011 857 1233 899 Cicerone
1263 858 1380 898 mihi
1409 858 1570 900 literae
1600 872 1707 900 sane

210 918 480 966 πεπινωμέναι
507 918 554 955 et
581 915 693 956 bene
720 915 895 969 longae.
964 914 1131 956 Cetera
1168 918 1315 956 autem
1355 915 1429 956 vel
1459 914 1575 970 fingi
1604 927 1707 970 pos-

213 975 340 1014 sunt:
377 975 490 1014 πῑνος
517 970 753 1012 literarum
783 968 1014 1024 significat
1043 970 1307 1012 doctiorem.
1374 970 1508 1012 Nunc
1544 984 1707 1026 magno

212 1042 348 1083 opere
379 1041 405 1069 a
431 1031 476 1071 te
505 1030 626 1082 peto,
666 1028 722 1069 de
753 1041 841 1082 quo
871 1040 969 1068 sum
998 1040 1141 1081 nuper
1165 1031 1312 1068 tecum
1340 1026 1531 1079 locutus,
1559 1031 1610 1068 ut
1638 1026 1707 1068 vi-

212 1084 320 1126 deas
358 1098 413 1125 ne
454 1082 565 1139 quid
605 1084 647 1125 ei
688 1084 820 1125 desit.
890 1081 945 1124 Id
985 1097 1120 1137 quum
1160 1082 1219 1124 ad
1259 1082 1463 1124 officium
1503 1086 1708 1124 nostrum

210 1139 430 1205 pertinet,
483 1143 577 1179 tum
626 1139 684 1180 ad
733 1138 1120 1180 existimationem
1160 1142 1206 1179 et
1245 1138 1537 1193 dignitatem:
1585 1139 1707 1193 quod

211 1197 333 1238 ldem
376 1194 586 1239 intellexi
632 1195 719 1236 tibi
758 1194 909 1237 videri
947 1194 1141 1235 omnino.
1228 1193 1280 1234 Si
1319 1208 1428 1248 ergo
1470 1198 1552 1246 est,
1601 1194 1707 1236 volo

210 1266 362 1295 mense
401 1250 603 1302 Quintili
651 1251 698 1293 in
740 1250 993 1294 Graeciam.
1067 1250 1204 1292 »Sunt
1252 1251 1403 1293 omnia
1452 1248 1702 1292 faciliora«

309 1412 341 1445 1.
368 1408 530 1443 Postrid.
552 1408 641 1442 Idus
666 1407 810 1453 April„
837 1419 897 1440 am
925 1407 980 1442 14.
1008 1407 1136 1454 April.
1172 1426 1214 1432 ·—
1256 1408 1429 1442 Paullum
1453 1407 1478 1442 i.
1504 1419 1535 1444 e.
1563 1408 1605 1445 L.
1634 1407 1707 1443 Ae-

210 1458 366 1493 milium
392 1457 580 1499 Paullum,
608 1457 648 1489 in
675 1455 871 1491 consulatu
897 1456 1086 1505 collegam
1114 1456 1153 1490 C.
1178 1456 1358 1490 Marcelli
1393 1457 1508 1499 (704),
1544 1458 1706 1491 fratrem

212 1510 260 1543 M.
288 1505 436 1552 Lepidi.
471 1505 675 1540 MANUT.
708 1523 755 1530 —
805 1504 848 1537 de
875 1505 1020 1544 Mario,
1047 1504 1092 1537 de
1119 1504 1402 1540 Pseudo-Mario
1444 1505 1514 1538 illo
1550 1505 1705 1550 eiusque

211 1555 383 1591 consiliis
411 1554 457 1589 de
485 1560 618 1587 senatu
644 1552 922 1588 interficiendo.
957 1552 1067 1587 SCH.
1120 1553 1199 1586 Cfr.
1226 1564 1285 1598 ep.
1313 1555 1394 1592 685,
1422 1555 1453 1588 1.
1482 1555 1564 1594 688,
1591 1556 1623 1588 1.
1660 1573 1702 1578 -

210 1605 302 1647 alia,
328 1603 400 1638 md.
429 1602 545 1637 Oxon.
571 1604 602 1638 2.
630 1603 726 1636 Vict.
755 1604 784 1637 l.
808 1601 948 1646 aliqua.
985 1601 1060 1637 ΟΕ.
1092 1602 1254 1644 pessima
1278 1601 1464 1636 narravit.
1518 1620 1562 1626 --
1613 1600 1709 1635 nihil

210 1654 415 1688 literarum
440 1651 579 1696 accepi.
623 1669 666 1675 —
716 1660 881 1683 meorum
907 1650 930 1682 i.
958 1660 989 1683 e.
1016 1650 1145 1683 nullus
1171 1648 1394 1683 tabellarius
1429 1649 1476 1684 atl
1501 1661 1563 1684 me
1587 1649 1704 1684 venit.

212 1721 255 1727 —
284 1700 419 1735 XVII.
446 1699 535 1733 Kal.
563 1699 665 1740 Maii,
693 1711 752 1732 am
782 1699 835 1733 15.
863 1697 987 1743 April.
1016 1716 1061 1722 —
1088 1699 1127 1731 in
1151 1697 1395 1732 Puteolanum
1421 1698 1607 1732 venirem.

307 1750 342 1785 2.
394 1749 431 1782 A
467 1747 646 1781 Cicerone
696 1747 780 1781 filio
813 1745 976 1780 Athenis
1017 1752 1205 1780 versante.
1256 1766 1300 1772 —
1352 1745 1702 1791 πεπινωμέναι,

210 1798 322 1832 docte
357 1802 395 1831 et
429 1796 629 1845 eleganter
662 1795 839 1842 scriptae.
898 1793 962 1828 Sic
995 1794 1067 1828 Md.
1102 1794 1167 1829 Cd.
1202 1793 1379 1828 Tornaes.
1421 1796 1571 1828 Memm.
1605 1794 1704 1828 Vict.

211 1846 324 1891 Seqq.
371 1845 488 1880 Recte
514 1845 789 1890 interpretatus
814 1849 871 1877 est
893 1843 1048 1878 Corrad.
1078 1854 1096 1877 e
1121 1842 1246 1877 Suida.
1274 1841 1368 1876 Sunt
1394 1843 1581 1888 epistolae
1608 1854 1703 1886 „ve-

211 1906 298 1928 rum
335 1893 464 1927 doctae
496 1893 754 1939 antiquitatis,
792 1891 941 1926 Atticae
966 1898 1077 1938 puta,
1117 1902 1290 1938 saporem
1324 1890 1582 1925 redole.ntes.“
1632 1903 1703 1924 πε-

209 1940 511 1986 πυκνωμένου
545 1943 677 1990 Margo
701 1940 775 1975 Md.
803 1940 916 1974 Oxon.
943 1943 973 1977 1,
990 1942 1023 1975 2.
1050 1940 1134 1974 Asc.
1162 1942 1194 1974 1.
1222 1939 1322 1973 Crat.
1350 1945 1387 1973 et
1413 1950 1500 1974 mox
1526 1937 1706 1978 πυκνῶς

210 1991 255 2034 (i.
284 2002 315 2026 e.
340 1986 541 2033 πύκνωσις)
576 1990 661 2024 Asc.
697 2000 769 2023 sec.
803 1988 903 2022 Crat.
954 1989 1168 2032 Utrumque
1192 1987 1365 2033 placebat
1391 1988 1591 2022 Graetero.
1629 1988 1703 2023 OR.

211 2050 418 2081 πεπυκν.,
444 2039 642 2086 gedr‘angt‚
673 2035 1185 2079 Gedanken-Inhaltsreich3
1208 2032 1454 2078 πύκνωσις,
1488 2036 1704 2084 Gedr'angt-

210 2088 308 2132 heit,
335 2087 654 2122 Gedankenffille.
683 2105 724 2112 —
762 2087 861 2128 bene,
894 2084 1090 2119 ziemlich.
1121 2103 1162 2108 —
1199 2084 1335 2118 Cetera
1360 2085 1443 2120 scil.
1471 2085 1552 2118 eius
1578 2096 1702 2119 mores

212 2143 251 2173 et
275 2136 476 2184 frugalitas
503 2134 605 2178 fingi
640 2136 663 2168 i.
691 2146 721 2168 e.
757 2134 933 2168 simulari
965 2140 1002 2168 et
1035 2133 1132 2167 falso
1165 2132 1366 2178 perhiberi
1392 2137 1557 2177 possunt.
1591 2133 1701 2168 SCH.

213 2209 238 2228 „
255 2185 319 2220 das
355 2178 514 2232 Ubrige,
540 2195 618 2218 was
644 2195 732 2217 man
759 2193 831 2217 von
856 2182 939 2215 ihm
965 2180 1110 2224 riihmt,
1135 2180 1241 2214 kann
1266 2181 1388 2215 leicht
1414 2181 1477 2215 od.
1506 2181 1702 2215 allenfalls

214 2232 407 2268 erdichtet
433 2233 555 2266 sein.“
605 2251 648 2256 —
701 2235 741 2265 at
776 2231 915 2270 πῖνος
942 2230 995 2263 lit.
1030 2241 1058 2263 s.
1093 2229 1294 2264 doctiorem
1326 2241 1413 2263 eum
1439 2231 1583 2263 factum
1609 2241 1701 2272 esse,

211 2283 304 2317 aber
329 2281 410 2315 dass
438 2293 482 2316 er
505 2280 740 2328 wenigstens
768 2279 982 2313 crebildeter
1007 2277 1215 2326 geworden
1241 2279 1302 2319 ist,
1328 2279 1402 2312 Das
1429 2278 1612 2312 beweiset
1639 2278 1700 2311 die

211 2329 427 2365 Schiinheit
452 2330 573 2363 seines
599 2329 735 2370 Briefs‚
763 2308 869 2366 351⁵,
905 2327 1031 2361 seiner
1057 2326 1291 2361 Schreibart.
1340 2326 1480 2367 πῖνος
1505 2340 1555 2358 z
1580 2326 1700 2367 nitor,
1764 2338 1766 2340 ’

212 2378 419 2425 elegantia,
446 2376 664 2426 Nettigkeit
691 2378 814 2410 seines
842 2374 945 2409 Stils.
1000 2394 1041 2400 —
1091 2385 1134 2408 ne
1169 2374 1255 2419 quid
1286 2374 1321 2407 ei
1353 2375 1459 2417 desit,
1501 2374 1583 2409 dass
1617 2374 1701 2408 ihm

211 2420 350 2462 Nidhts
377 2426 534 2474 abgehe.
587 2445 628 2449 -
680 2425 801 2466 erist„
828 2429 917 2472 gute
940 2423 1120 2466 llleinung
1143 2422 1318 2456 Anderer
1350 2434 1422 2457 von
1449 2422 1546 2467 ihm,
1582 2422 1700 2457 Ehre.

213 2496 257 2502 —
303 2475 347 2510 Si
383 2485 477 2518 ergo
511 2477 576 2515 est,
609 2485 725 2507 wenn
761 2472 824 2505 ich
856 2483 893 2505 es
930 2472 1009 2505 also
1036 2470 1208 2519 miiglich
1243 2470 1404 2504 macheu
1430 2471 1531 2504 kann
1558 2471 1582 2504 i.
1609 2483 1640 2505 e.
1668 2471 1701 2505 si

214 2535 308 2572 ergo
334 2529 390 2559 est
415 2522 515 2556 unde
540 2529 643 2564 utar;
674 2522 706 2555 si
743 2526 946 2569 argentum
979 2520 1077 2554 mihi
1111 2519 1337 2564 suppetierit
1371 2520 1412 2553 in
1437 2526 1607 2566 sumptus
1635 2519 1700 2553 iti-

213 2572 327 2607 neris.
359 2570 575 2606 GRONOV.
599 2570 786 2604 GRAEV.
815 2573 866 2602 est
890 2583 939 2600 z
965 2565 1052 2611 ἔστι,
1075 2579 1112 2601 es
1139 2568 1230 2601 l'asst
1254 2567 1337 2601 sich
1363 2567 1473 2603 thun.
1526 2568 1564 2603 S.
1592 2569 1700 2602 Butt-

212 2631 328 2654 mann
355 2620 386 2662 ξ.
414 2622 494 2656 137.
544 2619 714 2660 „Fuitne
738 2617 986 2663 simpliciter:
1021 2616 1085 2652 Sic
1109 2626 1202 2660 ergo
1228 2620 1301 2649 est.-
1329 2617 1409 2650 volo
1435 2618 1534 2652 cet?
1558 2616 1630 2649 Vul
1661 2628 1701 2649 a-

213 2675 291 2703 tam
327 2679 414 2702 cum
449 2667 646 2702 Gronovio
672 2665 886 2712 explicant:
921 2665 983 2708 „si
1015 2671 1147 2710 parata
1180 2664 1339 2711 pecunia
1367 2666 1461 2699 est.“
1505 2664 1635 2698 OREL
1670 2664 1700 2697 Ι.

214 2716 423 2751 Politische
449 2716 606 2750 Griinde
635 2715 792 2750 standen
817 2712 914 2748 auch
935 2713 990 2747 im
1016 2713 1152 2758 Wege.
1182 2733 1224 2738 --
1253 2713 1372 2753 „Sunt
1397 2713 1517 2747 omnia
1534 2712 1699 2755 facilio-

216 2766 297 2799 ra.“
347 2763 411 2799 Sic
437 2764 509 2798 Md.
537 2764 631 2799 Edd.
671 2770 756 2797 ante
783 2762 928 2803 hamb„
959 2767 1001 2795 ut
1034 2761 1128 2796 haec
1164 2760 1279 2795 obiici
1313 2761 1384 2795 sibi
1415 2761 1553 2810 fingat:
1588 2760 1700 2803 „Alia
