1795 3086
203 80 289 128 196
463 81 528 123 M.
558 78 615 123 Τ.
645 73 982 121 CICERONIS
1011 75 1384 122 EPISTOLAE.

196 195 474 250 Quamquam
503 196 553 233 tu
582 191 622 231 si
653 192 817 231 attente
845 188 989 243 leges,
1030 190 1069 229 si
1099 191 1300 245 saepius,
1340 205 1420 246 per
1447 196 1493 235 te
1520 193 1665 235 omnia

195 263 489 304 consequere,
518 252 568 288 ut
596 248 718 288 certe
747 245 984 299 intelligas.
1056 245 1119 286 Ut
1156 260 1264 288 vero
1303 249 1439 290 etiam
1466 249 1552 304 ipsi
1583 251 1665 291 tihi

196 309 309 359 loci,
341 305 570 359 proposita
598 303 874 358 quaestione,
905 305 1165 354 occurrant,
1205 304 1531 346 exercitatione
1561 319 1664 346 con-

194 375 390 417 sequere.
447 360 500 400 In
529 372 615 414 qua
641 358 819 412 quidem
849 370 927 397 nos
961 361 1006 397 te
1033 359 1380 412 continebimus,
1409 360 1450 400 si
1479 366 1523 402 ct
1551 362 1662 402 salvi

190 418 455 459 redierimus
496 419 540 455 ot
586 414 708 456 salva
756 414 841 454 ista
887 412 1218 457 offenderimus.
1285 429 1326 457 v.
1369 416 1470 458 Kal.
1499 416 1661 457 Sextii.

187 472 381 528 Rhegio.

349 633 663 681 EPISTOLA
705 632 1011 676 DCCLVIII.
1069 635 1148 688 (ad
1188 635 1290 676 Div.
1325 635 1413 678 XI.
1441 635 1502 683 3.)

395 715 473 746 Ser.
501 711 600 757 prid.
626 711 723 745 Non.
757 709 854 744 sext.
880 712 921 743 Λ,
950 711 997 747 U.
1025 712 1068 747 c,
1096 713 1181 749 710.
1231 714 1286 752 (a.
1314 713 1354 745 e.
1381 713 1456 754 44.)

187 780 475 818 contumeliosis
501 785 539 812 et
564 778 775 812 minacibus
810 777 959 811 Antonii
994 777 1116 811 literis
1149 779 1205 812 M.
1238 779 1364 812 Iunius
1395 781 1530 813 Brutus
1557 785 1594 812 et
1621 779 1664 814 C.

458 827 606 861 Cassius
630 827 823 872 Longinus
862 826 1015 859 fortiter
1041 827 1274 872 respondent.
1308 829 1395 861 1-11.

295 900 488 935 BRUTUS
512 900 577 934 ET
603 898 795 935 CASSIUS
820 897 1032 935 PRAETT.
1060 897 1097 931 S.
1124 899 1169 933 D.
1196 899 1423 932 ANTONIO
1450 898 1553 934 COS.

295 968 339 1009 S.
371 967 428 1007 V.
459 967 510 1008 B.
540 967 594 1008 E.
652 966 832 1007 Literas
870 970 969 1006 tuas
1008 965 1195 1019 legimus
1232 967 1487 1006 simillimas
1526 965 1664 1006 edicti

184 1023 275 1076 tui,
313 1023 682 1076 contumeliosas,
722 1024 942 1074 minaces,
984 1024 1168 1063 minime
1209 1023 1393 1077 dignas,
1431 1035 1541 1075 quae
1569 1035 1595 1062 a
1623 1025 1667 1060 tc

184 1079 311 1119 nobis
341 1081 639 1120 mitterentur.
698 1077 817 1129 Nos,
847 1077 1037 1127 Antoni,
1065 1082 1113 1118 te
1141 1079 1263 1118 nulla
1294 1077 1570 1119 lacessiimus
1599 1077 1664 1116 in-

183 1135 300 1175 iuria
348 1147 487 1188 neque
530 1134 795 1174 miraturum
844 1132 1143 1184 credidimus,
1191 1135 1230 1173 si
1271 1138 1495 1187 praetores
1533 1136 1574 1172 et
1613 1144 1662 1171 ea

185 1190 405 1244 dignitate
436 1188 638 1230 homines
668 1188 842 1243 aliquid
874 1189 1023 1229 edicto
1053 1189 1397 1243 postulassemus
1419 1201 1446 1228 a
1469 1188 1663 1229 consule..

186 1246 322 1295 Quod
351 1246 388 1286 si
418 1245 670 1299 indignaris
700 1258 830 1285 ausos
852 1256 959 1286 ‘esse
998 1244 1045 1284 id
1086 1245 1258 1295 facere,
1301 1244 1494 1285 concede
1524 1244 1665 1295 nobis,

184 1306 234 1342 ut
261 1301 489 1343 doleamus
518 1314 572 1342 ne
601 1300 689 1341 hoc
718 1300 896 1355 quidem
927 1300 1003 1340 abs
1035 1304 1079 1341 te
1098 1300 1240 1341 Bruto
1262 1305 1305 1341 et
1327 1300 1484 1341 Cassio
1512 1299 1664 1340 tribui.

121 1357 149 1397 2
185 1356 302 1398 Nam
331 1357 387 1400 de
418 1356 658 1397 dolentibus
688 1356 852 1399 habitis
883 1359 927 1396 et
955 1356 1154 1410 pecuniis
1194 1356 1450 1411 imperatis,
1490 1356 1665 1395 exerci-

185 1414 302 1454 tibus
341 1412 605 1454 sollicitatis
644 1416 687 1454 et
725 1412 890 1454 nuntiis
934 1415 1058 1453 trans
1102 1425 1223 1453 mare
1271 1412 1420 1453 missis
1465 1411 1580 1465 quod
1620 1415 1663 1451 te

186 1578 286 1601 usum
312 1567 588 1601 desiderarentz
622 1571 779 1608 contra,
806 1565 962 1611 plurimi
989 1576 1102 1611 quum
1129 1565 1221 1606 sint,
1248 1563 1445 1598 doctorem
1471 1563 1663 1597 nibilomie

186 1628 254 1650 nus
281 1626 527 1660 nonnunquam
552 1615 775 1656 desiderari,
800 1614 940 1648 mirum
967 1626 1052 1647 sune
1072 1613 1190 1646 videri
1220 1619 1379 1658 poterat.
1430 1613 1577 1646 ln‘Md.
1604 1623 1665 1645 mv

185 1671 262 1698 tem
289 1665 453 1698 lectione
478 1674 550 1697 non
576 1664 795 1708 absorptum
822 1669 877 1696 est
913 1663 958 1696 ab
991 1662 1134 1696 ultimis
1170 1662 1287 1694 literis
1322 1673 1353 1694 v.
1390 1666 1531 1701 tamen5
1563 1672 1665 1704 qnam

184 1723 253 1759 per
279 1712 550 1758 compendium
575 1712 756 1757 scriptum
784 1711 880 1744 abiit
905 1712 945 1744 in
973 1722 1048 1755 que.
1076 1709 1271 1744 ORELLI.
1294 1727 1337 1734 —
1363 1719 1430 1752 per
1448 1713 1491 1749 te,
1519 1709 1667 1742 etiamsi

184 1761 380 1794 doctorem
406 1773 481 1794 uon
507 1761 657 1794 habeas.
684 1779 729 1785 —
769 1760 863 1799 loci,
899 1760 959 1792 die
986 1758 1272 1803 Gemeinpla'tze
1299 1757 1471 1799 (mittelst
1496 1757 1665 1789 welcher

185 1821 271 1844 man
299 1809 359 1843 bei
384 1808 491 1843 ieder
523 1808 767 1854 vorgelegten
799 1808 922 1852 Frage
955 1808 1024 1841 mit
1061 1806 1311 1840 Probabilitzit
1344 1805 1382 1837 in
1418 1805 1666 1850 Syllogismen

187 1857 398 1903 disputiren
425 1858 580 1900 konne).
607 1876 651 1882 -—
682 1868 788 1901 prop.
815 1860 978 1899 quaest„
1016 1866 1126 1887 wnnn
1152 1855 1236 1887 eine
1268 1853 1496 1898 streitfruge
1532 1864 1667 1898 vorge-

186 1906 261 1950 legt
286 1906 345 1939 ist.
380 1924 424 1931 -
461 1909 497 1939 ee
528 1906 634 1939 salua
659 1905 734 1938 ista
767 1905 917 1947 offend,
952 1903 1031 1937 und
1055 1903 1152 1936 Alles
1179 1914 1219 1935 so
1244 1902 1463 1945 glstdzlich,
1501 1905 1573 1936 wie
1599 1901 1667 1934 wir

188 1965 227 1987 es
261 1954 483 1994 wunschen.
517 1955 555 1988 in
589 1955 688 1987 Rom
724 1953 911 1986 entreffen
950 1953 1101 1992 sollten3
1134 1949 1169 1983 d.
1196 1949 1219 1983 i‘.
1248 1961 1352 1983 wenn
1389 1949 1477 1981 kein
1503 1949 1667 1994 Biirger-

188 2001 298 2050 krieg
324 2002 415 2036 oder
442 2002 626 2047 sonstiges
644 2001 816 2046 Ungliick
843 2001 930 2034 dem
956 1999 1083 2034 Stante
1109 1997 1181 2031 und
1207 1999 1284 2033 Uns
1309 1997 1553 2040 widerfiihrt,
1578 2009 1667 2031 son-

187 2050 280 2083 dern
315 2050 376 2084 die
410 2050 483 2083 alte
518 2049 703 2096 Republik
737 2049 821 2083 sich
857 2049 996 2082 wieder
1028 2046 1205 2081 herstelu.
1241 2063 1285 2071 -—
1325 2044 1369 2079 1⁷.
1398 2045 1486 2080 Kal.
1518 2044 1665 2086 Sextii..

185 2110 247 2132 am
271 2099 329 2134 28.
358 2098 492 2136 lulius.

284 2168 315 2201 1.
349 2166 468 2200 edicto
501 2165 796 2209 postulassemus,
834 2163 955 2197 durch
986 2163 1096 2196 einen
1130 2161 1333 2195 flmtlichen
1367 2160 1554 2204 Auschlag
1586 2158 1668 2192 for-

188 2214 332 2249 derten.
381 2214 541 2249 Licebat
564 2214 668 2247 enim
692 2212 969 2257 magistratibus
993 2211 1038 2243 de
1065 2222 1131 2251 eo,
1157 2209 1253 2255 quod
1279 2209 1324 2240 ad
1342 2208 1513 2241 officium
1539 2218 1669 2240 eorum

187 2263 434 2309 pertinebat,
469 2261 633 2295 edicere.
689 2261 970 2295 Postulaverant
997 2265 1142 2297 autem,
1179 2257 1264 2302 quia
1299 2256 1394 2289 ultra
1419 2256 1550 2289 decem
1586 2255 1668 2288 dies

188 2317 312 2345 essent
336 2311 383 2344 ab
418 2310 513 2345 urbe
538 2309 701 2352 afuturi,
742 2315 783 2342 ut
818 2309 976 2342 Consule
1009 2308 1053 2340 ad
1087 2305 1266 2340 Senatum
1297 2305 1486 2338 referente
1519 2303 1669 2348 legibus

186 2360 437 2401 solverentur3
478 2357 573 2404 quod
600 2358 670 2391 nisi
698 2359 842 2390 factum
867 2362 983 2397 esset,
1021 2356 1118 2388 ultra
1151 2354 1280 2387 decem
1309 2353 1386 2386 dies
1412 2363 1569 2398 peregre
1591 2363 1670 2385 esse

190 2419 268 2441 non
293 2414 477 2454 poterant.
506 2406 669 2452 Philipp.
697 2406 747 2446 11,
776 2407 832 2440 13.
860 2403 1078 2438 GRONOV.
1129 2403 1235 2436 Diess
1261 2402 1365 2435 hatte
1391 2401 1462 2434 den
1490 2400 1671 2435 Antonius

191 2456 428 2499 verm-ossen,
455 2455 539 2488 weil
566 2454 647 2488 ihre
672 2452 791 2487 durch
817 2452 1065 2486 affentiichen
1089 2450 1279 2494 Anschlag
1306 2450 1469 2483 bekannt
1486 2447 1669 2492 gemach-

190 2511 229 2538 te
262 2505 478 2548 Forderung
510 2503 575 2536 ilm
606 2502 692 2535 dem
727 2501 919 2545 Argwohn
963 2501 1063 2534 bloss
1095 2500 1237 2541 stellte3
1278 2510 1317 2531 ei·
1350 2498 1457 2530 hatte
1497 2497 1667 2530 ‹lesshalb

189 2552 401 2601 gleichfalls
431 2551 550 2585 durch
583 2550 689 2584 einen
720 2549 963 2583 &ffentlichen
997 2547 1183 2592 Auschlag
1220 2547 1336 2579 voller
1370 2544 1669 2588 Schmiihungen

190 2600 269 2635 und
303 2600 538 2644 Drohungen
574 2598 650 2632 und
689 2598 809 2631 durch
842 2598 902 2630 ein
935 2598 1105 2642 gleiches
1136 2596 1341 2630 Schreiben
1373 2594 1505 2628 darauf
1536 2597 1669 2640 geant-

189 2654 340 2684 wortet.
392 2650 500 2681 Dicss
527 2648 574 2681 ist
601 2647 665 2680 das
692 2657 736 2681 zu
763 2648 909 2690 Anfang
935 2645 1128 2680 erwiihnte
1154 2645 1323 2677 edictum.

223 2712 230 2713 ’
285 2697 319 2732 2.
346 2696 540 2729 delectzbus
565 2695 726 2729 militum
753 2706 772 2727 a
796 2695 900 2729 nobis
926 2693 1075 2728 habitis.
1101 2711 1144 2717 ——
1171 2692 1307 2726 nuntiis*
1333 2695 1438 2725 {rans
1461 2698 1564 2722 mare
1589 2687 1669 2720 mis-

188 2748 239 2779 sis
266 2746 311 2780 ad
338 2744 595 2780 sollicitandos
619 2742 825 2783 exercitus,
860 2744 1078 2789 praesertim
1104 2752 1164 2776 sex
1183 2741 1359 2784 'legiones
1387 2736 1668 2778 Macedonicas,
