1795 3086
541 107 852 151 EPISTOLA
888 108 1153 153 DCXCIII.
1534 108 1591 156 Gl

111 221 264 273 rifice,
304 219 425 275 quod
464 218 523 260 ad
565 231 634 259 me
675 217 861 271 attinet,
902 234 961 262 ex
1002 222 1142 277 ipsius
1173 221 1320 263 literis
1349 222 1593 276 cognosces

110 303 163 308 —
193 276 296 318 misi
336 276 453 317 enim
492 275 577 315 tibi
615 275 871 328 exemplum
909 299 964 305 ·-—
1001 292 1133 331 quam
1174 279 1417 329 dissolute,
1460 292 1593 332 quam

110 333 305 385 turpiter
334 344 551 386 quamque
592 329 657 370 ita
685 330 958 384 perniciose,
999 338 1047 373 ut
1076 347 1388 389 nonnunquam
1427 333 1595 375 Caesar

110 388 432 430 desiderandus
475 399 570 427 esse
609 385 846 436 videatur,
897 385 1036 427 facile
1079 390 1376 432 existimabis.
1465 389 1594 439 Quae

110 446 229 486 enim
259 444 426 485 Caesar
454 454 679 496 nunquam
709 455 851 496 neque
880 441 1063 483 fecisset
1106 457 1248 498 neque
1277 459 1430 500 passus
1459 450 1592 494 esset,

110 514 163 542 ea
192 513 308 540 nunc
349 511 407 539 ex
448 497 577 539 falsis
620 496 715 538 eius
756 497 1090 539 commentariis
1131 501 1435 553 proferuntur.
1492 501 1594 555 Ego

109 561 256 597 autem
276 553 470 595 Antonio
501 552 766 594 facillimum
786 568 855 595 me
876 554 1076 609 praebui.
1135 554 1314 597 Etenim
1336 558 1423 608 ille,
1453 570 1593 611 quon-

111 612 198 652 iam
238 611 372 651 semel
413 609 596 650 induxit
635 608 827 650 animum
867 610 955 651 sibi
987 609 1128 650 licere
1171 612 1292 665 quod
1332 613 1486 664 vellet,
1527 611 1592 653 fe-

109 668 246 709 cisset
284 665 429 706 nihilo
468 666 614 706 minus
652 677 723 705 me
763 666 920 707 invito.
992 665 1151 722 Itaque
1188 680 1384 708 mearum
1414 681 1592 722 quoque

110 723 339 764 literarum
371 720 474 762 misi
504 720 586 762 tibi
617 721 880 776 exemplum.

824 834 876 875 A.

364 912 617 948 ANTONIUS
646 912 839 948 CONSUL
866 913 902 949 S.
928 915 972 949 D.
1000 916 1049 950 M.
1077 914 1326 951 CICERONI.

218 1002 603 1056 Occupationibus
643 1006 711 1043 est
751 1001 920 1044 factum
957 1002 1070 1046 meis
1110 1004 1156 1043 et
1195 1002 1345 1045 subita
1382 1006 1460 1045 tua
1489 1017 1591 1058 pro-

109 1059 319 1108 fectione,
363 1071 418 1099 ne
448 1062 594 1099 tecum
625 1071 775 1099 coram
805 1058 860 1101 de
891 1059 978 1101 hac
1022 1072 1070 1100 re
1108 1071 1299 1112 agerem.
1360 1058 1506 1110 Quam
1536 1061 1592 1101 ob

107 1129 284 1157 causam
313 1127 488 1166 vereor,
518 1127 573 1154 ne
603 1114 803 1155 absentia
832 1128 930 1156 mea
958 1114 1106 1157 levior
1133 1114 1194 1156 sit
1215 1115 1333 1168 apud
1357 1120 1414 1156 te.
1455 1115 1591 1166 Quod

108 1171 148 1212 si
177 1170 353 1213 bonitas
384 1176 462 1212 tua
490 1169 772 1223 responderit
800 1170 972 1212 iudicio
1002 1184 1117 1222 meo,
1158 1169 1280 1224 quod
1309 1184 1483 1225 semper
1510 1170 1590 1212 ha-

107 1228 182 1268 bui
222 1227 278 1267 de
308 1230 376 1277 te,
417 1225 632 1280 gaudebo.
702 1224 742 1266 A
771 1225 964 1268 Caesare
994 1226 1121 1280 petii,
1163 1230 1212 1266 ut
1241 1225 1347 1268 Sex.
1377 1226 1590 1268 Clodium

106 1282 388 1324 restitueret:
428 1281 681 1336 impetravi.
750 1281 866 1323 Erat
903 1281 1018 1322 mihi
1056 1283 1104 1322 in
1143 1282 1293 1323 animo
1332 1284 1468 1324 etiam
1498 1287 1592 1324 tum

105 1340 173 1381 sic
201 1338 268 1380 uti
297 1337 518 1379 beneficio
548 1337 659 1388 eius,
689 1337 728 1377 si
758 1341 806 1377 tu
836 1337 1149 1379 concessisses.
1219 1336 1322 1387 Quo
1353 1337 1497 1392 magis
1527 1339 1590 1379 la-

105 1396 241 1446 boro,
284 1398 336 1434 ut
377 1396 455 1434 tua
492 1393 726 1434 voluntate
766 1391 815 1433 id
854 1407 936 1448 per
975 1407 1045 1435 me
1086 1392 1238 1435 facere
1278 1407 1397 1435 nunc
1437 1394 1589 1435 liceat.

104 1450 240 1501 Quod
286 1450 325 1491 si
362 1449 593 1490 duriorem
631 1452 676 1490 te
715 1448 810 1490 eius
840 1450 1032 1491 miserae
1071 1453 1118 1490 et
1145 1448 1350 1492 afflictae
1379 1449 1589 1492 fortunae

105 1507 317 1561 praebes,
365 1518 455 1546 non
494 1504 760 1546 contendam
800 1519 883 1559 ego
926 1506 1138 1547 adversus
1174 1510 1232 1548 te.
1306 1506 1589 1561 Quamquam

105 1562 264 1605 videor
293 1561 452 1602 debere
481 1560 598 1601 tueri
621 1562 987 1603 commentarium
1010 1561 1232 1603 Caesaris.
1291 1562 1382 1604 Sed
1410 1561 1587 1603 meher-

106 1618 233 1670 cule,
272 1616 312 1658 si
340 1616 597 1657 humaniter
634 1620 679 1656 et
707 1615 935 1671 sapienter
976 1621 1021 1659 et
1046 1617 1305 1659 amabiliter
1333 1619 1380 1659 in
1410 1631 1482 1659 me
1512 1632 1588 1659 co-

106 1675 250 1729 gitare
288 1673 381 1725 vis,
431 1671 614 1713 facilem
652 1672 858 1726 profecto
894 1677 939 1714 te
979 1673 1232 1729 praebebis:
1284 1678 1330 1715 et
1367 1675 1495 1716 voles
1534 1674 1587 1715 P.

104 1729 342 1779 Clodium,
383 1728 552 1783 optima
589 1727 636 1768 in
676 1741 753 1782 spe
790 1742 974 1783 puerum
1015 1730 1284 1784 repositum,
1325 1730 1588 1772 existimare

102 1861 284 1896 ‹1=·iicken.
337 1876 380 1882 —
446 1858 646 1902 exemplum
696 1857 779 1891 scil.
814 1870 898 1903 app.
932 1859 975 1892 A.
1027 1879 1069 1886 —
1128 1871 1304 1905 quamque
1352 1861 1585 1905 perniciose:

104 1911 173 1951 ila,
208 1912 248 1942 ut
280 1908 362 1941 Asc.
396 1918 454 1952 pr.
492 1917 565 1940 om.
598 1907 651 1939 ita
690 1906 775 1940 Asc.
815 1918 889 1941 sec.
929 1907 1031 1941 Crat.
1076 1909 1171 1941 Man.
1210 1908 1337 1942 Lamb.
1389 1909 1586 1943 ORELLI.

106 1978 147 1984 —
174 1956 287 1991 desid.
313 1953 732 1990 zuriickzuwiinschen.
785 1975 829 1981 —
881 1955 999 1995 exist„
1025 1955 1136 1990 wirst
1161 1957 1220 1991 Du
1246 1956 1365 1991 leicht
1392 1957 1586 1992 erachten.

105 2025 146 2030 —
175 2016 218 2039 ea
245 2030 253 2038 .
285 2029 292 2037 .
320 2028 327 2035 .
354 2004 514 2047 profer„
555 2002 618 2035 das
643 2002 745 2036 wird
778 2002 871 2036 iotzt
907 2015 972 2036 aus
997 2004 1376 2051 untergeschobenen
1403 2006 1587 2051 Papieren

104 2055 157 2089 als
185 2053 266 2087 sein
291 2051 421 2087 Wille
447 2050 680 2097 aufgestellt.
733 2051 831 2084 Nam
857 2051 897 2085 in
923 2053 1209 2086 commentariis
1235 2053 1405 2087 Caesaris
1439 2054 1587 2088 delebat

104 2109 142 2137 et
167 2101 372 2146 reponebat
396 2100 579 2133 Antonius
605 2099 791 2132 arbitratu
817 2110 896 2140 suo,
934 2111 1049 2145 quum
1086 2100 1127 2133 in
1161 2111 1203 2134 eo
1231 2101 1270 2144 Q.
1296 2101 1447 2135 Faberii
1473 2114 1586 2136 manu

104 2150 249 2185 scribae
299 2148 468 2182 Caesaris
514 2153 700 2181 uteretur.
752 2146 836 2180 Vid.
879 2148 1036 2193 Appian.
1077 2148 1123 2182 de
1164 2150 1204 2183 B.
1242 2149 1323 2184 Civ.
1366 2150 1470 2183 Libr.
1513 2151 1582 2185 III.

105 2198 306 2232 MANUT.
348 2216 390 2220 —
432 2197 578 2240 facist,
604 2195 694 2229 sehr
718 2194 895 2243 gefallig.
942 2213 990 2221 —
1039 2195 1183 2230 induxit
1208 2209 1285 2239 an„
1319 2197 1420 2232 sichs
1445 2198 1486 2232 in
1512 2199 1585 2233 den

102 2247 205 2292 Kopf
227 2250 373 2293 gesetzt
396 2244 473 2278 hat.
499 2263 546 2269 —-
570 2254 625 2277 me
648 2244 774 2287 inrito,
801 2243 902 2278 ohne
927 2244 1052 2279 meine
1072 2245 1373 2294 Einwilligung.
1401 2266 1445 2271 -
1472 2257 1583 2282 mear.

102 2295 196 2329 liter.
223 2295 372 2338 exempl.
400 2304 484 2338 app.
511 2293 551 2326 B.

201 2345 232 2376 1.
266 2352 334 2375 non
358 2352 487 2374 vereor
521 2341 639 2374 Henr.
667 2338 799 2386 steph.
829 2351 928 2385 susp.
964 2341 1070 2386 prob.
1097 2341 1273 2377 Weiske.
1313 2336 1509 2377 ORELLI.
1538 2363 1579 2369 -

103 2391 231 2431 levior,
258 2389 511 2437 nachtheilig.
540 2407 583 2411 —
612 2399 719 2431 resp„
746 2388 1011 2433 entspmchen,
1039 2390 1281 2437 besriedigen
1307 2391 1435 2424 sollte.

198 2439 230 2473 2.
257 2438 299 2470 id
322 2437 412 2471 milzi
438 2436 564 2470 Lamb.
593 2456 636 2461 —
662 2436 861 2476 duriorem,
886 2437 978 2471 sehr
1002 2438 1239 2486 hartherzig.
1266 2457 1307 2461 —
1329 2439 1495 2481 praebes.
1522 2440 1581 2472 An

102 2486 316 2530 praebebis?
346 2485 540 2519 ORELLI.
592 2484 629 2518 S.
658 2484 792 2517 iedoch
820 2485 971 2519 Ramsh.
999 2485 1026 2528 §.
1054 2488 1132 2522 164.
1160 2487 1271 2520 Anm.
1298 2488 1330 2520 5.
1360 2505 1401 2510 -
1453 2498 1579 2520 comm.

106 2534 294 2575 Caesaris,
329 2534 433 2578 quasi
466 2534 535 2568 ille
561 2532 644 2566 Sex.
673 2532 847 2566 Clodium
882 2533 1012 2567 reduci
1046 2535 1230 2569 voluisset
1261 2534 1373 2578 idque
1407 2535 1447 2568 in
1480 2546 1581 2569 com-

102 2582 289 2616 mentario
315 2592 379 2615 suo
408 2582 633 2627 scripsisset.
661 2580 768 2614 SCH.
821 2599 864 2604 —
915 2582 1050 2625 optima
1086 2583 1124 2615 in
1158 2594 1233 2625 spe.
1285 2581 1349 2615 Sic
1375 2583 1503 2616 Lamb.
1541 2583 1580 2616 in

103 2630 214 2664 Curis
239 2640 310 2663 sec.
350 2640 368 2662 e
395 2629 457 2663 Cd.
483 2642 531 2659 2:
556 2630 593 2662 in
620 2628 759 2672 optima
786 2627 880 2662 Cett.
917 2630 1113 2665 ORELLI.
1169 2629 1283 2673 Spem
1318 2631 1472 2672 fefellit,
1506 2643 1579 2665 non

102 2679 223 2712 solum
250 2677 370 2710 amori
398 2678 609 2711 meretricis
628 2676 913 2724 vulgatissimae
939 2679 1108 2722 turpiter
1122 2677 1286 2719 deditus3
1313 2690 1447 2712 verum
1463 2680 1577 2713 etiam

105 2725 358 2760 erubescendo
387 2726 518 2759 mortis
551 2736 690 2772 genere
716 2724 943 2769 absumptus.
996 2725 1202 2758 Abdomine
1233 2726 1334 2759 enim
1370 2727 1477 2761 avide
1514 2728 1577 2761 de-

103 2780 232 2809 vox-ato
259 2772 390 2807 foedae
429 2785 470 2806 ac
498 2773 669 2807 sordidae
705 2772 1018 2817 intemperantiae
1055 2773 1232 2818 spiritum
1268 2774 1443 2812 reddidit.
1497 2776 1575 2810 vid.

1628 1229 1655 1268 2
