1795 3086
239 35 336 85 280
528 40 590 82 Μ.
621 40 678 81 Τ.
709 37 1045 83 CICERONIS
1071 34 1462 85 EPISTOLAE..

179 153 206 193 2
243 153 292 193 ut
319 151 502 192 mortem
533 150 740 192 servituti
771 154 1048 206 anteponant.
1116 150 1276 207 Itaque
1314 151 1578 206 sapientius,
1619 167 1718 197 meo

242 207 425 262 quidem
455 206 640 259 iudicio,
670 206 826 261 facies,
865 207 905 249 si
934 212 981 249 te
1009 209 1053 248 in
1082 208 1214 250 istam
1245 209 1602 262 pacificationem
1631 223 1719 251 non
1743 242 1744 245 η

241 263 509 318 interpones,
539 275 653 316 quac
681 276 822 317 neque
853 265 1027 304 senatui
1058 277 1198 318 neque
1225 265 1391 318 populo
1410 277 1491 305 nec
1514 265 1720 320 cuiquam

240 319 355 357 bono
384 318 613 371 probatur.
673 318 761 359 Sed
792 319 904 360 haec
934 320 1091 362 audies
1122 333 1182 361 ex
1211 320 1311 360 aliis
1343 324 1418 360 aut
1441 321 1611 361 certior
1638 321 1720 362 fies

240 373 399 469 litgrliffi.
458 373 532 414 Tu
562 387 641 428 pro
672 378 745 415 tua
776 375 1038 429 prudentia,
1081 375 1191 431 quid
1230 375 1443 431 optimum
1484 374 1605 417 sactu
1645 378 1720 425 sit,

241 442 286 469 vi
322 441 344 469 e
378 441 429 469 is.

457 606 778 650 EPISTOLA
809 607 1043 650 DCCCII.
1103 608 1180 660 (ad
1211 608 1317 650 Div.
1349 608 1412 652 X.
1441 609 1502 660 8.)

360 680 442 716 ser.
469 682 509 715 in
535 682 716 729 Hispania
742 695 870 718 mense
896 682 1043 717 Martio.
1067 682 1112 718 A.
1138 683 1185 718 U.
1211 683 1252 717 c.
1278 685 1358 719 711.
1384 685 1433 727 (a.
1460 685 1499 720 c.
1525 685 1603 729 43.)

240 747 374 784 Causas
400 750 568 797 exponit,
592 760 661 783 cur
685 761 725 784 se
751 761 834 784 sero
862 749 1052 785 libertatis
1078 750 1321 786 defensorem
1347 751 1582 795 profiteatur,
1617 759 1653 788 et
1680 754 1726 788 de

489 798 659 834 exercitu
687 806 724 833 et
750 799 970 844 provinciae
997 806 1096 833 statu
1124 799 1326 844 significat.
1356 801 1474 834 1—7.

528 872 753 907 PLANCUS
788 874 886 907 IMP.
914 873 1015 909 COS.
1048 873 1144 909 DES
1179 875 1214 910 S.
1241 873 1285 907 D.
1312 871 1439 907 COSS.

577 935 750 968 PRAET.
778 934 904 969 TRIB.
938 935 1009 970 PL.
1037 934 1074 969 S.
1102 936 1142 970 P.
1176 936 1247 969 PL.
1276 934 1317 977 Q.
1344 935 1387 968 R.

350 999 400 1042 Si
430 1002 504 1043 cui
535 1001 654 1043 forte
682 1001 845 1044 videor
874 1002 1045 1044 diutius
1085 1006 1132 1044 et
1169 1002 1398 1044 hominum
1429 1004 1728 1058 exspectatio-

240 1068 340 1096 nem
379 1061 424 1097 et
459 1071 582 1111 spem
622 1059 691 1098 rei
740 1057 948 1111 publicae
996 1058 1053 1098 de
1106 1066 1205 1099 mea
1252 1059 1482 1099 voluntate
1529 1060 1728 1102 tenuisse

239 1124 523 1165 suspensam,
573 1112 680 1153 huic
730 1113 855 1167 prius
902 1114 1208 1155 excusandum
1258 1127 1329 1154 me
1377 1127 1473 1155 esse
1516 1116 1727 1167 arbitror,

241 1181 372 1220 quam
412 1168 468 1208 de
507 1169 762 1223 insequenti
802 1169 960 1211 officio
1002 1170 1247 1224 quidquam
1286 1169 1368 1210 ulli
1407 1170 1726 1224 pollicendum.

239 1221 343 1264 Non
375 1225 493 1264 enim
522 1226 812 1279 praeteritam
843 1227 1020 1280 culpam
1049 1226 1199 1267 videri
1227 1225 1330 1266 volo
1361 1226 1619 1279 redemisse,
1649 1228 1729 1269 sed

242 1280 434 1333 optimae
464 1282 625 1322 mentis
657 1283 855 1336 cogitata
883 1282 1148 1337 iampridem
1177 1286 1349 1322 maturo
1371 1285 1570 1335 tempore
1591 1297 1727 1324 enun-

177 1336 204 1376 2
242 1335 367 1376 tiare.
425 1334 530 1377 Non
568 1351 638 1378 me
677 1339 953 1391 praeteribat
992 1339 1038 1378 in
1077 1340 1203 1378 tanta
1247 1336 1551 1379 sollicitudine
1580 1338 1726 1379 homi-

240 1404 344 1431 num
382 1395 426 1433 et
463 1396 553 1433 tam
601 1394 862 1448 perturbato
912 1397 1031 1434 statu
1080 1393 1281 1434 civitatis
1325 1392 1730 1436 fructuosissimam

240 1460 336 1488 esse
356 1447 682 1501 professionem
702 1451 843 1490 bonae
861 1450 1129 1491 voluntatis:
1162 1462 1434 1504 magnosque
1456 1448 1648 1491 honores
1671 1466 1729 1492 ex

241 1516 294 1544 ea
323 1517 371 1544 re
402 1504 652 1559 complures
682 1509 944 1546 consecutos
972 1505 1196 1546 videbam.
1255 1503 1360 1550 Sed,
1389 1518 1523 1559 quum
1553 1506 1600 1545 in
1631 1520 1730 1548 eum

240 1571 394 1599 casum
423 1573 493 1600 me
523 1559 706 1602 fortuna
736 1561 1008 1613 demisisset,
1046 1564 1096 1602 ut
1125 1563 1202 1601 aut
1231 1560 1444 1601 celeriter
1472 1561 1732 1615 pollicendo

241 1628 403 1669 magna
442 1616 538 1670 ipse
587 1617 645 1658 ad
696 1616 1026 1673 proficiendum
1072 1615 1396 1672 impedimenta
1441 1630 1732 1672 opponerem3

243 1782 320 1805 esse
345 1783 466 1807 omnes
491 1783 610 1806 scenos.
647 1772 721 1806 ΟΒ.
781 1771 917 1806 Cicero
943 1770 1050 1806 hatte
1082 1784 1146 1806 aus
1170 1772 1241 1806 der
1265 1772 1638 1822 Vernachl'aissigung
1663 1775 1733 1810 der

244 1819 473 1869 schuldigen
498 1820 763 1856 Dankbarkeit
788 1831 914 1869 geg-en
939 1820 1013 1855 den
1041 1821 1157 1856 Senat
1181 1821 1382 1870 Argivohn
1408 1820 1621 1870 geschb'pft.

339 1871 374 1905 2.
400 1870 623 1914 interpones‚
650 1870 901 1918 eininengest‚
929 1869 1134 1905 einl‘fissest.

341 1936 589 1972 PLANCUS.
641 1935 678 1972 S.
707 1947 767 1982 ep.
794 1937 865 1972 434
897 1936 951 1970 im
974 1937 1066 1973 Ans.
1100 1936 1177 1971 und
1200 1937 1282 1973 800.
1337 1955 1379 1960 —
1429 1936 1468 1972 S.
1496 1935 1545 1973 D.
1579 1936 1733 1974 entbeut

245 1984 374 2019 seinen
400 1985 531 2020 Gruss.

342 2035 374 2067 1.
427 2034 581 2067 tenuisse
612 2044 722 2078 susp„
757 2034 797 2066 in
832 2032 1118 2082 Ungewissheit
1151 2031 1405 2081 hingebalten
1440 2045 1488 2066 zu
1521 2033 1658 2069 haben.
1687 2053 1730 2061 -

246 2081 440 2115 excusanti.
466 2093 521 2114 me
548 2093 634 2122 esse,
662 2081 768 2115 mich
795 2094 922 2116 ausser
947 2080 1095 2115 Schuld
1121 2088 1247 2116 setzen
1272 2093 1323 2114 zu
1349 2083 1509 2114 iniissen.
1536 2102 1579 2107 —
1609 2083 1651 2116 de
1676 2083 1733 2117 in-

244 2140 318 2173 seq.
346 2130 463 2172 offic„
488 2131 584 2164 iiber
609 2131 734 2164 meine
761 2130 967 2177 kiinftigen
984 2129 1154 2163 Dienste.
1169 2132 1359 2174 —1praeL
1378 2129 1520 2172 culpam
1539 2131 1733 2165 redemisse

245 2177 284 2211 h.
312 2188 342 2210 e.
370 2183 478 2211 antea
503 2190 564 2212 me
589 2190 773 2224 peccasse,
813 2185 851 2212 et
885 2188 986 2210 nuno
1011 2177 1143 2210 venire
1178 2177 1340 2221 petitum
1367 2177 1516 2210 veniam
1543 2189 1615 2224 pro
1642 2190 1733 2224 pec-

245 2231 344 2268 cato,
370 2226 424 2259 als
450 2226 498 2260 ob
520 2226 587 2260 ich
613 2227 696 2260 eine
721 2226 883 2260 friihere
909 2224 1055 2259 Schuld
1080 2225 1309 2259 abzubiissen
1334 2223 1453 2259 hatte.
1483 2244 1527 2250 —
1563 2228 1732 2269 cogitata
1794 2247 1795 2259 η

244 2273 322 2307 iam
344 2274 502 2318 pridem,
539 2274 601 2307 die
626 2275 752 2321 l'angst
778 2274 972 2322 gehegten
997 2272 1206 2306 Gedanken
1243 2272 1307 2307 des
1342 2271 1480 2307 hb‘chst
1504 2275 1732 2319 patriotisch
1790 2294 1791 2297 =

245 2322 448 2367 gesinnten
472 2323 655 2365 Herzens,
684 2321 884 2356 Gemiiths.
915 2340 956 2345 —
984 2325 1121 2355 maturo
1148 2325 1272 2366 temp„
1299 2321 1344 2354 da
1369 2333 1407 2355 es
1433 2322 1536 2356 noch
1559 2324 1647 2358 Zeit
1670 2324 1731 2359 ist.

247 2389 291 2395 —
320 2370 520 2411 enuntiare,
546 2369 748 2404 ‘offentlich
775 2368 1046 2414 aussprechcn.

342 2421 376 2454 2.
409 2419 571 2463 profess.
599 2419 680 2451 bon.
706 2419 792 2457 vol„
818 2418 879 2452 die
904 2417 1129 2464 Erkl'arung
1154 2416 1262 2450 einer
1287 2417 1564 2462 patr-lotischen
1590 2419 1729 2453 Gesin-

247 2478 364 2515 nung.
415 2487 458 2493 —
509 2468 546 2501 in
574 2478 653 2500 eum
677 2477 800 2500 casum
828 2492 836 2500 .
865 2491 872 2498 .
899 2466 1043 2507 demis„
1076 2464 1183 2498 mich
1210 2465 1248 2497 in
1276 2465 1337 2499 (lie
1363 2467 1640 2512 Verlegenheit
1665 2480 1731 2516 ge—

247 2518 370 2548 stiirzt
397 2515 512 2549 hatte.
554 2535 595 2541 —-
640 2519 677 2548 ut
705 2540 712 2548 .
742 2540 749 2547 .
780 2541 787 2548 .
815 2525 1051 2561 opponerem,
1085 2514 1167 2547 dass
1202 2513 1267 2547 ich
1303 2514 1425 2548 durch
1453 2516 1515 2549 ein
1540 2516 1733 2550 vorlautes

247 2563 442 2596 Erkl'a'ren
478 2563 570 2597 oder
603 2562 868 2607 Versprechen
908 2562 985 2595 mir
1019 2573 1150 2609 grosse
1188 2561 1538 2609 Schwierigkeiten
1571 2564 1631 2598 bei
1663 2563 1733 2597 der

248 2611 500 2659 Ausfiihruug
534 2616 853 2659 entgegcnsetztc.
906 2612 1050 2655 Nempe
1085 2623 1106 2644 a
1131 2610 1288 2655 Lepidm
1322 2612 1428 2645 cuius
1458 2612 1623 2645 animum
1658 2623 1734 2646 non

249 2659 338 2693 satis
374 2667 494 2694 norat.
532 2660 638 2694 SCH.
693 2659 755 2693 Sic
789 2659 938 2703 scripsi.
977 2669 1116 2700 magna
1143 2658 1181 2691 in
1205 2670 1266 2702 spe
1292 2660 1340 2691 (ια’
1361 2659 1624 2703 proficiendum
1648 2660 1732 2704 imp.
1780 2670 1787 2672 ⁷

250 2707 313 2742 Md
354 2708 462 2743 Crat.
497 2708 584 2742 Vict
633 2710 663 2742 1.
692 2710 722 2744 2.
763 2707 897 2742 Graev.
933 2708 1068 2742 Bened.
1105 2718 1239 2750 magno
1281 2708 1369 2742 milti
1406 2709 1485 2755 ipse
1519 2709 1564 2743 de
1598 2708 1734 2743 Rutilii
