1795 3086
1367 0 1795 21 t—

218 87 281 133 90
489 87 554 132 Μ.
585 89 643 132 Τ.
678 88 1015 136 CICERONIS
1045 93 1417 139 EPISTOLAE.

215 198 446 254 Exspecto
475 200 660 243 Octavii
688 201 969 257 concionem,
1007 209 1079 258 et,
1111 207 1151 247 si
1180 207 1286 262 quid
1315 207 1464 258 aliud3
1504 210 1692 251 maxime

215 259 386 306 autem,
426 257 592 311 ecquid
633 257 869 302 Dolabella
905 260 1090 313 tinniat,
1129 275 1182 304 an
1221 263 1266 304 in
1295 276 1393 305 meo
1422 265 1596 308 nomine
1625 270 1690 308 ta2

214 311 342 355 bulas
371 323 510 355 novas
539 312 716 356 fecerit.
1362 343 1364 347 «

401 503 719 548 EPISTOLA
749 506 961 549 DCCVI.
1019 507 1099 559 (ad
1128 510 1217 552 Att.
1247 511 1379 554 XIV.
1408 513 1495 562 22.)

367 579 449 616 scr.
475 580 516 614 in
540 581 749 615 Puteolano
775 580 830 616 Id.
857 582 951 617 Mai.
977 585 1017 616 A.
1046 583 1088 618 U.
1116 585 1156 620 o.
1184 587 1261 639 71⁰·
1311 585 1360 626 (a.
1387 588 1426 620 c.
1452 587 1530 630 44.)

207 647 351 684 Scribit
383 661 422 685 se
453 660 539 684 mox
572 648 750 694 Arpinum
777 649 1024 685 discessurum
1049 651 1312 698 significatque
1347 654 1586 698 Caesarianos
1611 656 1683 688 oti-2

520 708 585 732 um
610 698 743 731 timere
769 703 806 730 et
830 698 877 731 ad
903 699 1042 733 bellum
1068 706 1249 746 spectare.
1282 704 1374 740 1-2.

719 771 904 806 CICERO
928 772 1115 809 ATTICO
1142 772 1178 807 S.

314 838 503 881 Certior
531 851 556 878 a
584 837 711 879 Pilia
739 837 884 880 factus
913 840 1032 882 mitti
1062 840 1119 881 ad
1150 843 1192 881 te
1220 841 1375 882 Idibus
1404 841 1681 892 tabellarios⁷

201 893 353 937 statim
380 893 473 937 hoc
501 895 653 935 nescio
682 895 790 949 quid
820 897 1011 938 exaravi.
1083 897 1286 938 Primum
1325 897 1466 951 igitur
1493 898 1610 938 scire
1636 901 1680 938 te
1782 907 1786 984 p

198 950 325 992 volui
354 963 431 993 me
457 950 568 991 hinc
595 951 811 1005 Arpinum
839 965 923 994 xw.
954 951 1145 994 Kalend.
1176 953 1271 994 Iun.
1328 953 1398 994 Eo
1420 954 1560 1007 igitur
1578 953 1680 994 mit-
1780 982 1793 1010 Η

198 1009 290 1059 tes,
331 1008 370 1048 si
409 1006 525 1061 quid
564 1007 653 1048 erit
690 1007 899 1061 posthac:
940 1021 1202 1063 quamquam
1240 1009 1337 1063 ipse
1373 1009 1463 1050 iam
1501 1009 1678 1063 iamque
1791 1014 1793 1019 '

196 1062 349 1105 adero.
416 1062 570 1118 flCupio
610 1063 727 1103 enim
765 1068 892 1117 ante,
937 1077 1069 1119 quam
1098 1063 1285 1105 Romam
1313 1065 1467 1116 venio,
1498 1064 1679 1106 odorari

196 1118 491 1172 diligentius,
523 1118 632 1172 quid
661 1118 858 1160 futurum
887 1119 960 1161 sit.
1021 1119 1297 1175 Quamquam
1324 1133 1506 1172 vereor,
1535 1133 1589 1160 ne
1613 1120 1680 1160 ni-

195 1172 261 1213 hil
291 1174 556 1214 coniectura
579 1174 794 1214 aberrem.
853 1175 1041 1216 Minime
1061 1176 1178 1216 enim
1198 1177 1431 1217 obscurum
1453 1179 1541 1228 est,
1571 1175 1681 1230 quid

193 1228 275 1270 isti
304 1229 555 1270 moliantur
582 1253 636 1258 —
664 1243 788 1271 meus
815 1243 922 1273 vero
952 1231 1226 1285 discipulus,
1270 1231 1346 1285 qui
1385 1230 1520 1272 hodie
1560 1231 1678 1285 apud

193 1298 265 1326 me
294 1289 485 1338 coenat,
523 1284 658 1327 valde
688 1289 806 1327 amat
842 1287 994 1340 illum,
1033 1300 1163 1341 quem
1191 1287 1357 1328 Brutus
1385 1290 1537 1329 noster
1577 1300 1678 1328 sau-

193 1341 354 1382 ciavit:
377 1364 425 1372 —
458 1343 533 1393 ¹et,
562 1342 604 1381 si
631 1343 809 1396 quaeris
832 1366 882 1372 —
911 1342 1122 1397 perspexi
1145 1342 1263 1384 enim
1287 1342 1415 1396 plane
1436 1364 1489 1373 —
1518 1341 1678 1383 timent

192 1395 354 1438 otium:
390 1393 591 1437 ὑπόθεσιν
628 1401 773 1438 autem
812 1397 928 1439 hane
965 1398 1132 1440 habent
1169 1411 1354 1452 eamque
1392 1411 1498 1452 prae
1536 1410 1583 1439 se
1613 1397 1676 1439 fe-

193 1454 320 1504 runt,
363 1452 516 1492 virum
545 1451 844 1494 clarissimum
873 1454 1185 1506 interfectum,
1224 1458 1364 1495 totam
1401 1467 1493 1495 rem
1532 1454 1675 1508 publi-

190 1520 290 1548 cam
329 1507 457 1548 illius
495 1507 683 1550 interitu
722 1510 1056 1563 perturbatam;
1106 1509 1237 1550 irrita
1275 1508 1394 1561 sore,
1441 1522 1554 1563 quae
1591 1510 1674 1549 ille

188 1563 377 1617 egisset,
406 1563 542 1604 simul
571 1577 625 1606 ac
655 1564 924 1608 desistemus
955 1567 1135 1607 timere:
1166 1565 1446 1606 clementiam
1465 1565 1537 1605 illi
1559 1565 1675 1607 malo

186 1724 334 1763 castra,
366 1719 495 1763 „deun
519 1718 619 1754 Alles
645 1720 682 1754 in
709 1720 778 1755 der
802 1721 906 1756 Welt
929 1721 1051 1756 lieber
1082 1722 1133 1756 als
1167 1720 1267 1756 noch
1292 1721 1455 1755 einmahl
1480 1721 1532 1755 im
1555 1721 1675 1765 hager

186 1781 231 1803 zu
254 1768 442 1802 stehen!“
499 1768 636 1803 Cicero
663 1768 772 1804 hatte
798 1770 860 1804 das
885 1771 939 1804 im
962 1771 1084 1815 Lager
1110 1770 1172 1804 des
1199 1770 1399 1815 Pompeius
1423 1776 1496 1803 satt
1521 1769 1673 1802 bekom-

186 1828 288 1850 men.
315 1835 358 1841 —
388 1817 466 1851 Oct.
494 1827 592 1851 conc.
619 1817 655 1851 S.
682 1829 738 1863 ep.
765 1820 847 1860 704,
872 1819 904 1854 5.
937 1837 982 1844 -
1018 1820 1144 1863 ecquid
1172 1818 1257 1852 Dol.
1291 1818 1440 1859 tinniat,
1473 1817 1521 1850 ob
1555 1817 1672 1850 Dola-

187 1865 289 1899 bella
322 1865 421 1899 noch
458 1865 596 1900 Nichts
629 1865 800 1912 klingeln
831 1867 943 1910 lasse3
977 1867 1002 1900 i.
1030 1878 1061 1902 e.
1092 1879 1136 1901 an
1161 1866 1358 1913 pecuniam
1384 1864 1479 1899 mihi
1505 1865 1670 1898 debitam

186 1919 427 1956 annumeret,
455 1925 549 1958 quae
575 1914 716 1948 tinnire
744 1926 790 1949 ac
815 1927 948 1948 sonare
973 1915 1079 1949 solet.
1107 1914 1322 1950 GRONOV.
1348 1932 1395 1939 —
1427 1923 1472 1946 an
1500 1938 1509 1948 .
1539 1937 1547 1946 .
1575 1939 1584 1947 .
1602 1913 1669 1954 se-

184 1960 296 2005 cerit,
331 1961 419 1995 oder
445 1962 493 1994 ob
521 1973 583 2004 er,
619 1975 682 1997 um
707 1963 855 2004 rneiner
881 1963 1021 1997 Schuld
1047 1963 1103 1997 los
1137 1974 1180 1996 zu
1205 1962 1349 1995 werden
1375 1960 1473 2004 (sich
1498 1972 1546 1994 zu
1570 1961 1669 2006 erle-

184 2009 312 2054 digeu)
337 2021 433 2043 neue
460 2010 619 2045 Gesetze
644 2023 710 2045 zur
740 2011 1075 2055 Schulderlassung
1106 2009 1256 2044 erwirkt
1286 2010 1404 2052 habe3
1436 2021 1482 2042 an
1516 2009 1560 2041 de
1592 2007 1667 2041 hac

182 2057 343 2104 pecunia
369 2069 521 2091 mecum
547 2059 604 2094 sic
631 2066 741 2104 agat,
768 2060 870 2106 quasi
894 2071 1006 2093 novas
1033 2060 1180 2093 tabulas
1206 2059 1362 2101 fecerit,
1396 2058 1530 2104 quibus
1553 2068 1665 2103 pecu-

183 2105 267 2140 niae
293 2106 529 2140 creditorum
557 2108 799 2143 debitoribus
825 2108 1099 2144 condonantur.
1125 2107 1235 2142 SCH.

280 2175 315 2208 1.
341 2172 435 2207 lbid.
461 2174 580 2218 Mai„
614 2187 679 2209 am.
707 2177 762 2210 15.
789 2175 879 2209 Mai.
905 2193 953 2200 —
985 2173 1159 2215 exaravi,
1197 2173 1343 2219 scripsi.
1369 2190 1417 2197 —-
1450 2172 1558 2208 XVI.
1583 2173 1665 2207 Κα-

182 2222 275 2255 lend.
300 2221 405 2263 Iun„
432 2232 491 2254 am
524 2225 577 2257 17.
606 2224 701 2258 Mai.
751 2225 917 2268 Erganze
943 2224 1202 2268 profecturum
1228 2233 1318 2256 esse.
1343 2240 1390 2245 -—
1414 2220 1488 2254 iam
1512 2220 1663 2264 iamque,

182 2269 270 2303 bald
296 2269 406 2310 bald,
433 2269 469 2302 in
495 2270 678 2308 Kurzem.
705 2290 750 2297 —
785 2272 876 2305 enim
901 2284 950 2303 z
976 2268 1033 2313 δὲ,
1067 2270 1176 2304 doeh.
1212 2288 1255 2294 —
1292 2270 1380 2314 quid
1401 2268 1571 2311 futurum
1603 2268 1663 2309 sit,

182 2319 273 2350 Was
298 2328 366 2350 uns
393 2318 648 2353 bevorrstehen
673 2320 806 2354 werde.
832 2337 880 2344 —
904 2330 946 2352 ne
971 2319 1062 2353 nz‘lzil
1086 2317 1174 2352 coni.
1201 2318 1339 2360 aberr.‚
1366 2317 1446 2351 dass
1469 2316 1535 2350 ich
1561 2317 1663 2350 mich

179 2366 219 2400 in
244 2365 386 2399 meiner
403 2367 672 2412 Ver-muthung
695 2380 761 2413 gar
783 2367 893 2401 nicht
918 2368 1017 2400 irren
1046 2367 1185 2399 diirfte.
1211 2376 1255 2398 ne
1280 2376 1303 2399 a
1327 2366 1532 2399 coniectura
1558 2366 1661 2398 Crat.

179 2414 270 2448 sola.
299 2414 370 2448 cfr.
396 2415 512 2448 Hand
538 2415 585 2449 ad
619 2416 801 2460 IVopkens
825 2428 861 2461 p.
891 2417 969 2451 190.
999 2413 1195 2450 ORELLI.
1220 2431 1269 2438 --
1301 2413 1465 2455 Iliinime,
1490 2413 1574 2445 Asc.
1600 2424 1659 2458 pr.

179 2462 343 2496 Nemini.
380 2462 580 2500 ORELLI.
616 2482 661 2488 -—
704 2463 900 2508 discipulus
939 2464 1104 2505 Hirtius,
1143 2462 1231 2507 quia
1267 2462 1442 2495 utebatur
1482 2462 1661 2495 Cicerone

180 2511 413 2544 declamandi
445 2512 645 2557 magistro.
680 2512 787 2547 SCH.
822 2514 856 2546 S.
890 2524 946 2557 ep.
981 2513 1062 2547 471.
1101 2509 1261 2555 Philipp.
1295 2510 1326 2550 1,
1362 2511 1417 2544 15.
1442 2511 1527 2551 XII,
1551 2510 1585 2546 4.
1612 2526 1660 2533 --

180 2562 280 2592 amat
317 2559 448 2602 illum„
485 2563 694 2594 Caesarem.
727 2578 774 2584 --
806 2560 840 2594 si
873 2560 1034 2604 quaeris,
1067 2570 1176 2592 wenn
1207 2559 1267 2591 Du
1301 2569 1338 2591 es
1370 2558 1500 2591 wissen
1529 2557 1658 2600 willst5
1701 2596 1715 2604 ί

179 2607 250 2640 mit
276 2607 400 2641 einem
425 2608 579 2645 VVorte.
606 2609 641 2642 S.
667 2608 816 2642 Ramsh.
844 2610 873 2653 §.
903 2610 983 2650 190,
1009 2608 1115 2642 Anm.
1143 2609 1177 2641 l.
1206 2618 1237 2638 a.
1265 2624 1309 2631 --
1331 2605 1509 2650 perspexi.
1535 2605 1569 2638 S.
1597 2616 1658 2649 ep‚

182 2657 264 2696 707,
297 2657 334 2691 3.
370 2673 415 2682 --·
453 2653 714 2698 ὑπόθεσιν,
756 2662 1021 2700 argumentum
1056 2654 1259 2697 sermonis3
1302 2654 1389 2695 „ihr
1417 2654 1553 2697 ewiges
1586 2653 1658 2686 und

179 2703 295 2736 lantes
320 2703 521 2749 Gespra'ch
549 2705 660 2739 dreht
686 2704 769 2738 sich
793 2716 855 2738 um
881 2704 950 2738 den
977 2703 1144 2738 Punkt.“
1169 2722 1212 2728 —-
1239 2702 1393 2745 egisset,
1426 2702 1559 2745 gethan
1585 2701 1658 2734 und

181 2751 381 2787 verordnet
413 2755 520 2789 hatte
549 2769 597 2786 :.::
623 2754 699 2788 eius
733 2759 829 2788 acta.
862 2772 908 2778 —
940 2753 1171 2794 desistemus.
1205 2762 1273 2796 pro
1308 2762 1379 2797 quo
1411 2750 1659 2784 desisteremus
