1795 3086
485 20 798 64 EPISTOLA
830 20 1136 67 Dccxclll.
1476 19 1569 68 263

247 133 563 176 EPISTOLA
593 131 900 174 DCCXCIII.
961 131 1040 183 (ad
1070 132 1174 174 Div.
1204 131 1314 174 XII.
1346 133 1408 180 4.)

227 214 307 248 Sor.
336 214 475 248 Romae
501 223 629 247 mense
656 211 841 247 Ianuario.
868 212 911 245 A.
939 213 982 246 U.
1010 213 1051 247 C.
1079 214 1160 251 711.
1196 211 1248 254 (a.
1275 211 1316 246 C.
1344 211 1420 253 43.)

86 286 291 320 Antonium
319 298 404 320 cum
432 286 585 319 Caesare
621 284 868 318 interfectum
901 282 1001 316 haud
1032 285 1147 318 fuisse
1183 282 1365 328 queritur.
1418 282 1564 317 Deinde

86 335 132 369 de
161 341 310 369 senatus
338 340 376 368 ct
401 332 535 379 populi
568 332 717 372 animo,
751 331 798 366 de
822 331 959 378 legatis
994 331 1039 364 ad
1065 333 1272 366 Antonium
1308 337 1346 365 et
1379 331 1425 364 de
1451 330 1563 365 Dola-

326 382 450 416 bellae
473 386 608 416 conatu
634 380 786 426 Syriam
813 379 1022 424 occupandi
1049 380 1193 414 scribit.
1221 381 1324 415 1—2.

604 471 783 507 CICERO
820 470 988 505 CASSIO
1022 471 1058 505 S.

194 541 376 583 Vellem
406 540 563 582 Idibus
585 539 768 581 Martiis
798 553 869 580 me
898 540 955 581 ad
986 551 1170 580 coenam
1201 538 1464 581 invitasses:
1495 552 1563 579 re-

87 598 322 652 liquiarum
351 596 466 638 nihil
496 596 669 637 fuisset.
730 595 862 637 Nunc
891 610 960 636 me
991 592 1211 649 reliquiae
1230 599 1404 636 vestrae
1434 608 1565 635 exer-

88 657 203 703 cent,
232 657 275 693 et
304 652 485 707 quidem
515 656 695 707 praeter
723 656 895 693 eeteros
917 666 1000 691 me.
1058 650 1336 705 Quamquam
1357 651 1564 704 egregios

86 709 292 749 consules
332 709 571 758 habemus,
613 708 694 749 sed
720 706 1003 762 ,turpissimos
1042 706 1326 755 consulare53
1365 710 1564 746 senatum

87 764 263 815 fortem,
292 764 371 806 sed
401 763 558 806 infimo
581 777 800 818 quemque
825 763 993 803 honore
1015 760 1326 803 fortissimum.
1385 761 1563 815 Populo

85 833 192 860 vero
221 818 338 860 nihil
370 819 548 871 fortius,
577 818 694 859 nihil
725 818 900 864 melius,
940 817 1167 872 Italiaque
1197 818 1419 859 universa.
1478 815 1566 864 Ni—,V

87 875 155 915 hil
185 879 332 917 autem
362 875 539 916 foedius
569 874 788 928 Philippo
816 877 862 914 et
891 873 1072 925 Pisone,
1114 873 1292 928 legatis,
1335 872 1451 913 nihil
1482 871 1563 912 fla-

85 930 316 985 gitiosius:
356 931 436 986 qui
464 944 598 988 quum
626 933 776 971 essent
802 929 945 977 missi,
982 933 1033 971 ut
1060 928 1259 971 Antonio
1297 942 1357 972 ex
1385 931 1564 970 senatus

86 987 305 1027 sententia
334 991 481 1029 certas
512 999 583 1027 res
613 985 942 1037 denuntiarent,
971 999 1106 1040 quum
1134 985 1216 1027 ille
1246 998 1397 1027 earum
1416 996 1564 1025 rerum

85 1042 201 1082 nulli
230 1042 462 1097 paruisset,
490 1042 609 1083 ultro
639 1043 693 1082 ab
721 1041 808 1083 illo
836 1041 893 1082 ad
912 1054 994 1082 nos
1014 1040 1318 1083 intolerabilia
1339 1040 1563 1094 postulata

87 1098 350 1139 retulerunt.
418 1099 578 1152 Itaque
612 1097 670 1138 ad
709 1110 791 1138 nos
821 1097 1125 1146 concurritur3
1167 1096 1367 1150 factique
1395 1095 1483 1135 iam
1514 1095 1561 1135 in

0 1155 28 1198 Υ
86 1167 134 1194 re
163 1153 352 1195 salutari
382 1155 619 1208 populares
648 1166 810 1194 sumus.
876 1151 966 1193 Sed
1005 1157 1053 1193 tu
1093 1152 1204 1207 quid
1243 1165 1412 1206 ageres,
1449 1151 1560 1206 quid

26 1235 31 1261 ’τ
84 1213 278 1262 acturus,
308 1210 383 1250 ubi
414 1208 603 1264 denique
644 1222 780 1261 esse5‚
819 1208 1086 1251 nesciebam.
1155 1208 1295 1249 Fama
1332 1207 1567 1248 nunliabat

27 1270 28 1312 ζ
84 1270 130 1306 te
156 1278 253 1307 esse
282 1264 329 1306 in
358 1264 517 1322 Syria:
547 1268 706 1307 auctor
733 1267 832 1306 erat
860 1278 1004 1306 nemo.
1063 1264 1135 1305 De
1158 1263 1318 1315 Bruto,
1350 1276 1438 1317 quo
1462 1275 1564 1317 pro—

180 1433 222 1468 C.
250 1431 445 1474 CASSIO.
488 1431 528 1467 S.
556 1444 603 1466 zu
629 1442 688 1479 ep.
715 1432 785 1469 241
813 1432 865 1466 im
891 1432 978 1467 Ans.
1006 1431 1086 1467 764.

182 1484 214 1516 1.
240 1482 333 1515 Idib.
359 1481 497 1522 Mart„
522 1492 582 1514 am
610 1483 666 1515 15.
693 1482 809 1522 Min-z,
833 1481 884 1514 ad
906 1490 1066 1524 coenam,
1094 1479 1167 1514 wie
1194 1489 1252 1525 ep.
1274 1481 1344 1516 794
1368 1481 1418 1513 ad
1442 1479 1566 1523 epulas

28 1566 29 1574 ἵ
84 1538 206 1575 trop.
233 1530 297 1562 fiir
321 1528 579 1571 Lustbarkeit‚
606 1541 653 1563 zu
679 1529 801 1562 ienem
828 1528 1011 1571 Genusse,
1050 1527 1096 1562 atl
1122 1528 1291 1562 Caesaris
1317 1528 1482 1568 caedem,
1516 1539 1565 1562 zu

28 1585 30 1606 ῑ
83 1579 216 1612 C'zisa‘rs
242 1576 512 1621 Ernnordung5
537 1576 682 1609 utinam
708 1575 974 1610 adhibuissetis
1002 1587 1063 1608 me
1089 1575 1262 1610 consiliis
1290 1576 1442 1615 vestris,
1470 1587 1565 1620 quae

1 1638 6 1665 ;
28 1617 33 1672 μ’
84 1628 187 1660 inter
210 1635 277 1658 vos
302 1625 455 1658 inibatis
482 1623 526 1657 de
553 1623 818 1658 interficiendo
845 1624 1012 1658 Caesare.
1040 1623 1074 1658 S.
1104 1624 1222 1658 Plaut.
1250 1625 1361 1658 Poen.
1389 1623 1432 1665 V,
1460 1625 1495 1666 4,
1521 1625 1561 1658 2:

2 1673 33 1713 ,l
84 1674 207 1708 oculis
234 1673 367 1718 epulas
392 1672 502 1714 ‹lare3
538 1672 661 1707 Cicer.
689 1672 782 1717 Top.
811 1684 869 1717 ep.
897 1671 1082 1706 discendi.
1120 1691 1161 1698 --
1200 1672 1306 1717 reliq.
1335 1671 1429 1706 nihil
1445 1673 1499 1714 s.,
1527 1682 1565 1705 es

2 1746 6 1755 .
29 1735 33 1763 j
85 1721 244 1756 wiirden
272 1720 386 1754 keine
411 1721 615 1754 Brosamen
641 1719 755 1767 iibrig·
779 1720 980 1767 geblieben
1014 1719 1117 1763 sein5
1155 1720 1180 1753 i.
1208 1731 1239 1753 e.
1274 1720 1459 1754 Antonius
1491 1730 1566 1753 non

30 1787 33 1798 ⁴
84 1770 281 1803 mansisset
318 1775 520 1815 superstes,
555 1769 643 1812 quia
676 1779 745 1817 ego
771 1774 904 1802 auctor
928 1767 1085 1813 fuissem
1111 1766 1213 1801 hunc
1239 1769 1354 1802 etiam
1383 1766 1560 1801 tollendi.

2 1817 34 1849 .³'
87 1837 128 1843 -—
166 1821 355 1859 exercent,
389 1817 483 1851 ietzt
517 1816 607 1850 aber
639 1823 766 1850 setzen
803 1816 906 1849 diese
938 1809 1166 1859 Uberreste,
1200 1816 1260 1849 die
1295 1816 1361 1848 ihr
1393 1815 1563 1862 gelassen

29 1867 34 1890 ’ἶ
83 1866 185 1907 habt,
212 1865 319 1898 mich
345 1865 385 1898 in
411 1864 574 1905 Athem5
599 1864 679 1912 vgl.
707 1876 764 1910 ep.
792 1865 873 1905 794,
901 1866 941 1898 1:
969 1875 1055 1898 cum
1082 1863 1127 1897 iis
1154 1870 1298 1897 tantum
1326 1861 1469 1912 negotii
1497 1869 1563 1897 est.

0 1923 6 1945 ε
30 1922 34 1956 ¹,
83 1925 171 1947 nunc
196 1913 374 1958 reliquiae
397 1924 462 1947 nos
488 1917 659 1946 exercent
683 1912 814 1947 Lamb.
856 1911 932 1946 Sed
963 1912 1131 1946 vindicat
1156 1912 1228 1945 Md.
1255 1912 1459 1946 lectionem
1487 1913 1563 1945 Ma-

0 1973 6 1992 2
81 1962 184 1995 crob.
219 1962 300 1995 Sal.
326 1963 362 2003 2,
389 1962 424 2002 4,
449 1973 486 2006 p.
515 1962 594 1996 289.
629 1961 734 2005 Vulp.
763 1961 834 1995 ΟΕ.
866 1980 907 1984 -
933 1961 1105 1998 consules,
1131 1960 1302 1994 Hirtium
1329 1967 1366 1994 et
1391 1962 1562 1993 Pansam.

29 2010 34 2042 [¹
85 2029 126 2035 -
166 2013 274 2053 turp„
299 2009 437 2043 hb'chst
463 2008 802 2056 niedertr’achtige.
855 2028 897 2033 —-
948 2008 1012 2041 sed
1036 2034 1043 2041 .
1073 2034 1080 2041 .
1100 2008 1367 2050 fortissimum,
1405 2008 1495 2042 aber
1527 2007 1563 2040 ie

0 2068 6 2103 ζ
30 2056 31 2059 “
82 2058 199 2092 tiefer
225 2058 263 2090 in
290 2057 578 2099 Ehrenstellen‚
604 2057 707 2091 desto
732 2058 925 2101 tapserer3
966 2056 1025 2090 die
1053 2056 1260 2099 Qu'cistoren
1285 2056 1361 2089 und
1389 2055 1560 2091 Aedilen,

84 2127 124 2132 -—
154 2106 303 2147 legatis.
355 2105 391 2139 S.
418 2118 466 2140 zu
493 2117 551 2151 ep.
580 2107 661 2147 791,
689 2107 721 2141 2.
773 2104 973 2150 Philippus
1011 2110 1092 2138 erat
1124 2105 1282 2139 vitricus
1316 2105 1474 2139 Octavii.
1518 2122 1560 2126 -—

0 2164 2 2169 ’
33 2170 35 2199 ;
79 2154 220 2196 flagit„
246 2153 601 2187 schmachvolleres.
629 2171 674 2178 —-
715 2153 904 2193 sententia,
930 2153 1112 2186 consulto.
1149 2171 1189 2178 -
1242 2158 1360 2187 certas
1387 2164 1447 2186 res
1470 2153 1562 2189 den..

31 2224 35 2230 ‹
83 2202 145 2234 die
171 2201 470 2236 bestimmtesten
496 2201 656 2235 Befehle
690 2213 736 2235 zu
762 2201 1034 2249 iiberbringen.
1063 2220 1109 2226 -—
1157 2202 1270 2242 ultro,
1305 2208 1446 2247 sponte.
1498 2199 1561 2233 sie

83 2256 250 2283 mussten
285 2250 345 2283 die
380 2250 657 2297 Forderungen
695 2261 766 2297 gar
798 2248 908 2282 nicht
940 2248 1166 2283 annehmen.
1217 2251 1302 2282 Man
1330 2250 1407 2283 lese
1442 2248 1495 2281 sie
1521 2247 1562 2279 in

31 2297 35 2340 ξ
83 2297 151 2329 dor
173 2297 310 2331 achten
335 2297 629 2343 Philippischen
654 2297 767 2331 Rede.
792 2316 838 2322 -—-
864 2298 1109 2334 concurritur,
1137 2297 1213 2330 und
1239 2309 1279 2330 so
1306 2298 1441 2331 striimt
1459 2295 1561 2329 denu

33 2358 35 2374 ι
85 2344 188 2378 Alles
214 2346 280 2378 auf
302 2344 408 2378 mich
433 2358 493 2388 zu,
528 2346 617 2380 will
642 2345 741 2379 Rath
768 2356 841 2379 von
866 2346 952 2378 mir.
1009 2362 1047 2367 —
1097 2346 1305 2389 populares,
1343 2345 1560 2378 defensores

0 2391 1 2396 ¹
32 2381 35 2392 ¹
85 2393 229 2438 populi,
255 2392 316 2426 die
342 2392 521 2427 Zuflucht
546 2393 608 2427 des
636 2393 767 2428 Volks.

35 2444 36 2471 ἓ
180 2442 215 2474 2.
261 2440 300 2473 in
337 2440 458 2484 Syria.
509 2441 573 2476 Sic
606 2440 677 2475 Md.
712 2442 829 2487 Neap.
866 2442 949 2475 Asc.
988 2443 1019 2475 1.
1057 2441 1155 2476 Vict.
1198 2444 1227 2476 l.
1267 2443 1301 2476 2.
1342 2437 1484 2479 hamb,
1521 2444 1562 2471 ut

32 2497 37 2518 f
86 2488 126 2520 iu
163 2488 234 2531 Ep.
272 2499 350 2532 seq.
391 2493 424 2522 te
457 2490 531 2523 isse
572 2489 611 2523 in
643 2489 789 2532 Syriam
832 2490 921 2524 Cdd.
966 2489 1057 2535 aliq.
1102 2492 1237 2537 Margo
1280 2489 1380 2522 Crat.
1422 2485 1557 2519 Graev.

85 2536 241 2576 Bened.,
290 2542 332 2569 ut
376 2537 424 2569 ad
466 2538 612 2572 Diversa
660 2539 726 2578 12,
776 2538 832 2574 14.
877 2542 912 2571 te
954 2548 1030 2570 esse
1069 2538 1104 2571 in
1147 2538 1289 2582 Syriam
1335 2535 1428 2569 Ern.
1468 2533 1559 2567 Sch.

33 2587 35 2611 J
85 2585 180 2617 Liin.
219 2583 413 2617 ORELLI.
461 2585 592 2629 Vergl.
622 2596 679 2629 cp.
706 2585 785 2620 795.
829 2604 874 2610 —
924 2590 1052 2619 auctor
1089 2589 1169 2619 erat
1206 2594 1330 2625 nemo,
1374 2582 1563 2615 Niemand

35 2646 38 2670 Α,
85 2632 220 2666 wollte
248 2643 285 2666 es
313 2639 443 2678 gesagt
460 2632 591 2667 haben.
643 2634 728 2666 Non
754 2632 979 2667 habebamus
1006 2641 1152 2667 certum
1181 2632 1258 2665 eius
1286 2630 1408 2664 nuntii
1434 2636 1561 2663 aucto-

36 2679 37 2682 ’
75 2682 176 2714 rem.
216 2700 259 2705 —-
300 2680 356 2714 De
380 2681 497 2715 Bruto
533 2682 557 2715 i.
586 2693 617 2715 e.
651 2681 698 2715 (le
724 2682 771 2716 M.
808 2682 944 2725 Bruto,
979 2681 1044 2726 qui
1079 2687 1159 2715 erat
1186 2680 1226 2714 in
1263 2678 1488 2713 Macedonia.
1523 2696 1560 2701 -

1604 1150 1629 1188 2
