<?xml version="1.0" encoding="UTF-8"?>
<!DOCTYPE html PUBLIC "-//W3C//DTD XHTML 1.0 Transitional//EN"
    "http://www.w3.org/TR/xhtml1/DTD/xhtml1-transitional.dtd">
<html xmlns="http://www.w3.org/1999/xhtml" xml:lang="en" lang="en">
 <head>
  <title>
</title>
<meta http-equiv="Content-Type" content="text/html;charset=utf-8" />
  <meta name='ocr-system' content='tesseract 3.04.00' />
  <meta name='ocr-capabilities' content='ocr_page ocr_carea ocr_par ocr_line ocrx_word'/>
</head>
<body>
  <div class='ocr_page' id='page_1' title='image "./epistolaeadattic04ciceuoft_0073.png"; bbox 0 0 1795 3086; ppageno 0'>
   <div class='ocr_carea' id='block_1_1' title="bbox 0 0 22 2559">
    <p class='ocr_par' dir='ltr' id='par_1_1' title="bbox 0 0 22 2559">
     <span class='ocr_line' id='line_1_1' title="bbox 0 0 22 2559; baseline 0 0"><span class='ocrx_word' id='word_1_1' title='bbox 0 0 22 2559; x_wconf 95' lang='lat' dir='ltr'> </span> 
     </span>
    </p>
   </div>
   <div class='ocr_carea' id='block_1_2' title="bbox 528 101 1584 148">
    <p class='ocr_par' dir='ltr' id='par_1_2' title="bbox 528 101 1584 148">
     <span class='ocr_line' id='line_1_2' title="bbox 528 101 1584 148; baseline 0 0"><span class='ocrx_word' id='word_1_2' title='bbox 528 102 846 148; x_wconf 84' lang='lat' dir='ltr'><strong>EPISTOLA</strong></span> <span class='ocrx_word' id='word_1_3' title='bbox 878 103 1146 148; x_wconf 81' lang='lat' dir='ltr'>Dcxclll.</span> <span class='ocrx_word' id='word_1_4' title='bbox 1522 101 1584 148; x_wconf 74' lang='lat'>63</span> 
     </span>
    </p>
   </div>
   <div class='ocr_carea' id='block_1_3' title="bbox 95 213 1584 1389">
    <p class='ocr_par' dir='ltr' id='par_1_3' title="bbox 95 213 1584 1389">
     <span class='ocr_line' id='line_1_3' title="bbox 97 213 1582 276; baseline -0.005 -12"><span class='ocrx_word' id='word_1_5' title='bbox 97 231 269 276; x_wconf 78' lang='lat' dir='ltr'><strong>semper</strong></span> <span class='ocrx_word' id='word_1_6' title='bbox 299 216 458 265; x_wconf 85' lang='lat' dir='ltr'>amavi,</span> <span class='ocrx_word' id='word_1_7' title='bbox 497 217 690 271; x_wconf 86' lang='lat' dir='ltr'>primum</span> <span class='ocrx_word' id='word_1_8' title='bbox 730 219 806 257; x_wconf 85' lang='lat' dir='ltr'>tuo</span> <span class='ocrx_word' id='word_1_9' title='bbox 844 216 1009 268; x_wconf 83' lang='lat' dir='ltr'>studio,</span> <span class='ocrx_word' id='word_1_10' title='bbox 1047 219 1149 271; x_wconf 85' lang='lat' dir='ltr'>post</span> <span class='ocrx_word' id='word_1_11' title='bbox 1185 213 1321 257; x_wconf 84' lang='lat' dir='ltr'>etiam</span> <span class='ocrx_word' id='word_1_12' title='bbox 1361 214 1582 257; x_wconf 84' lang='lat' dir='ltr'>beneficio</span> 
     </span>
     <span class='ocr_line' id='line_1_4' title="bbox 95 270 1584 333; baseline -0.003 -15"><span class='ocrx_word' id='word_1_13' title='bbox 95 279 381 333; x_wconf 86' lang='lat' dir='ltr'>provocatus,</span> <span class='ocrx_word' id='word_1_14' title='bbox 422 277 516 314; x_wconf 86' lang='lat' dir='ltr'>tum</span> <span class='ocrx_word' id='word_1_15' title='bbox 554 271 627 313; x_wconf 89' lang='lat' dir='ltr'>his</span> <span class='ocrx_word' id='word_1_16' title='bbox 655 271 931 326; x_wconf 84' lang='lat' dir='ltr'>temporibus</span> <span class='ocrx_word' id='word_1_17' title='bbox 974 285 1045 313; x_wconf 87' lang='lat' dir='ltr'>res</span> <span class='ocrx_word' id='word_1_18' title='bbox 1075 271 1255 327; x_wconf 84' lang='lat' dir='ltr'>publica</span> <span class='ocrx_word' id='word_1_19' title='bbox 1299 276 1344 312; x_wconf 87' lang='lat' dir='ltr'>te</span> <span class='ocrx_word' id='word_1_20' title='bbox 1374 270 1490 324; x_wconf 84' lang='lat' dir='ltr'>mihi</span> <span class='ocrx_word' id='word_1_21' title='bbox 1518 272 1584 314; x_wconf 85' lang='lat' dir='ltr'>ita</span> 
     </span>
     <span class='ocr_line' id='line_1_5' title="bbox 96 325 1581 379; baseline -0.005 -4"><span class='ocrx_word' id='word_1_22' title='bbox 96 329 453 379; x_wconf 81' lang='lat' dir='ltr'>commendavit,</span> <span class='ocrx_word' id='word_1_23' title='bbox 502 330 551 368; x_wconf 88' lang='lat' dir='ltr'>ut</span> <span class='ocrx_word' id='word_1_24' title='bbox 590 328 812 369; x_wconf 86' lang='lat' dir='ltr'>cariorem</span> <span class='ocrx_word' id='word_1_25' title='bbox 859 325 1049 368; x_wconf 80' lang='lat' dir='ltr'><strong>habeam</strong></span> <span class='ocrx_word' id='word_1_26' title='bbox 1096 328 1331 369; x_wconf 88' lang='lat' dir='ltr'>neminem.</span> <span class='ocrx_word' id='word_1_27' title='bbox 1395 327 1581 369; x_wconf 87' lang='lat' dir='ltr'>Literae</span> 
     </span>
     <span class='ocr_line' id='line_1_6' title="bbox 96 382 1582 440; baseline -0.005 -9"><span class='ocrx_word' id='word_1_28' title='bbox 96 402 204 432; x_wconf 78' lang='lat' dir='ltr'>vero</span> <span class='ocrx_word' id='word_1_29' title='bbox 259 390 360 428; x_wconf 89' lang='lat' dir='ltr'>tuae</span> <span class='ocrx_word' id='word_1_30' title='bbox 407 397 543 439; x_wconf 91' lang='lat' dir='ltr'>quum</span> <span class='ocrx_word' id='word_1_31' title='bbox 593 382 924 440; x_wconf 75' lang='lat' dir='ltr'><strong>amantissime,</strong></span> <span class='ocrx_word' id='word_1_32' title='bbox 982 386 1076 422; x_wconf 88' lang='lat' dir='ltr'>tum</span> <span class='ocrx_word' id='word_1_33' title='bbox 1123 383 1582 425; x_wconf 82' lang='lat' dir='ltr'>honorificentissime</span> 
     </span>
     <span class='ocr_line' id='line_1_7' title="bbox 98 437 1582 498; baseline -0.004 -12"><span class='ocrx_word' id='word_1_34' title='bbox 98 444 296 498; x_wconf 77' lang='lat' dir='ltr'>scriptae</span> <span class='ocrx_word' id='word_1_35' title='bbox 334 442 402 483; x_wconf 89' lang='lat' dir='ltr'>sic</span> <span class='ocrx_word' id='word_1_36' title='bbox 431 453 501 481; x_wconf 88' lang='lat' dir='ltr'>me</span> <span class='ocrx_word' id='word_1_37' title='bbox 530 440 803 489; x_wconf 80' lang='lat' dir='ltr'>affecerunt,</span> <span class='ocrx_word' id='word_1_38' title='bbox 836 443 887 480; x_wconf 84' lang='lat' dir='ltr'>ut</span> <span class='ocrx_word' id='word_1_39' title='bbox 923 450 1014 479; x_wconf 90' lang='lat' dir='ltr'>non</span> <span class='ocrx_word' id='word_1_40' title='bbox 1052 437 1161 479; x_wconf 81' lang='lat' dir='ltr'>dare</span> <span class='ocrx_word' id='word_1_41' title='bbox 1200 440 1285 480; x_wconf 80' lang='lat' dir='ltr'>tibi</span> <span class='ocrx_word' id='word_1_42' title='bbox 1313 439 1582 482; x_wconf 89' lang='lat' dir='ltr'>beneficium</span> 
     </span>
     <span class='ocr_line' id='line_1_8' title="bbox 95 494 1582 550; baseline -0.003 -9"><span class='ocrx_word' id='word_1_43' title='bbox 95 500 294 550; x_wconf 77' lang='lat' dir='ltr'>viderer,</span> <span class='ocrx_word' id='word_1_44' title='bbox 324 496 404 538; x_wconf 90' lang='lat' dir='ltr'>sed</span> <span class='ocrx_word' id='word_1_45' title='bbox 423 496 630 550; x_wconf 87' lang='lat' dir='ltr'>accipere</span> <span class='ocrx_word' id='word_1_46' title='bbox 651 509 677 538; x_wconf 86' lang='lat' dir='ltr'>a</span> <span class='ocrx_word' id='word_1_47' title='bbox 700 500 760 547; x_wconf 88' lang='lat' dir='ltr'>te,</span> <span class='ocrx_word' id='word_1_48' title='bbox 793 495 858 536; x_wconf 84' lang='lat' dir='ltr'>ita</span> <span class='ocrx_word' id='word_1_49' title='bbox 878 496 1069 549; x_wconf 81' lang='lat' dir='ltr'>petente,</span> <span class='ocrx_word' id='word_1_50' title='bbox 1098 498 1150 534; x_wconf 87' lang='lat' dir='ltr'>ut</span> <span class='ocrx_word' id='word_1_51' title='bbox 1170 494 1403 536; x_wconf 88' lang='lat' dir='ltr'>inimicum</span> <span class='ocrx_word' id='word_1_52' title='bbox 1421 509 1582 549; x_wconf 88' lang='lat' dir='ltr'>meum,</span> 
     </span>
     <span class='ocr_line' id='line_1_9' title="bbox 97 549 1582 605; baseline -0.003 -8"><span class='ocrx_word' id='word_1_53' title='bbox 97 555 397 597; x_wconf 85' lang='lat' dir='ltr'>necessarium</span> <span class='ocrx_word' id='word_1_54' title='bbox 427 557 551 594; x_wconf 92' lang='lat' dir='ltr'>tuum</span> <span class='ocrx_word' id='word_1_55' title='bbox 580 566 650 594; x_wconf 91' lang='lat' dir='ltr'>me</span> <span class='ocrx_word' id='word_1_56' title='bbox 678 552 823 592; x_wconf 86' lang='lat' dir='ltr'>invito</span> <span class='ocrx_word' id='word_1_57' title='bbox 847 562 1028 592; x_wconf 88' lang='lat' dir='ltr'>servare</span> <span class='ocrx_word' id='word_1_58' title='bbox 1048 549 1203 600; x_wconf 81' lang='lat' dir='ltr'>nolles,</span> <span class='ocrx_word' id='word_1_59' title='bbox 1234 564 1366 605; x_wconf 88' lang='lat' dir='ltr'>quum</span> <span class='ocrx_word' id='word_1_60' title='bbox 1388 552 1438 593; x_wconf 89' lang='lat' dir='ltr'>id</span> <span class='ocrx_word' id='word_1_61' title='bbox 1459 552 1582 594; x_wconf 89' lang='lat' dir='ltr'>nullo</span> 
     </span>
     <span class='ocr_line' id='line_1_10' title="bbox 97 605 1582 666; baseline -0.001 -14"><span class='ocrx_word' id='word_1_62' title='bbox 97 610 280 666; x_wconf 83' lang='lat' dir='ltr'>negotio</span> <span class='ocrx_word' id='word_1_63' title='bbox 320 608 470 650; x_wconf 81' lang='lat' dir='ltr'>facere</span> <span class='ocrx_word' id='word_1_64' title='bbox 509 621 676 662; x_wconf 88' lang='lat' dir='ltr'>posses.</span> <span class='ocrx_word' id='word_1_65' title='bbox 745 607 846 662; x_wconf 82' lang='lat' dir='ltr'>Ego</span> <span class='ocrx_word' id='word_1_66' title='bbox 874 619 983 650; x_wconf 80' lang='lat' dir='ltr'>vero</span> <span class='ocrx_word' id='word_1_67' title='bbox 1022 606 1107 647; x_wconf 87' lang='lat' dir='ltr'>tibi</span> <span class='ocrx_word' id='word_1_68' title='bbox 1136 605 1271 658; x_wconf 83' lang='lat' dir='ltr'>istuc,</span> <span class='ocrx_word' id='word_1_69' title='bbox 1310 608 1373 647; x_wconf 87' lang='lat' dir='ltr'>mi</span> <span class='ocrx_word' id='word_1_70' title='bbox 1401 608 1582 654; x_wconf 88' lang='lat' dir='ltr'><strong>Antoni,</strong></span> 
     </span>
     <span class='ocr_line' id='line_1_11' title="bbox 98 660 1581 719; baseline -0.003 -10"><span class='ocrx_word' id='word_1_71' title='bbox 98 668 304 715; x_wconf 79' lang='lat' dir='ltr'>remitt03</span> <span class='ocrx_word' id='word_1_72' title='bbox 342 668 473 719; x_wconf 83' lang='lat' dir='ltr'>atque</span> <span class='ocrx_word' id='word_1_73' title='bbox 503 665 583 717; x_wconf 77' lang='lat' dir='ltr'>ita,</span> <span class='ocrx_word' id='word_1_74' title='bbox 622 668 673 705; x_wconf 84' lang='lat' dir='ltr'>ut</span> <span class='ocrx_word' id='word_1_75' title='bbox 701 677 771 705; x_wconf 90' lang='lat' dir='ltr'>me</span> <span class='ocrx_word' id='word_1_76' title='bbox 800 677 827 705; x_wconf 83' lang='lat' dir='ltr'>a</span> <span class='ocrx_word' id='word_1_77' title='bbox 855 666 914 716; x_wconf 83' lang='lat' dir='ltr'>te,</span> <span class='ocrx_word' id='word_1_78' title='bbox 943 675 1079 717; x_wconf 89' lang='lat' dir='ltr'>quum</span> <span class='ocrx_word' id='word_1_79' title='bbox 1109 660 1182 701; x_wconf 90' lang='lat' dir='ltr'>his</span> <span class='ocrx_word' id='word_1_80' title='bbox 1209 662 1360 703; x_wconf 85' lang='lat' dir='ltr'>verbis</span> <span class='ocrx_word' id='word_1_81' title='bbox 1389 664 1581 718; x_wconf 87' lang='lat' dir='ltr'>scripse-</span> 
     </span>
     <span class='ocr_line' id='line_1_12' title="bbox 98 717 1580 776; baseline -0.002 -12"><span class='ocrx_word' id='word_1_82' title='bbox 98 724 177 774; x_wconf 88' lang='lat' dir='ltr'>ris,</span> <span class='ocrx_word' id='word_1_83' title='bbox 206 721 524 763; x_wconf 81' lang='lat' dir='ltr'>liberalissime</span> <span class='ocrx_word' id='word_1_84' title='bbox 560 724 695 776; x_wconf 84' lang='lat' dir='ltr'>atque</span> <span class='ocrx_word' id='word_1_85' title='bbox 723 717 1181 761; x_wconf 84' lang='lat' dir='ltr'>honorificentissime</span> <span class='ocrx_word' id='word_1_86' title='bbox 1211 720 1453 759; x_wconf 61' lang='lat' dir='ltr'>tractattun</span> <span class='ocrx_word' id='word_1_87' title='bbox 1482 721 1580 761; x_wconf 85' lang='lat' dir='ltr'>exi-</span> 
     </span>
     <span class='ocr_line' id='line_1_13' title="bbox 97 773 1581 831; baseline -0.001 -12"><span class='ocrx_word' id='word_1_88' title='bbox 97 780 298 820; x_wconf 84' lang='lat' dir='ltr'>stimem:</span> <span class='ocrx_word' id='word_1_89' title='bbox 329 776 463 831; x_wconf 88' lang='lat' dir='ltr'>idque</span> <span class='ocrx_word' id='word_1_90' title='bbox 492 790 627 830; x_wconf 86' lang='lat' dir='ltr'>quum</span> <span class='ocrx_word' id='word_1_91' title='bbox 657 780 814 828; x_wconf 87' lang='lat' dir='ltr'>totum,</span> <span class='ocrx_word' id='word_1_92' title='bbox 844 788 1024 830; x_wconf 90' lang='lat' dir='ltr'>quoquo</span> <span class='ocrx_word' id='word_1_93' title='bbox 1053 773 1188 814; x_wconf 87' lang='lat' dir='ltr'>modo</span> <span class='ocrx_word' id='word_1_94' title='bbox 1218 787 1266 815; x_wconf 94' lang='lat' dir='ltr'>se</span> <span class='ocrx_word' id='word_1_95' title='bbox 1289 787 1358 814; x_wconf 87' lang='lat' dir='ltr'>res</span> <span class='ocrx_word' id='word_1_96' title='bbox 1379 773 1581 828; x_wconf 87' lang='lat' dir='ltr'>haberet,</span> 
     </span>
     <span class='ocr_line' id='line_1_14' title="bbox 97 829 1581 886; baseline -0.002 -11"><span class='ocrx_word' id='word_1_97' title='bbox 97 834 182 875; x_wconf 86' lang='lat' dir='ltr'>tibi</span> <span class='ocrx_word' id='word_1_98' title='bbox 211 833 407 875; x_wconf 84' lang='lat' dir='ltr'>dandum</span> <span class='ocrx_word' id='word_1_99' title='bbox 435 838 653 886; x_wconf 85' lang='lat' dir='ltr'>putarem,</span> <span class='ocrx_word' id='word_1_100' title='bbox 695 836 789 872; x_wconf 88' lang='lat' dir='ltr'>tum</span> <span class='ocrx_word' id='word_1_101' title='bbox 818 831 877 872; x_wconf 90' lang='lat' dir='ltr'>do</span> <span class='ocrx_word' id='word_1_102' title='bbox 907 832 1044 871; x_wconf 85' lang='lat' dir='ltr'>etiam</span> <span class='ocrx_word' id='word_1_103' title='bbox 1074 829 1343 871; x_wconf 82' lang='lat' dir='ltr'>humanitati</span> <span class='ocrx_word' id='word_1_104' title='bbox 1381 834 1427 870; x_wconf 85' lang='lat' dir='ltr'>et</span> <span class='ocrx_word' id='word_1_105' title='bbox 1454 837 1581 873; x_wconf 84' lang='lat' dir='ltr'>natu-</span> 
     </span>
     <span class='ocr_line' id='line_1_15' title="bbox 98 885 1582 942; baseline -0.002 -11"><span class='ocrx_word' id='word_1_106' title='bbox 98 903 174 931; x_wconf 85' lang='lat' dir='ltr'>rae</span> <span class='ocrx_word' id='word_1_107' title='bbox 212 902 350 931; x_wconf 85' lang='lat' dir='ltr'>meae.</span> <span class='ocrx_word' id='word_1_108' title='bbox 418 887 551 929; x_wconf 90' lang='lat' dir='ltr'>Nihil</span> <span class='ocrx_word' id='word_1_109' title='bbox 594 887 713 927; x_wconf 89' lang='lat' dir='ltr'>enim</span> <span class='ocrx_word' id='word_1_110' title='bbox 755 899 949 942; x_wconf 87' lang='lat' dir='ltr'>unquam</span> <span class='ocrx_word' id='word_1_111' title='bbox 986 899 1076 927; x_wconf 87' lang='lat' dir='ltr'>non</span> <span class='ocrx_word' id='word_1_112' title='bbox 1113 885 1247 927; x_wconf 91' lang='lat' dir='ltr'>modo</span> <span class='ocrx_word' id='word_1_113' title='bbox 1286 886 1497 927; x_wconf 80' lang='lat' dir='ltr'>acerbum</span> <span class='ocrx_word' id='word_1_114' title='bbox 1533 888 1582 928; x_wconf 90' lang='lat' dir='ltr'>in</span> 
     </span>
     <span class='ocr_line' id='line_1_16' title="bbox 99 942 1582 998; baseline -0.001 -11"><span class='ocrx_word' id='word_1_115' title='bbox 99 960 168 987; x_wconf 87' lang='lat' dir='ltr'>me</span> <span class='ocrx_word' id='word_1_116' title='bbox 199 945 300 996; x_wconf 76' lang='lat' dir='ltr'>suit,</span> <span class='ocrx_word' id='word_1_117' title='bbox 330 944 409 986; x_wconf 88' lang='lat' dir='ltr'>sed</span> <span class='ocrx_word' id='word_1_118' title='bbox 438 957 494 984; x_wconf 91' lang='lat' dir='ltr'>ne</span> <span class='ocrx_word' id='word_1_119' title='bbox 522 943 671 998; x_wconf 87' lang='lat' dir='ltr'>paullo</span> <span class='ocrx_word' id='word_1_120' title='bbox 702 942 886 997; x_wconf 89' lang='lat' dir='ltr'>quidem</span> <span class='ocrx_word' id='word_1_121' title='bbox 914 942 1089 984; x_wconf 85' lang='lat' dir='ltr'>tristius</span> <span class='ocrx_word' id='word_1_122' title='bbox 1111 945 1186 982; x_wconf 82' lang='lat' dir='ltr'>aut</span> <span class='ocrx_word' id='word_1_123' title='bbox 1205 942 1419 995; x_wconf 82' lang='lat' dir='ltr'>severius,</span> <span class='ocrx_word' id='word_1_124' title='bbox 1448 956 1582 997; x_wconf 83' lang='lat' dir='ltr'>quam</span> 
     </span>
     <span class='ocr_line' id='line_1_17' title="bbox 98 998 1581 1053; baseline -0.001 -11"><span class='ocrx_word' id='word_1_125' title='bbox 98 1002 342 1042; x_wconf 83' lang='lat' dir='ltr'>necessitas</span> <span class='ocrx_word' id='word_1_126' title='bbox 384 1000 450 1040; x_wconf 85' lang='lat' dir='ltr'>rei</span> <span class='ocrx_word' id='word_1_127' title='bbox 488 998 693 1053; x_wconf 86' lang='lat' dir='ltr'>publicae</span> <span class='ocrx_word' id='word_1_128' title='bbox 733 999 995 1053; x_wconf 84' lang='lat' dir='ltr'>postulavit.</span> <span class='ocrx_word' id='word_1_129' title='bbox 1081 998 1296 1045; x_wconf 87' lang='lat' dir='ltr'>Accedit,</span> <span class='ocrx_word' id='word_1_130' title='bbox 1350 1002 1400 1039; x_wconf 85' lang='lat' dir='ltr'>ut</span> <span class='ocrx_word' id='word_1_131' title='bbox 1438 1012 1494 1040; x_wconf 90' lang='lat' dir='ltr'>ne</span> <span class='ocrx_word' id='word_1_132' title='bbox 1534 1000 1581 1040; x_wconf 94' lang='lat' dir='ltr'>in</span> 
     </span>
     <span class='ocr_line' id='line_1_18' title="bbox 98 1053 1581 1111; baseline -0.001 -14"><span class='ocrx_word' id='word_1_133' title='bbox 98 1058 244 1111; x_wconf 86' lang='lat' dir='ltr'>ipsum</span> <span class='ocrx_word' id='word_1_134' title='bbox 273 1055 455 1111; x_wconf 86' lang='lat' dir='ltr'>quidem</span> <span class='ocrx_word' id='word_1_135' title='bbox 486 1054 700 1096; x_wconf 87' lang='lat' dir='ltr'>Clodium</span> <span class='ocrx_word' id='word_1_136' title='bbox 729 1068 877 1095; x_wconf 89' lang='lat' dir='ltr'>meum</span> <span class='ocrx_word' id='word_1_137' title='bbox 913 1054 1091 1109; x_wconf 84' lang='lat' dir='ltr'>insigne</span> <span class='ocrx_word' id='word_1_138' title='bbox 1131 1054 1286 1095; x_wconf 90' lang='lat' dir='ltr'>odium</span> <span class='ocrx_word' id='word_1_139' title='bbox 1321 1053 1462 1096; x_wconf 84' lang='lat' dir='ltr'>fuerit</span> <span class='ocrx_word' id='word_1_140' title='bbox 1501 1068 1581 1096; x_wconf 91' lang='lat' dir='ltr'>un-</span> 
     </span>
     <span class='ocr_line' id='line_1_19' title="bbox 98 1109 1581 1167; baseline -0.001 -14"><span class='ocrx_word' id='word_1_141' title='bbox 98 1126 252 1167; x_wconf 80' lang='lat' dir='ltr'>quam3</span> <span class='ocrx_word' id='word_1_142' title='bbox 291 1124 553 1167; x_wconf 84' lang='lat' dir='ltr'>semperque</span> <span class='ocrx_word' id='word_1_143' title='bbox 582 1111 649 1151; x_wconf 82' lang='lat' dir='ltr'>ita</span> <span class='ocrx_word' id='word_1_144' title='bbox 677 1111 831 1159; x_wconf 86' lang='lat' dir='ltr'>statui,</span> <span class='ocrx_word' id='word_1_145' title='bbox 872 1124 960 1152; x_wconf 90' lang='lat' dir='ltr'>non</span> <span class='ocrx_word' id='word_1_146' title='bbox 991 1123 1087 1152; x_wconf 85' lang='lat' dir='ltr'>esse</span> <span class='ocrx_word' id='word_1_147' title='bbox 1116 1109 1403 1152; x_wconf 85' lang='lat' dir='ltr'>insectandos</span> <span class='ocrx_word' id='word_1_148' title='bbox 1431 1110 1581 1152; x_wconf 89' lang='lat' dir='ltr'>inimi-</span> 
     </span>
     <span class='ocr_line' id='line_1_20' title="bbox 99 1165 1580 1220; baseline -0.001 -12"><span class='ocrx_word' id='word_1_149' title='bbox 99 1181 252 1209; x_wconf 89' lang='lat' dir='ltr'>corum</span> <span class='ocrx_word' id='word_1_150' title='bbox 281 1168 464 1213; x_wconf 85' lang='lat' dir='ltr'>amicos,</span> <span class='ocrx_word' id='word_1_151' title='bbox 503 1166 770 1220; x_wconf 89' lang='lat' dir='ltr'>praesertim</span> <span class='ocrx_word' id='word_1_152' title='bbox 800 1165 1082 1213; x_wconf 86' lang='lat' dir='ltr'>humiliores,</span> <span class='ocrx_word' id='word_1_153' title='bbox 1119 1179 1202 1207; x_wconf 90' lang='lat' dir='ltr'>nec</span> <span class='ocrx_word' id='word_1_154' title='bbox 1238 1165 1310 1207; x_wconf 88' lang='lat' dir='ltr'>his</span> <span class='ocrx_word' id='word_1_155' title='bbox 1340 1167 1580 1220; x_wconf 84' lang='lat' dir='ltr'>praesidiis</span> 
     </span>
     <span class='ocr_line' id='line_1_21' title="bbox 98 1221 1580 1277; baseline 0 -13"><span class='ocrx_word' id='word_1_156' title='bbox 98 1226 271 1266; x_wconf 84' lang='lat' dir='ltr'>nosmet</span> <span class='ocrx_word' id='word_1_157' title='bbox 301 1224 421 1277; x_wconf 89' lang='lat' dir='ltr'>ipsos</span> <span class='ocrx_word' id='word_1_158' title='bbox 452 1235 548 1263; x_wconf 92' lang='lat' dir='ltr'>esse</span> <span class='ocrx_word' id='word_1_159' title='bbox 578 1221 850 1276; x_wconf 83' lang='lat' dir='ltr'>spoliandos.</span> <span class='ocrx_word' id='word_1_160' title='bbox 907 1221 1024 1263; x_wconf 81' lang='lat' dir='ltr'>Nam</span> <span class='ocrx_word' id='word_1_161' title='bbox 1055 1222 1112 1263; x_wconf 89' lang='lat' dir='ltr'>de</span> <span class='ocrx_word' id='word_1_162' title='bbox 1132 1235 1270 1276; x_wconf 87' lang='lat' dir='ltr'>puero</span> <span class='ocrx_word' id='word_1_163' title='bbox 1294 1221 1459 1264; x_wconf 90' lang='lat' dir='ltr'>Clodio</span> <span class='ocrx_word' id='word_1_164' title='bbox 1480 1226 1580 1264; x_wconf 84' lang='lat' dir='ltr'>tuas</span> 
     </span>
     <span class='ocr_line' id='line_1_22' title="bbox 96 1278 1580 1334; baseline 0 -14"><span class='ocrx_word' id='word_1_165' title='bbox 96 1284 246 1334; x_wconf 87' lang='lat' dir='ltr'>partes</span> <span class='ocrx_word' id='word_1_166' title='bbox 274 1292 370 1320; x_wconf 89' lang='lat' dir='ltr'>esse</span> <span class='ocrx_word' id='word_1_167' title='bbox 400 1279 618 1330; x_wconf 79' lang='lat' dir='ltr'>arbitror,</span> <span class='ocrx_word' id='word_1_168' title='bbox 663 1282 713 1318; x_wconf 84' lang='lat' dir='ltr'>ut</span> <span class='ocrx_word' id='word_1_169' title='bbox 741 1278 839 1318; x_wconf 91' lang='lat' dir='ltr'>eius</span> <span class='ocrx_word' id='word_1_170' title='bbox 869 1279 1064 1319; x_wconf 87' lang='lat' dir='ltr'>animum</span> <span class='ocrx_word' id='word_1_171' title='bbox 1106 1282 1331 1325; x_wconf 83' lang='lat' dir='ltr'>tenerum,</span> <span class='ocrx_word' id='word_1_172' title='bbox 1369 1279 1580 1334; x_wconf 86' lang='lat' dir='ltr'>quemad-</span> 
     </span>
     <span class='ocr_line' id='line_1_23' title="bbox 97 1332 1577 1389; baseline 0.001 -14"><span class='ocrx_word' id='word_1_173' title='bbox 97 1335 275 1377; x_wconf 87' lang='lat' dir='ltr'>modum</span> <span class='ocrx_word' id='word_1_174' title='bbox 304 1333 482 1386; x_wconf 82' lang='lat' dir='ltr'>scribis,</span> <span class='ocrx_word' id='word_1_175' title='bbox 521 1333 596 1375; x_wconf 90' lang='lat' dir='ltr'>his</span> <span class='ocrx_word' id='word_1_176' title='bbox 627 1332 914 1388; x_wconf 89' lang='lat' dir='ltr'>opinionibus</span> <span class='ocrx_word' id='word_1_177' title='bbox 945 1334 1131 1386; x_wconf 80' lang='lat' dir='ltr'>imbuas,</span> <span class='ocrx_word' id='word_1_178' title='bbox 1172 1338 1222 1375; x_wconf 85' lang='lat' dir='ltr'>ut</span> <span class='ocrx_word' id='word_1_179' title='bbox 1260 1347 1316 1375; x_wconf 92' lang='lat' dir='ltr'>ne</span> <span class='ocrx_word' id='word_1_180' title='bbox 1347 1348 1455 1389; x_wconf 84' lang='lat' dir='ltr'>quas</span> <span class='ocrx_word' id='word_1_181' title='bbox 1494 1335 1577 1376; x_wconf 88' lang='lat' dir='ltr'>ini-</span> 
     </span>
    </p>
   </div>
   <div class='ocr_carea' id='block_1_4' title="bbox 87 1519 1579 2821">
    <p class='ocr_par' dir='ltr' id='par_1_4' title="bbox 91 1519 1579 2097">
     <span class='ocr_line' id='line_1_24' title="bbox 97 1519 1579 1568; baseline 0.001 -13"><span class='ocrx_word' id='word_1_182' title='bbox 97 1522 128 1555; x_wconf 69' lang='lat'>4.</span> <span class='ocrx_word' id='word_1_183' title='bbox 154 1519 263 1555; x_wconf 83' lang='lat' dir='ltr'><strong>SCH.</strong></span> <span class='ocrx_word' id='word_1_184' title='bbox 298 1538 341 1545; x_wconf 82' lang='lat'>—-</span> <span class='ocrx_word' id='word_1_185' title='bbox 391 1521 616 1564; x_wconf 79' lang='lat' dir='ltr'>perspicere,</span> <span class='ocrx_word' id='word_1_186' title='bbox 643 1522 749 1557; x_wconf 87' lang='lat' dir='ltr'>lesen</span> <span class='ocrx_word' id='word_1_187' title='bbox 774 1524 849 1557; x_wconf 79' lang='lat' dir='ltr'>auf.</span> <span class='ocrx_word' id='word_1_188' title='bbox 886 1541 932 1549; x_wconf 94' lang='lat'><strong>—</strong></span> <span class='ocrx_word' id='word_1_189' title='bbox 981 1528 1043 1557; x_wconf 81' lang='lat' dir='ltr'>tuo</span> <span class='ocrx_word' id='word_1_190' title='bbox 1068 1522 1190 1557; x_wconf 77' lang='lat' dir='ltr'>studio</span> <span class='ocrx_word' id='word_1_191' title='bbox 1218 1548 1226 1557; x_wconf 90' lang='lat'>.</span> <span class='ocrx_word' id='word_1_192' title='bbox 1254 1548 1263 1558; x_wconf 90' lang='lat'><em>.</em></span> <span class='ocrx_word' id='word_1_193' title='bbox 1288 1548 1296 1556; x_wconf 88' lang='lat'><em>.</em></span> <span class='ocrx_word' id='word_1_194' title='bbox 1321 1532 1480 1568; x_wconf 72' lang='lat' dir='ltr'>proma,</span> <span class='ocrx_word' id='word_1_195' title='bbox 1507 1533 1579 1557; x_wconf 87' lang='lat' dir='ltr'>von</span> 
     </span>
     <span class='ocr_line' id='line_1_25' title="bbox 96 1567 1577 1620; baseline 0.001 -18"><span class='ocrx_word' id='word_1_196' title='bbox 96 1569 238 1603; x_wconf 81' lang='lat' dir='ltr'>Deiner</span> <span class='ocrx_word' id='word_1_197' title='bbox 262 1567 593 1617; x_wconf 59' lang='lat' dir='ltr'>Anhanglichkeit</span> <span class='ocrx_word' id='word_1_198' title='bbox 628 1581 675 1602; x_wconf 80' lang='lat' dir='ltr'>an</span> <span class='ocrx_word' id='word_1_199' title='bbox 708 1570 814 1604; x_wconf 84' lang='lat' dir='ltr'>mich</span> <span class='ocrx_word' id='word_1_200' title='bbox 841 1596 849 1604; x_wconf 95' lang='lat'><strong><em>.</em></strong></span> <span class='ocrx_word' id='word_1_201' title='bbox 879 1594 888 1604; x_wconf 86' lang='lat'><strong>.</strong></span> <span class='ocrx_word' id='word_1_202' title='bbox 918 1597 926 1605; x_wconf 95' lang='lat'><strong><em>.</em></strong></span> <span class='ocrx_word' id='word_1_203' title='bbox 955 1571 1048 1605; x_wconf 88' lang='lat' dir='ltr'>dazu</span> <span class='ocrx_word' id='word_1_204' title='bbox 1082 1570 1357 1620; x_wconf 81' lang='lat' dir='ltr'>ausgefordert.</span> <span class='ocrx_word' id='word_1_205' title='bbox 1406 1571 1477 1613; x_wconf 88' lang='lat' dir='ltr'>„In</span> <span class='ocrx_word' id='word_1_206' title='bbox 1505 1572 1577 1606; x_wconf 85' lang='lat' dir='ltr'>sei-</span> 
     </span>
     <span class='ocr_line' id='line_1_26' title="bbox 97 1615 1578 1664; baseline 0.002 -15"><span class='ocrx_word' id='word_1_207' title='bbox 97 1628 165 1651; x_wconf 83' lang='lat' dir='ltr'>ner</span> <span class='ocrx_word' id='word_1_208' title='bbox 199 1615 340 1650; x_wconf 83' lang='lat' dir='ltr'>friihen</span> <span class='ocrx_word' id='word_1_209' title='bbox 374 1616 521 1664; x_wconf 72' lang='lat' dir='ltr'>lug-end</span> <span class='ocrx_word' id='word_1_210' title='bbox 552 1616 657 1651; x_wconf 79' lang='lat' dir='ltr'>hatte</span> <span class='ocrx_word' id='word_1_211' title='bbox 692 1618 775 1652; x_wconf 88' lang='lat' dir='ltr'>sich</span> <span class='ocrx_word' id='word_1_212' title='bbox 808 1619 994 1654; x_wconf 83' lang='lat' dir='ltr'>Antonius</span> <span class='ocrx_word' id='word_1_213' title='bbox 1027 1632 1076 1653; x_wconf 89' lang='lat' dir='ltr'>zu</span> <span class='ocrx_word' id='word_1_214' title='bbox 1109 1620 1245 1654; x_wconf 87' lang='lat' dir='ltr'>Cicero</span> <span class='ocrx_word' id='word_1_215' title='bbox 1280 1618 1474 1664; x_wconf 84' lang='lat' dir='ltr'>gehalten,</span> <span class='ocrx_word' id='word_1_216' title='bbox 1515 1631 1578 1653; x_wconf 88' lang='lat' dir='ltr'>um</span> 
     </span>
     <span class='ocr_line' id='line_1_27' title="bbox 97 1663 1577 1715; baseline 0.001 -17"><span class='ocrx_word' id='word_1_217' title='bbox 97 1670 209 1698; x_wconf 84' lang='lat' dir='ltr'>unter</span> <span class='ocrx_word' id='word_1_218' title='bbox 242 1663 369 1698; x_wconf 84' lang='lat' dir='ltr'>seiner</span> <span class='ocrx_word' id='word_1_219' title='bbox 400 1664 614 1712; x_wconf 83' lang='lat' dir='ltr'>Anleitung·</span> <span class='ocrx_word' id='word_1_220' title='bbox 647 1665 731 1700; x_wconf 86' lang='lat' dir='ltr'>sich</span> <span class='ocrx_word' id='word_1_221' title='bbox 775 1666 816 1700; x_wconf 89' lang='lat' dir='ltr'>in</span> <span class='ocrx_word' id='word_1_222' title='bbox 850 1667 919 1701; x_wconf 82' lang='lat' dir='ltr'>der</span> <span class='ocrx_word' id='word_1_223' title='bbox 952 1667 1238 1715; x_wconf 79' lang='lat' dir='ltr'>gerichtlichen</span> <span class='ocrx_word' id='word_1_224' title='bbox 1268 1667 1489 1702; x_wconf 86' lang='lat' dir='ltr'>Redekunst</span> <span class='ocrx_word' id='word_1_225' title='bbox 1530 1680 1577 1702; x_wconf 87' lang='lat' dir='ltr'>zu</span> 
     </span>
     <span class='ocr_line' id='line_1_28' title="bbox 96 1711 1579 1765; baseline 0.002 -19"><span class='ocrx_word' id='word_1_226' title='bbox 96 1712 213 1755; x_wconf 82' lang='lat' dir='ltr'>iiben3</span> <span class='ocrx_word' id='word_1_227' title='bbox 238 1711 314 1745; x_wconf 86' lang='lat' dir='ltr'>und</span> <span class='ocrx_word' id='word_1_228' title='bbox 338 1712 377 1744; x_wconf 88' lang='lat' dir='ltr'>in</span> <span class='ocrx_word' id='word_1_229' title='bbox 403 1712 474 1746; x_wconf 81' lang='lat' dir='ltr'>der</span> <span class='ocrx_word' id='word_1_230' title='bbox 497 1713 618 1761; x_wconf 78' lang='lat' dir='ltr'>Folge</span> <span class='ocrx_word' id='word_1_231' title='bbox 644 1713 748 1747; x_wconf 83' lang='lat' dir='ltr'>hatte</span> <span class='ocrx_word' id='word_1_232' title='bbox 775 1726 817 1748; x_wconf 83' lang='lat' dir='ltr'>er</span> <span class='ocrx_word' id='word_1_233' title='bbox 843 1715 926 1750; x_wconf 90' lang='lat' dir='ltr'>eine</span> <span class='ocrx_word' id='word_1_234' title='bbox 946 1717 1035 1750; x_wconf 84' lang='lat' dir='ltr'>Zeit</span> <span class='ocrx_word' id='word_1_235' title='bbox 1059 1716 1151 1765; x_wconf 81' lang='lat' dir='ltr'>lang</span> <span class='ocrx_word' id='word_1_236' title='bbox 1176 1716 1248 1750; x_wconf 86' lang='lat' dir='ltr'>mit</span> <span class='ocrx_word' id='word_1_237' title='bbox 1273 1727 1441 1764; x_wconf 81' lang='lat' dir='ltr'>grossem</span> <span class='ocrx_word' id='word_1_238' title='bbox 1468 1716 1579 1750; x_wconf 83' lang='lat' dir='ltr'>Eifer</span> 
     </span>
     <span class='ocr_line' id='line_1_29' title="bbox 96 1759 1578 1811; baseline 0.003 -17"><span class='ocrx_word' id='word_1_239' title='bbox 96 1760 157 1794; x_wconf 88' lang='lat' dir='ltr'>die</span> <span class='ocrx_word' id='word_1_240' title='bbox 185 1759 307 1793; x_wconf 79' lang='lat' dir='ltr'>Partei</span> <span class='ocrx_word' id='word_1_241' title='bbox 334 1759 499 1794; x_wconf 83' lang='lat' dir='ltr'>Cicero’s</span> <span class='ocrx_word' id='word_1_242' title='bbox 526 1772 649 1809; x_wconf 72' lang='lat' dir='ltr'>geg-en</span> <span class='ocrx_word' id='word_1_243' title='bbox 677 1762 835 1796; x_wconf 86' lang='lat' dir='ltr'>Clodius</span> <span class='ocrx_word' id='word_1_244' title='bbox 860 1775 1101 1811; x_wconf 82' lang='lat' dir='ltr'>genommen.</span> <span class='ocrx_word' id='word_1_245' title='bbox 1130 1783 1172 1789; x_wconf 88' lang='lat'>-—</span> <span class='ocrx_word' id='word_1_246' title='bbox 1212 1764 1480 1798; x_wconf 73' lang='lat' dir='ltr'>commendavit.</span> <span class='ocrx_word' id='word_1_247' title='bbox 1525 1764 1578 1798; x_wconf 88' lang='lat' dir='ltr'>Es</span> 
     </span>
     <span class='ocr_line' id='line_1_30' title="bbox 94 1806 1578 1858; baseline 0.003 -17"><span class='ocrx_word' id='word_1_248' title='bbox 94 1808 196 1842; x_wconf 82' lang='lat' dir='ltr'>wird</span> <span class='ocrx_word' id='word_1_249' title='bbox 229 1806 316 1841; x_wconf 84' lang='lat' dir='ltr'>hier</span> <span class='ocrx_word' id='word_1_250' title='bbox 352 1808 414 1842; x_wconf 86' lang='lat' dir='ltr'>das</span> <span class='ocrx_word' id='word_1_251' title='bbox 451 1810 709 1858; x_wconf 79' lang='lat' dir='ltr'>zweideutige</span> <span class='ocrx_word' id='word_1_252' title='bbox 734 1811 935 1845; x_wconf 87' lang='lat' dir='ltr'>Verdienst</span> <span class='ocrx_word' id='word_1_253' title='bbox 967 1811 1157 1858; x_wconf 83' lang='lat' dir='ltr'>gemeint‚</span> <span class='ocrx_word' id='word_1_254' title='bbox 1195 1811 1367 1846; x_wconf 85' lang='lat' dir='ltr'>welches</span> <span class='ocrx_word' id='word_1_255' title='bbox 1393 1812 1578 1846; x_wconf 82' lang='lat' dir='ltr'>Antonius</span> 
     </span>
     <span class='ocr_line' id='line_1_31' title="bbox 93 1855 1575 1906; baseline 0.004 -17"><span class='ocrx_word' id='word_1_256' title='bbox 93 1856 148 1890; x_wconf 82' lang='lat' dir='ltr'>als</span> <span class='ocrx_word' id='word_1_257' title='bbox 174 1855 312 1890; x_wconf 88' lang='lat' dir='ltr'>Consul</span> <span class='ocrx_word' id='word_1_258' title='bbox 337 1855 422 1889; x_wconf 81' lang='lat' dir='ltr'>sich</span> <span class='ocrx_word' id='word_1_259' title='bbox 454 1867 518 1889; x_wconf 87' lang='lat' dir='ltr'>um</span> <span class='ocrx_word' id='word_1_260' title='bbox 553 1858 660 1891; x_wconf 85' lang='lat' dir='ltr'>beide</span> <span class='ocrx_word' id='word_1_261' title='bbox 688 1859 863 1893; x_wconf 77' lang='lat' dir='ltr'>Parteien</span> <span class='ocrx_word' id='word_1_262' title='bbox 898 1860 995 1899; x_wconf 80' lang='lat' dir='ltr'>(also</span> <span class='ocrx_word' id='word_1_263' title='bbox 1029 1871 1092 1893; x_wconf 86' lang='lat' dir='ltr'>um</span> <span class='ocrx_word' id='word_1_264' title='bbox 1127 1859 1188 1894; x_wconf 87' lang='lat' dir='ltr'>die</span> <span class='ocrx_word' id='word_1_265' title='bbox 1221 1859 1413 1906; x_wconf 85' lang='lat' dir='ltr'>Republik</span> <span class='ocrx_word' id='word_1_266' title='bbox 1447 1861 1575 1903; x_wconf 83' lang='lat' dir='ltr'>selbst‚</span> 
     </span>
     <span class='ocr_line' id='line_1_32' title="bbox 92 1904 1575 1955; baseline 0.004 -18"><span class='ocrx_word' id='word_1_267' title='bbox 92 1905 261 1938; x_wconf 84' lang='lat' dir='ltr'>insofern</span> <span class='ocrx_word' id='word_1_268' title='bbox 286 1904 340 1937; x_wconf 80' lang='lat' dir='ltr'>sie</span> <span class='ocrx_word' id='word_1_269' title='bbox 365 1916 427 1937; x_wconf 83' lang='lat' dir='ltr'>aus</span> <span class='ocrx_word' id='word_1_270' title='bbox 455 1904 571 1938; x_wconf 86' lang='lat' dir='ltr'>ihnen</span> <span class='ocrx_word' id='word_1_271' title='bbox 599 1906 767 1947; x_wconf 84' lang='lat' dir='ltr'>bestand)</span> <span class='ocrx_word' id='word_1_272' title='bbox 802 1907 925 1941; x_wconf 83' lang='lat' dir='ltr'>durch</span> <span class='ocrx_word' id='word_1_273' title='bbox 960 1908 1032 1941; x_wconf 89' lang='lat' dir='ltr'>den</span> <span class='ocrx_word' id='word_1_274' title='bbox 1057 1908 1270 1955; x_wconf 80' lang='lat' dir='ltr'>Vergleieh</span> <span class='ocrx_word' id='word_1_275' title='bbox 1304 1909 1466 1951; x_wconf 69' lang='lat' dir='ltr'>emvarb,</span> <span class='ocrx_word' id='word_1_276' title='bbox 1503 1909 1575 1943; x_wconf 87' lang='lat' dir='ltr'>den</span> 
     </span>
     <span class='ocr_line' id='line_1_33' title="bbox 95 1952 1573 2000; baseline 0.005 -15"><span class='ocrx_word' id='word_1_277' title='bbox 95 1963 138 1985; x_wconf 87' lang='lat' dir='ltr'>er</span> <span class='ocrx_word' id='word_1_278' title='bbox 169 1952 323 1999; x_wconf 82' lang='lat' dir='ltr'>wenige</span> <span class='ocrx_word' id='word_1_279' title='bbox 355 1952 458 2000; x_wconf 86' lang='lat' dir='ltr'>Tage</span> <span class='ocrx_word' id='word_1_280' title='bbox 498 1953 597 1988; x_wconf 80' lang='lat' dir='ltr'>nach</span> <span class='ocrx_word' id='word_1_281' title='bbox 631 1954 771 1988; x_wconf 56' lang='lat' dir='ltr'>Ciisar&#39;s</span> <span class='ocrx_word' id='word_1_282' title='bbox 807 1955 912 1989; x_wconf 69' lang='lat' dir='ltr'>Tode¹</span> <span class='ocrx_word' id='word_1_283' title='bbox 949 1956 1020 1989; x_wconf 89' lang='lat' dir='ltr'>mit</span> <span class='ocrx_word' id='word_1_284' title='bbox 1044 1957 1180 1990; x_wconf 83' lang='lat' dir='ltr'>Brutus</span> <span class='ocrx_word' id='word_1_285' title='bbox 1214 1956 1292 1990; x_wconf 86' lang='lat' dir='ltr'>und</span> <span class='ocrx_word' id='word_1_286' title='bbox 1317 1957 1465 1991; x_wconf 83' lang='lat' dir='ltr'>Cassius</span> <span class='ocrx_word' id='word_1_287' title='bbox 1493 1957 1573 1992; x_wconf 90' lang='lat' dir='ltr'>ein-</span> 
     </span>
     <span class='ocr_line' id='line_1_34' title="bbox 91 2000 1575 2054; baseline 0.005 -21"><span class='ocrx_word' id='word_1_288' title='bbox 91 2000 187 2048; x_wconf 79' lang='lat' dir='ltr'>ging</span> <span class='ocrx_word' id='word_1_289' title='bbox 220 2001 297 2033; x_wconf 87' lang='lat' dir='ltr'>und</span> <span class='ocrx_word' id='word_1_290' title='bbox 322 2000 509 2034; x_wconf 85' lang='lat' dir='ltr'>wodurch</span> <span class='ocrx_word' id='word_1_291' title='bbox 546 2001 614 2035; x_wconf 83' lang='lat' dir='ltr'>der</span> <span class='ocrx_word' id='word_1_292' title='bbox 639 2001 747 2036; x_wconf 83' lang='lat' dir='ltr'>stadt</span> <span class='ocrx_word' id='word_1_293' title='bbox 780 2003 873 2037; x_wconf 87' lang='lat' dir='ltr'>Rom</span> <span class='ocrx_word' id='word_1_294' title='bbox 899 2005 1250 2052; x_wconf 42' lang='lat' dir='ltr'>wenigstensneine</span> <span class='ocrx_word' id='word_1_295' title='bbox 1277 2005 1364 2039; x_wconf 85' lang='lat' dir='ltr'>Zeit</span> <span class='ocrx_word' id='word_1_296' title='bbox 1395 2006 1487 2054; x_wconf 80' lang='lat' dir='ltr'>lang</span> <span class='ocrx_word' id='word_1_297' title='bbox 1513 2006 1575 2040; x_wconf 89' lang='lat' dir='ltr'>ein</span> 
     </span>
     <span class='ocr_line' id='line_1_35' title="bbox 92 2047 1262 2097; baseline 0.006 -17"><span class='ocrx_word' id='word_1_298' title='bbox 92 2047 314 2097; x_wconf 82' lang='lat' dir='ltr'>greuliches</span> <span class='ocrx_word' id='word_1_299' title='bbox 340 2049 500 2083; x_wconf 86' lang='lat' dir='ltr'>Blutbad</span> <span class='ocrx_word' id='word_1_300' title='bbox 525 2056 673 2095; x_wconf 83' lang='lat' dir='ltr'>erspart</span> <span class='ocrx_word' id='word_1_301' title='bbox 698 2051 815 2085; x_wconf 79' lang='lat' dir='ltr'>ward.</span> <span class='ocrx_word' id='word_1_302' title='bbox 860 2053 1010 2087; x_wconf 88' lang='lat' dir='ltr'><em>WIEL.</em></span> <span class='ocrx_word' id='word_1_303' title='bbox 1049 2053 1262 2087; x_wconf 79' lang='lat' dir='ltr'><em>GRATER.</em></span> 
     </span>
    </p>

    <p class='ocr_par' dir='ltr' id='par_1_5' title="bbox 90 2095 1575 2276">
     <span class='ocr_line' id='line_1_36' title="bbox 186 2095 1575 2147; baseline 0.004 -16"><span class='ocrx_word' id='word_1_304' title='bbox 186 2097 217 2132; x_wconf 89' lang='lat'>2.</span> <span class='ocrx_word' id='word_1_305' title='bbox 247 2095 408 2139; x_wconf 57' lang='lat' dir='ltr'>benefic„</span> <span class='ocrx_word' id='word_1_306' title='bbox 435 2097 520 2131; x_wconf 82' lang='lat' dir='ltr'>eine</span> <span class='ocrx_word' id='word_1_307' title='bbox 544 2097 811 2147; x_wconf 58' lang='lat' dir='ltr'>Gefalligkeit.</span> <span class='ocrx_word' id='word_1_308' title='bbox 861 2119 908 2125; x_wconf 91' lang='lat'>—</span> <span class='ocrx_word' id='word_1_309' title='bbox 961 2101 1016 2134; x_wconf 82' lang='lat' dir='ltr'>ita</span> <span class='ocrx_word' id='word_1_310' title='bbox 1037 2106 1191 2144; x_wconf 81' lang='lat' dir='ltr'>petente,</span> <span class='ocrx_word' id='word_1_311' title='bbox 1216 2101 1345 2136; x_wconf 85' lang='lat' dir='ltr'>indem</span> <span class='ocrx_word' id='word_1_312' title='bbox 1369 2103 1430 2137; x_wconf 90' lang='lat' dir='ltr'>Du</span> <span class='ocrx_word' id='word_1_313' title='bbox 1455 2102 1575 2137; x_wconf 86' lang='lat' dir='ltr'>Deine</span> 
     </span>
     <span class='ocr_line' id='line_1_37' title="bbox 90 2143 1574 2194; baseline 0.005 -17"><span class='ocrx_word' id='word_1_314' title='bbox 90 2143 190 2178; x_wconf 77' lang='lat' dir='ltr'>Bitte</span> <span class='ocrx_word' id='word_1_315' title='bbox 215 2155 254 2178; x_wconf 90' lang='lat' dir='ltr'>so</span> <span class='ocrx_word' id='word_1_316' title='bbox 282 2144 523 2180; x_wconf 83' lang='lat' dir='ltr'>einkleidest.</span> <span class='ocrx_word' id='word_1_317' title='bbox 551 2164 594 2170; x_wconf 88' lang='lat'>—-</span> <span class='ocrx_word' id='word_1_318' title='bbox 647 2158 775 2181; x_wconf 73' lang='lat' dir='ltr'>necess.</span> <span class='ocrx_word' id='word_1_319' title='bbox 802 2152 899 2182; x_wconf 73' lang='lat' dir='ltr'>tuum</span> <span class='ocrx_word' id='word_1_320' title='bbox 926 2148 1007 2183; x_wconf 66' lang='lat' dir='ltr'>SeX.</span> <span class='ocrx_word' id='word_1_321' title='bbox 1036 2149 1221 2184; x_wconf 84' lang='lat' dir='ltr'>Clodium.</span> <span class='ocrx_word' id='word_1_322' title='bbox 1260 2170 1303 2175; x_wconf 82' lang='lat'>——</span> <span class='ocrx_word' id='word_1_323' title='bbox 1352 2152 1452 2184; x_wconf 78' lang='lat' dir='ltr'>nullo</span> <span class='ocrx_word' id='word_1_324' title='bbox 1478 2162 1574 2194; x_wconf 59' lang='lat' dir='ltr'>neg„</span> 
     </span>
     <span class='ocr_line' id='line_1_38' title="bbox 90 2191 1575 2247; baseline 0.005 -22"><span class='ocrx_word' id='word_1_325' title='bbox 90 2191 187 2226; x_wconf 85' lang='lat' dir='ltr'>ohne</span> <span class='ocrx_word' id='word_1_326' title='bbox 221 2192 362 2239; x_wconf 80' lang='lat' dir='ltr'>irgend</span> <span class='ocrx_word' id='word_1_327' title='bbox 396 2194 480 2228; x_wconf 89' lang='lat' dir='ltr'>eine</span> <span class='ocrx_word' id='word_1_328' title='bbox 517 2193 834 2241; x_wconf 83' lang='lat' dir='ltr'>Schwierigkeit‚</span> <span class='ocrx_word' id='word_1_329' title='bbox 870 2197 1147 2240; x_wconf 82' lang='lat' dir='ltr'>unbehindert3</span> <span class='ocrx_word' id='word_1_330' title='bbox 1182 2199 1310 2233; x_wconf 82' lang='lat' dir='ltr'>indcm</span> <span class='ocrx_word' id='word_1_331' title='bbox 1345 2211 1383 2233; x_wconf 90' lang='lat' dir='ltr'>es</span> <span class='ocrx_word' id='word_1_332' title='bbox 1411 2212 1507 2247; x_wconf 81' lang='lat' dir='ltr'>ganz</span> <span class='ocrx_word' id='word_1_333' title='bbox 1535 2200 1575 2232; x_wconf 80' lang='lat' dir='ltr'>in</span> 
     </span>
     <span class='ocr_line' id='line_1_39' title="bbox 90 2240 506 2276; baseline 0.007 -3"><span class='ocrx_word' id='word_1_334' title='bbox 90 2240 233 2274; x_wconf 85' lang='lat' dir='ltr'>Deiner</span> <span class='ocrx_word' id='word_1_335' title='bbox 257 2241 368 2274; x_wconf 83' lang='lat' dir='ltr'>Hand</span> <span class='ocrx_word' id='word_1_336' title='bbox 392 2241 506 2276; x_wconf 80' lang='lat' dir='ltr'>steht.</span> 
     </span>
    </p>

    <p class='ocr_par' dir='ltr' id='par_1_6' title="bbox 87 2289 1573 2656">
     <span class='ocr_line' id='line_1_40' title="bbox 184 2289 1573 2344; baseline 0.005 -22"><span class='ocrx_word' id='word_1_337' title='bbox 184 2289 217 2322; x_wconf 86' lang='lat'>3.</span> <span class='ocrx_word' id='word_1_338' title='bbox 245 2289 407 2333; x_wconf 78' lang='lat' dir='ltr'>remitto,</span> <span class='ocrx_word' id='word_1_339' title='bbox 432 2290 609 2334; x_wconf 87' lang='lat' dir='ltr'>concedo,</span> <span class='ocrx_word' id='word_1_340' title='bbox 638 2291 703 2325; x_wconf 85' lang='lat' dir='ltr'>ich</span> <span class='ocrx_word' id='word_1_341' title='bbox 729 2290 886 2339; x_wconf 83' lang='lat' dir='ltr'>gestehe</span> <span class='ocrx_word' id='word_1_342' title='bbox 916 2304 953 2326; x_wconf 86' lang='lat' dir='ltr'>es</span> <span class='ocrx_word' id='word_1_343' title='bbox 979 2304 1039 2326; x_wconf 87' lang='lat' dir='ltr'>zu.</span> <span class='ocrx_word' id='word_1_344' title='bbox 1068 2314 1110 2320; x_wconf 86' lang='lat'>—</span> <span class='ocrx_word' id='word_1_345' title='bbox 1139 2293 1205 2327; x_wconf 72' lang='lat' dir='ltr'>his.</span> <span class='ocrx_word' id='word_1_346' title='bbox 1242 2295 1344 2344; x_wconf 84' lang='lat' dir='ltr'>Lege</span> <span class='ocrx_word' id='word_1_347' title='bbox 1369 2295 1417 2329; x_wconf 75' lang='lat' dir='ltr'>iis</span> <span class='ocrx_word' id='word_1_348' title='bbox 1444 2296 1573 2329; x_wconf 71' lang='lat' dir='ltr'>verbis.</span> 
     </span>
     <span class='ocr_line' id='line_1_41' title="bbox 93 2335 1573 2391; baseline 0.005 -24"><span class='ocrx_word' id='word_1_349' title='bbox 93 2335 287 2371; x_wconf 85' lang='lat' dir='ltr'><strong><em>ORELLI.</em></strong></span> <span class='ocrx_word' id='word_1_350' title='bbox 334 2356 375 2362; x_wconf 89' lang='lat'>—</span> <span class='ocrx_word' id='word_1_351' title='bbox 428 2339 469 2372; x_wconf 78' lang='lat' dir='ltr'>id</span> <span class='ocrx_word' id='word_1_352' title='bbox 494 2364 502 2371; x_wconf 90' lang='lat'>.</span> <span class='ocrx_word' id='word_1_353' title='bbox 535 2365 543 2373; x_wconf 92' lang='lat'>.</span> <span class='ocrx_word' id='word_1_354' title='bbox 571 2364 578 2372; x_wconf 88' lang='lat'><strong>.</strong></span> <span class='ocrx_word' id='word_1_355' title='bbox 606 2340 676 2372; x_wconf 75' lang='lat' dir='ltr'>tibi</span> <span class='ocrx_word' id='word_1_356' title='bbox 715 2341 884 2383; x_wconf 74' lang='lat' dir='ltr'>(landum,</span> <span class='ocrx_word' id='word_1_357' title='bbox 925 2340 1022 2375; x_wconf 87' lang='lat' dir='ltr'>diess</span> <span class='ocrx_word' id='word_1_358' title='bbox 1065 2341 1183 2386; x_wconf 77' lang='lat' dir='ltr'>Opfer</span> <span class='ocrx_word' id='word_1_359' title='bbox 1214 2344 1285 2378; x_wconf 85' lang='lat' dir='ltr'>Dir</span> <span class='ocrx_word' id='word_1_360' title='bbox 1324 2343 1486 2391; x_wconf 80' lang='lat' dir='ltr'>bring-en</span> <span class='ocrx_word' id='word_1_361' title='bbox 1526 2356 1573 2376; x_wconf 92' lang='lat' dir='ltr'>zu</span> 
     </span>
     <span class='ocr_line' id='line_1_42' title="bbox 90 2385 1573 2432; baseline 0.006 -17"><span class='ocrx_word' id='word_1_362' title='bbox 90 2385 251 2417; x_wconf 80' lang='lat' dir='ltr'>miissen.</span> <span class='ocrx_word' id='word_1_363' title='bbox 280 2403 322 2409; x_wconf 92' lang='lat'>—</span> <span class='ocrx_word' id='word_1_364' title='bbox 350 2387 471 2419; x_wconf 79' lang='lat' dir='ltr'>acerb.</span> <span class='ocrx_word' id='word_1_365' title='bbox 495 2412 504 2419; x_wconf 88' lang='lat'>.</span> <span class='ocrx_word' id='word_1_366' title='bbox 532 2412 539 2419; x_wconf 92' lang='lat'>.</span> <span class='ocrx_word' id='word_1_367' title='bbox 565 2413 574 2420; x_wconf 91' lang='lat'><strong><em>.</em></strong></span> <span class='ocrx_word' id='word_1_368' title='bbox 605 2389 751 2422; x_wconf 73' lang='lat' dir='ltr'>tristius</span> <span class='ocrx_word' id='word_1_369' title='bbox 776 2414 784 2421; x_wconf 88' lang='lat'>.</span> <span class='ocrx_word' id='word_1_370' title='bbox 808 2414 816 2422; x_wconf 89' lang='lat'><strong>.</strong></span> <span class='ocrx_word' id='word_1_371' title='bbox 839 2413 846 2422; x_wconf 97' lang='lat'>.</span> <span class='ocrx_word' id='word_1_372' title='bbox 871 2389 1050 2432; x_wconf 69' lang='lat' dir='ltr'>severius,</span> <span class='ocrx_word' id='word_1_373' title='bbox 1076 2390 1195 2424; x_wconf 56' lang='lat' dir='ltr'>Harte</span> <span class='ocrx_word' id='word_1_374' title='bbox 1221 2416 1230 2426; x_wconf 84' lang='lat'><strong><em>.</em></strong></span> <span class='ocrx_word' id='word_1_375' title='bbox 1251 2417 1259 2425; x_wconf 86' lang='lat'><strong>.</strong></span> <span class='ocrx_word' id='word_1_376' title='bbox 1278 2416 1286 2426; x_wconf 89' lang='lat'><strong>.</strong></span> <span class='ocrx_word' id='word_1_377' title='bbox 1314 2391 1427 2426; x_wconf 83' lang='lat' dir='ltr'>mehr</span> <span class='ocrx_word' id='word_1_378' title='bbox 1444 2391 1573 2425; x_wconf 85' lang='lat' dir='ltr'>Herbe</span> 
     </span>
     <span class='ocr_line' id='line_1_43' title="bbox 92 2430 1571 2484; baseline 0.006 -22"><span class='ocrx_word' id='word_1_379' title='bbox 92 2456 98 2462; x_wconf 85' lang='lat'><strong>.</strong></span> <span class='ocrx_word' id='word_1_380' title='bbox 128 2457 136 2464; x_wconf 90' lang='lat'><strong>.</strong></span> <span class='ocrx_word' id='word_1_381' title='bbox 165 2455 174 2466; x_wconf 83' lang='lat'><strong>.</strong></span> <span class='ocrx_word' id='word_1_382' title='bbox 201 2430 374 2479; x_wconf 82' lang='lat' dir='ltr'>Strenge.</span> <span class='ocrx_word' id='word_1_383' title='bbox 424 2435 568 2468; x_wconf 77' lang='lat' dir='ltr'>Neutra</span> <span class='ocrx_word' id='word_1_384' title='bbox 601 2435 735 2470; x_wconf 81' lang='lat' dir='ltr'>adiect.</span> <span class='ocrx_word' id='word_1_385' title='bbox 773 2436 950 2471; x_wconf 82' lang='lat' dir='ltr'>substant.</span> <span class='ocrx_word' id='word_1_386' title='bbox 984 2437 1082 2472; x_wconf 93' lang='lat' dir='ltr'>loco.</span> <span class='ocrx_word' id='word_1_387' title='bbox 1136 2458 1177 2463; x_wconf 89' lang='lat'>—</span> <span class='ocrx_word' id='word_1_388' title='bbox 1228 2440 1430 2484; x_wconf 71' lang='lat' dir='ltr'>postularit</span> <span class='ocrx_word' id='word_1_389' title='bbox 1454 2451 1474 2472; x_wconf 91' lang='lat' dir='ltr'>a</span> <span class='ocrx_word' id='word_1_390' title='bbox 1499 2450 1571 2473; x_wconf 86' lang='lat' dir='ltr'>me.</span> 
     </span>
     <span class='ocr_line' id='line_1_44' title="bbox 89 2479 1571 2525; baseline 0.007 -15"><span class='ocrx_word' id='word_1_391' title='bbox 89 2497 137 2504; x_wconf 91' lang='lat'><em>-</em></span> <span class='ocrx_word' id='word_1_392' title='bbox 161 2488 272 2523; x_wconf 85' lang='lat' dir='ltr'>semp.</span> <span class='ocrx_word' id='word_1_393' title='bbox 298 2479 352 2513; x_wconf 72' lang='lat' dir='ltr'>ita</span> <span class='ocrx_word' id='word_1_394' title='bbox 377 2483 501 2525; x_wconf 78' lang='lat' dir='ltr'>statui,</span> <span class='ocrx_word' id='word_1_395' title='bbox 527 2483 627 2516; x_wconf 86' lang='lat' dir='ltr'>denn</span> <span class='ocrx_word' id='word_1_396' title='bbox 654 2495 691 2518; x_wconf 90' lang='lat' dir='ltr'>es</span> <span class='ocrx_word' id='word_1_397' title='bbox 718 2496 801 2519; x_wconf 80' lang='lat' dir='ltr'>wax·</span> <span class='ocrx_word' id='word_1_398' title='bbox 825 2485 965 2518; x_wconf 85' lang='lat' dir='ltr'>immer</span> <span class='ocrx_word' id='word_1_399' title='bbox 990 2486 1093 2519; x_wconf 87' lang='lat' dir='ltr'>mein</span> <span class='ocrx_word' id='word_1_400' title='bbox 1108 2485 1331 2521; x_wconf 80' lang='lat' dir='ltr'>Grundsatz.</span> <span class='ocrx_word' id='word_1_401' title='bbox 1360 2508 1400 2513; x_wconf 91' lang='lat'>—-</span> <span class='ocrx_word' id='word_1_402' title='bbox 1428 2486 1571 2525; x_wconf 68' lang='lat' dir='ltr'>humil..</span> 
     </span>
     <span class='ocr_line' id='line_1_45' title="bbox 89 2526 1571 2578; baseline 0.005 -19"><span class='ocrx_word' id='word_1_403' title='bbox 89 2526 150 2560; x_wconf 87' lang='lat' dir='ltr'>die</span> <span class='ocrx_word' id='word_1_404' title='bbox 175 2537 250 2560; x_wconf 88' lang='lat' dir='ltr'>von</span> <span class='ocrx_word' id='word_1_405' title='bbox 275 2526 344 2561; x_wconf 83' lang='lat' dir='ltr'>der</span> <span class='ocrx_word' id='word_1_406' title='bbox 368 2530 597 2578; x_wconf 79' lang='lat' dir='ltr'>geringeren</span> <span class='ocrx_word' id='word_1_407' title='bbox 623 2532 766 2567; x_wconf 88' lang='lat' dir='ltr'>Klasse.</span> <span class='ocrx_word' id='word_1_408' title='bbox 794 2552 837 2558; x_wconf 84' lang='lat'><em>-</em></span> <span class='ocrx_word' id='word_1_409' title='bbox 871 2534 1046 2577; x_wconf 62' lang='lat' dir='ltr'>praesz&#39;d„</span> <span class='ocrx_word' id='word_1_410' title='bbox 1076 2534 1143 2569; x_wconf 80' lang='lat' dir='ltr'>der</span> <span class='ocrx_word' id='word_1_411' title='bbox 1167 2535 1378 2577; x_wconf 79' lang='lat' dir='ltr'>Vortheile,</span> <span class='ocrx_word' id='word_1_412' title='bbox 1408 2534 1469 2569; x_wconf 86' lang='lat' dir='ltr'>die</span> <span class='ocrx_word' id='word_1_413' title='bbox 1494 2535 1571 2569; x_wconf 80' lang='lat' dir='ltr'>wir</span> 
     </span>
     <span class='ocr_line' id='line_1_46' title="bbox 87 2576 1567 2656; baseline 0.008 -50"><span class='ocrx_word' id='word_1_414' title='bbox 87 2585 163 2656; x_wconf 57' lang='lat'><strong>:1703</strong></span> <span class='ocrx_word' id='word_1_415' title='bbox 189 2585 328 2656; x_wconf 53' lang='lat' dir='ltr'>unfiem</span> <span class='ocrx_word' id='word_1_416' title='bbox 352 2576 530 2613; x_wconf 83' lang='lat' dir='ltr'>Klienten</span> <span class='ocrx_word' id='word_1_417' title='bbox 555 2578 690 2614; x_wconf 82' lang='lat' dir='ltr'>ziehen</span> <span class='ocrx_word' id='word_1_418' title='bbox 716 2581 880 2615; x_wconf 72' lang='lat' dir='ltr'>konnen.</span> <span class='ocrx_word' id='word_1_419' title='bbox 939 2582 1016 2617; x_wconf 75' lang='lat' dir='ltr'>Vox·</span> <span class='ocrx_word' id='word_1_420' title='bbox 1039 2583 1251 2626; x_wconf 68' lang='lat' dir='ltr'>spoliandos</span> <span class='ocrx_word' id='word_1_421' title='bbox 1285 2583 1410 2629; x_wconf 84' lang='lat' dir='ltr'>suppl.</span> <span class='ocrx_word' id='word_1_422' title='bbox 1442 2584 1493 2617; x_wconf 83' lang='lat' dir='ltr'>ita</span> <span class='ocrx_word' id='word_1_423' title='bbox 1518 2595 1567 2613; x_wconf 67' lang='grc'>-3</span> 
     </span>
    </p>

    <p class='ocr_par' dir='ltr' id='par_1_7' title="bbox 113 2634 269 2656">
     <span class='ocr_line' id='line_1_47' title="bbox 113 2634 269 2656; baseline -0.006 0"><span class='ocrx_word' id='word_1_424' title='bbox 113 2634 130 2656; x_wconf 84' lang='lat' dir='ltr'>a</span> <span class='ocrx_word' id='word_1_425' title='bbox 161 2634 228 2656; x_wconf 87' lang='lat' dir='ltr'>ure</span> <span class='ocrx_word' id='word_1_426' title='bbox 262 2648 269 2655; x_wconf 89' lang='lat'><strong>.</strong></span> 
     </span>
    </p>

    <p class='ocr_par' dir='ltr' id='par_1_8' title="bbox 89 2671 1567 2821">
     <span class='ocr_line' id='line_1_48' title="bbox 183 2671 1565 2725; baseline 0.005 -20"><span class='ocrx_word' id='word_1_427' title='bbox 183 2671 215 2705; x_wconf 87' lang='grc'>4.</span> <span class='ocrx_word' id='word_1_428' title='bbox 265 2671 309 2704; x_wconf 81' lang='lat' dir='ltr'>de</span> <span class='ocrx_word' id='word_1_429' title='bbox 332 2683 380 2701; x_wconf 74' lang='lat' dir='ltr'>:z</span> <span class='ocrx_word' id='word_1_430' title='bbox 404 2683 480 2707; x_wconf 83' lang='lat' dir='ltr'>was</span> <span class='ocrx_word' id='word_1_431' title='bbox 507 2673 674 2717; x_wconf 80' lang='lat' dir='ltr'>betrifft‚</span> <span class='ocrx_word' id='word_1_432' title='bbox 710 2676 876 2725; x_wconf 73' lang='lat' dir='ltr'>anlangt.</span> <span class='ocrx_word' id='word_1_433' title='bbox 929 2695 972 2703; x_wconf 86' lang='lat'>—</span> <span class='ocrx_word' id='word_1_434' title='bbox 1025 2682 1106 2712; x_wconf 70' lang='lat' dir='ltr'>tuas</span> <span class='ocrx_word' id='word_1_435' title='bbox 1129 2682 1257 2720; x_wconf 76' lang='lat' dir='ltr'>partes</span> <span class='ocrx_word' id='word_1_436' title='bbox 1282 2687 1378 2719; x_wconf 77' lang='lat' dir='ltr'>esse,</span> <span class='ocrx_word' id='word_1_437' title='bbox 1410 2678 1491 2712; x_wconf 87' lang='lat' dir='ltr'>dass</span> <span class='ocrx_word' id='word_1_438' title='bbox 1530 2690 1565 2712; x_wconf 79' lang='lat' dir='ltr'>es</span> 
     </span>
     <span class='ocr_line' id='line_1_49' title="bbox 90 2717 1567 2769; baseline 0.007 -19"><span class='ocrx_word' id='word_1_439' title='bbox 90 2717 210 2752; x_wconf 85' lang='lat' dir='ltr'>Deine</span> <span class='ocrx_word' id='word_1_440' title='bbox 237 2718 356 2753; x_wconf 82' lang='lat' dir='ltr'>Saehe</span> <span class='ocrx_word' id='word_1_441' title='bbox 381 2721 456 2763; x_wconf 60' lang='grc' dir='ltr'>σείς</span> <span class='ocrx_word' id='word_1_442' title='bbox 493 2724 667 2767; x_wconf 82' lang='lat' dir='ltr'>quoniam</span> <span class='ocrx_word' id='word_1_443' title='bbox 694 2725 853 2758; x_wconf 81' lang='lat' dir='ltr'>vitricus</span> <span class='ocrx_word' id='word_1_444' title='bbox 879 2732 960 2759; x_wconf 81' lang='lat' dir='ltr'>erat</span> <span class='ocrx_word' id='word_1_445' title='bbox 986 2726 1022 2758; x_wconf 86' lang='lat' dir='ltr'>P.</span> <span class='ocrx_word' id='word_1_446' title='bbox 1051 2725 1175 2759; x_wconf 86' lang='lat' dir='ltr'>Clodii</span> <span class='ocrx_word' id='word_1_447' title='bbox 1203 2725 1276 2758; x_wconf 80' lang='lat' dir='ltr'>filii</span> <span class='ocrx_word' id='word_1_448' title='bbox 1305 2726 1499 2769; x_wconf 82' lang='lat' dir='ltr'>Antonius,</span> <span class='ocrx_word' id='word_1_449' title='bbox 1526 2728 1567 2760; x_wconf 87' lang='lat' dir='ltr'>in</span> 
     </span>
     <span class='ocr_line' id='line_1_50' title="bbox 89 2766 1563 2821; baseline 0.007 -25"><span class='ocrx_word' id='word_1_450' title='bbox 89 2766 369 2802; x_wconf 78' lang='lat' dir='ltr'>matrimonium</span> <span class='ocrx_word' id='word_1_451' title='bbox 396 2768 504 2803; x_wconf 75' lang='lat' dir='ltr'>ducta</span> <span class='ocrx_word' id='word_1_452' title='bbox 530 2771 607 2804; x_wconf 80' lang='lat' dir='ltr'>eius</span> <span class='ocrx_word' id='word_1_453' title='bbox 636 2780 753 2807; x_wconf 81' lang='lat' dir='ltr'>matre</span> <span class='ocrx_word' id='word_1_454' title='bbox 781 2774 926 2807; x_wconf 82' lang='lat' dir='ltr'>Fulvia.</span> <span class='ocrx_word' id='word_1_455' title='bbox 954 2774 1056 2807; x_wconf 78' lang='lat' dir='ltr'>SCH.</span> <span class='ocrx_word' id='word_1_456' title='bbox 1098 2791 1138 2799; x_wconf 83' lang='lat'>-—</span> <span class='ocrx_word' id='word_1_457' title='bbox 1191 2771 1256 2807; x_wconf 76' lang='lat' dir='ltr'>leis.</span> <span class='ocrx_word' id='word_1_458' title='bbox 1311 2774 1410 2821; x_wconf 82' lang='lat' dir='ltr'>Lege</span> <span class='ocrx_word' id='word_1_459' title='bbox 1435 2775 1482 2807; x_wconf 75' lang='lat' dir='ltr'>iis</span> <span class='ocrx_word' id='word_1_460' title='bbox 1508 2786 1563 2818; x_wconf 84' lang='lat' dir='ltr'>op.</span> 
     </span>
    </p>
   </div>
  </div>
 </body>
</html>
