1795 3086
199 70 258 116 34
478 68 538 109 Μ,
571 68 625 110 Τ,
661 64 1006 108 CICERONIS
1037 65 1413 109 EPISTOLAE.

204 182 327 234 Quid
360 181 542 236 quaeris
555 181 569 220 Τ
617 179 799 220 Perisse
830 180 982 220 omnia
1012 178 1183 227 aiebam
1213 179 1334 234 quod
1366 177 1488 220 haud
1519 180 1614 220 scio
1644 193 1699 222 an

208 242 272 280 ita
301 239 373 280 sit:
414 250 568 278 verum
602 236 680 275 ille
714 234 939 289 gaudenst
983 233 1331 289 affirmabatque
1362 235 1511 275 minus
1541 235 1700 276 diebus

209 309 286 335 xx.
318 294 555 335 tumultum
587 290 835 331 Gallicumt
867 291 912 331 in
943 304 1194 331 sermonem
1223 305 1270 332 se
1301 294 1402 345 post
1431 289 1541 332 Idus
1565 291 1699 332 Mart.

207 355 519 405 praeterquam
549 345 715 402 Lepidi
756 347 933 387 venisse
978 346 1191 387 neminis:
1244 347 1301 387 ad
1340 358 1572 395 summam,
1612 360 1701 388 non

209 420 338 461 posse
370 407 511 445 istaec
542 403 609 443 sic
639 402 775 444 abire.
834 402 877 443 O
901 402 1142 456 pudentem
1172 401 1395 457 Oppium!
1438 403 1517 456 qui
1555 401 1704 443 nihilo

210 462 355 502 minus
387 460 518 499 illum
548 458 802 500 desideratt
847 459 927 499 sed
971 459 1173 513 loquitur
1211 458 1342 511 nihil,
1390 458 1512 512 quod
1551 471 1702 512 quem-

175 522 343 573 Qquam
374 517 536 557 bonum
567 515 780 555 offendat.
843 514 932 556 Sed
964 514 1078 555 haec
1109 513 1340 556 hactenus.
1400 514 1490 566 Tu,
1519 527 1704 568 quaeSO‚

211 572 431 628 quidqssid
461 570 785 613 novi—multa
815 576 959 611 autem
998 575 1214 625 exspecto
1237 596 1291 601 --
1320 571 1523 612 scribere
1553 584 1608 611 ne
1637 571 1704 625 pi-
1743 592 1753 599 ι’
1793 571 1795 583 ²

212 641 354 683 gnere.
413 627 466 667 In
496 626 586 677 his,
626 627 681 667 de
711 627 851 669 Sexto
890 626 1056 668 satisne
1087 630 1286 677 certunm
1330 627 1529 668 maxime
1556 630 1704 668 autem

213 687 269 725 (le
299 684 439 725 Bruto
470 687 650 724 nostro:
694 684 753 724 de
783 696 871 737 quo
902 682 1084 737 quidem
1115 683 1213 735 ille,
1253 683 1309 723 ad
1350 697 1483 737 quem
1513 682 1706 734 deverti,

213 740 450 782 Caesarem
481 739 665 780 solitum
696 739 867 791 dicere,
922 737 1126 795 „Mayni
1154 738 1327 793 refert,
1369 738 1448 781 hic
1479 738 1596 792 quid
1620 751 1707 780 ve-

213 797 290 839 lit.-
331 795 423 838 sed
452 794 681 848 quidquid
707 796 819 852 vult,
848 796 986 837 valde
1014 787 1171 836 quf‘
1210 795 1346 849 idque
1376 809 1476 836 eum
1508 794 1706 836 animad-

212 852 416 903 vertisse,
461 863 598 905 quum
636 865 718 905 pro
752 852 972 892 Deiotaro
1002 850 1175 892 Niceae
1214 851 1410 892 diceret:
1457 851 1592 891 valde
1630 864 1707 892 ve—

214 909 446 949 hementer
476 920 576 947 eum
606 908 751 948 visum
782 911 827 948 et
857 906 999 947 libere
1032 906 1212 947 dicere:
1245 911 1378 961 atque
1409 907 1547 947 etiam
1578 930 1629 937 —
1660 910 1709 946 ut

215 965 331 1005 enim
361 962 560 1017 quidque
591 964 832 1014 succurrit,
864 963 976 1004 libet
1009 963 1209 1003 scribere
1239 986 1292 991 —
1322 963 1544 1016 proxime,
1574 976 1708 1017 quum

215 1123 295 1155 Von
309 1119 417 1154 Nihil
433 1119 523 1153 oder
539 1118 632 1161 expl.
654 1117 709 1150 bis
735 1127 825 1149 nunc
843 1117 1006 1160 reperiet
1018 1115 1103 1149 sind
1116 1115 1259 1151 WVorte
1281 1115 1344 1150 des
1355 1115 1501 1150 Matius.
1532 1116 1578 1150 In
1604 1116 1710 1151 letzt‚

216 1168 385 1203 Falleist
397 1179 443 1200 zu
455 1164 753 1210 Nihilperditius
767 1171 821 1198 est
833 1163 1040 1206 hocMafio,
1069 1164 1268 1207 quiaiebat
1279 1176 1326 1197 zu
1353 1165 1567 1209 suppllren,
1587 1183 1628 1188 —
1651 1175 1711 1198 ex-

215 1217 359 1261 plicari
381 1239 388 1248 .
408 1240 415 1248 .
442 1225 512 1247 non
536 1223 656 1257 posse,
685 1225 721 1246 es
748 1212 802 1245 sei
830 1212 897 1246 der
923 1210 1044 1246 Sache
1071 1212 1180 1246 nicht
1205 1212 1318 1246 mehr
1351 1225 1398 1245 zu
1424 1212 1570 1248 heIFen.
1603 1231 1642 1238 —
1679 1213 1712 1245 si

217 1266 295 1308 ille,
313 1264 513 1298 Caesar.-—
542 1263 676 1294 exitum
702 1271 747 1294 ex
762 1260 1014 1304 Labyrintho.
1035 1279 1077 1285 -
1107 1261 1202 1295 Quid
1224 1260 1395 1304 quaeris?
1423 1275 1472 1292 :z
1499 1260 1613 1302 kurz,
1640 1260 1713 1295 mit

219 1311 504 1348 einemWOrte.
531 1328 573 1333 —
611 1310 778 1351 gaudens
805 1309 872 1342 ista
899 1308 1042 1351 aiebat3
1069 1308 1279 1342 laetabatur
1304 1309 1460 1356 quippe,
1486 1309 1711 1343 interfecto-

218 1373 279 1395 res
305 1359 474 1393 Caesaris
502 1359 669 1391 fructum
703 1357 826 1390 caedis
858 1367 933 1390 non
966 1368 1113 1402 capere.
1148 1375 1189 1381 -—
1232 1358 1372 1391 tumult.
1400 1356 1531 1391 Gallie.
1560 1358 1585 1390 i.
1613 1369 1645 1392 e.
1673 1357 1712 1389 in

219 1409 349 1444 Gallia
375 1414 602 1452 erupturum
626 1417 715 1439 esse.
767 1405 878 1439 Diese
904 1405 1194 1451 Prophezeiung
1225 1407 1306 1438 traf
1333 1405 1457 1439 wider
1487 1405 1583 1439 alles
1617 1406 1712 1439 Ver-

220 1456 380 1490 muthen
406 1454 517 1488 nicht
543 1455 619 1489 ein.
670 1454 740 1487 Die
774 1453 923 1486 Gallier
963 1453 1111 1487 hielten
1146 1453 1231 1486 sich
1264 1453 1449 1487 w'ahreml
1475 1454 1540 1488 des
1565 1465 1712 1498 ganzen

221 1504 428 1553 folgenden
454 1502 755 1549 Biirgerkrieges
783 1501 909 1548 ruhig.
966 1521 1006 1526 —
1055 1505 1137 1545 post
1170 1501 1227 1534 Id.
1258 1502 1389 1539 Illart„
1434 1502 1507 1535 seit
1542 1502 1630 1536 dem
1658 1504 1711 1537 15.

220 1557 337 1596 MHrz,
361 1563 421 1586 wo
448 1551 563 1584 C‘zisar
590 1549 777 1584 ermordet
802 1561 895 1584 war.
927 1568 967 1574 --—
995 1550 1033 1583 in
1060 1559 1166 1582 serm.
1194 1549 1353 1582 alieuius
1381 1550 1528 1592 venire,
1555 1550 1628 1584 mit
1654 1550 1714 1583 Ie-

221 1601 385 1636 manden
410 1599 613 1645 sprechen.
668 1616 710 1622 -
762 1598 929 1636 neminis,
962 1597 1133 1631 namlieh
1167 1608 1239 1631 von
1266 1598 1336 1631 der
1361 1598 1486 1632 Partei
1512 1597 1579 1632 der
1604 1597 1713 1632 C'zisa-

224 1651 364 1684 rianer.
391 1667 437 1674 -
465 1648 580 1690 abire,
605 1657 643 1681 so
669 1646 880 1691 hingehen‚
909 1646 1125 1693 ungestraft
1151 1645 1337 1693 abgehen.
1374 1665 1415 1671 —
1449 1647 1642 1690 pudentem
1667 1646 1714 1680 de

223 1699 317 1732 Ern.
347 1708 446 1741 susp.
473 1694 562 1729 Sch.
597 1696 804 1738 prudentem
839 1694 934 1728 cett.
961 1706 1047 1727 cum
1073 1693 1166 1728 cdd.
1218 1694 1271 1736 „0
1305 1693 1380 1729 wie
1412 1694 1631 1729 verseh‘zimt
1667 1695 1715 1729 ist

223 1747 394 1794 dagegcn
420 1744 487 1777 der
513 1743 736 1777 C'aisarianer
760 1742 950 1787 Oppius!“
1003 1743 1207 1787 Comparat
1233 1742 1368 1775 Cicero
1392 1742 1568 1788 Oppium,
1597 1743 1715 1776 alium

226 1794 395 1829 Caesaris
433 1791 610 1833 amicum,
649 1803 736 1825 cum
762 1791 876 1824 Matio
912 1791 1178 1839 significatque
1212 1801 1308 1831 eum,
1347 1791 1420 1823 etsi
1451 1792 1530 1836 ipse
1568 1802 1716 1836 quoque

226 1843 421 1877 Gaesarem
447 1839 651 1878 desideret,
681 1839 887 1886 pudentius
920 1845 1047 1873 tamen
1083 1851 1194 1885 quam
1220 1840 1376 1872 Matium
1411 1838 1456 1872 de
1489 1840 1601 1873 caede
1636 1842 1715 1873 eius

227 1891 346 1935 loqui.
382 1889 488 1923 SCH.
519 1908 559 1913 —
586 1888 706 1930 illum,
732 1887 941 1928 Caesarem,
968 1888 1166 1929 desiderat,
1205 1887 1291 1920 dem
1318 1886 1449 1921 Gasars
1477 1887 1558 1922 'rod
1582 1887 1716 1922 darum

227 1938 337 1972 nicht
362 1938 535 1983 weniger
561 1935 658 1969 nahe
684 1935 785 1981 geht.
815 1954 858 1959 —
883 1936 949 1969 secl
972 1942 1096 1969 tamen
1123 1936 1194 1979 loq.
1222 1955 1263 1960 ——
1291 1935 1434 1976 honum,
1462 1936 1667 1971 Patrioten.

323 1988 358 2021 2.
410 1985 447 2017 in
472 1985 542 2024 liis,
569 1991 682 2018 unter
706 1984 888 2023 Anderm‚
916 1995 1001 2017 zum
1027 1983 1203 2029 Beispiel.
1240 2002 1282 2007 --
1318 1984 1361 2016 <le
1386 1983 1497 2018 Sea-to
1524 1984 1716 2031 Pompeis),

230 2034 356 2082 Magni
382 2033 475 2075 filio,
498 2033 633 2066 satisne
657 2036 807 2075 certum,
833 2032 879 2065 ob
907 2033 993 2073 Das,
1021 2043 1098 2065 was
1124 2043 1324 2065 man-vom
1339 2031 1473 2066 Sextus
1499 2039 1593 2080 sag-t,
1619 2032 1717 2067 auch

229 2083 368 2132 gewiss
390 2082 501 2115 ist.—-
521 2081 563 2113 cle
573 2081 702 2114 Bruto.
730 2080 867 2114 Brutus
888 2080 990 2113 enim
1010 2086 1045 2113 et
1061 2079 1223 2119 Cassius,
1251 2087 1292 2113 ut
1312 2080 1529 2125 periculum
1555 2082 1600 2115 ab
1627 2081 1717 2115 irri-

229 2137 305 2166 tata
330 2130 376 2164 ob
400 2129 569 2164 Caesaris
595 2129 746 2162 caedem
773 2128 884 2173 plebe
912 2129 1090 2169 vitarent,
1126 2127 1283 2161 Antium
1309 2134 1346 2162 et
1363 2129 1603 2162 Lanuvinum
1629 2140 1716 2164 con-

232 2184 433 2213 cesserant.
460 2177 567 2211 SCH.
593 2177 742 2221 Nempe
768 2176 941 2210 dicebant
959 2187 1044 2210 eum
1060 2177 1100 2208 in
1115 2176 1232 2210 armis
1244 2187 1322 2210 esse
1339 2182 1377 2210 et
1392 2176 1534 2210 bellum
1550 2189 1715 2212 movere.

232 2226 464 2262 ERNESTI.
491 2243 532 2249 --
559 2225 638 2267 ille,
665 2225 715 2257 ad
738 2236 842 2268 quem
867 2225 1018 2267 deverti,
1054 2223 1185 2258 aiebat.
1230 2224 1265 2258 S.
1295 2224 1389 2258 oben
1418 2223 1445 2266 §.
1476 2228 1502 2258 1.
1531 2243 1573 2250 -
1599 2227 1720 2265 valde,

233 2275 353 2317 stark,
379 2275 451 2308 mit
477 2273 638 2315 Gewalt,
664 2272 888 2321 Heftigkeit.
933 2271 996 2306 Sic
1030 2273 1127 2306 Viet.
1163 2275 1192 2307 l.
1229 2273 1262 2307 2.
1308 2272 1435 2305 Lamb.
1463 2286 1510 2303 :-
1537 2274 1613 2306 volt
1637 2300 1646 2307 .
1674 2300 1681 2306 .
1709 2299 1718 2307 .

232 2324 306 2357 vole
330 2322 401 2356 Md.
429 2334 449 2355 a
475 2333 548 2355 sec.
573 2332 670 2354 man.
697 2321 785 2355 Cod.
812 2321 955 2355 decurt.
984 2320 1162 2355 Tornaes.
1188 2320 1322 2354 Bened.
1349 2320 1485 2354 Graev.
1521 2323 1619 2355 volet
1646 2347 1655 2355 .
1678 2347 1686 2356 .
1710 2349 1717 2355 .

232 2372 330 2405 volet
355 2370 429 2404 Md.
457 2382 477 2404 a
501 2381 559 2414 pr.
587 2382 637 2403 m.
665 2369 753 2403 cdd.
782 2369 846 2416 Re*
865 2369 904 2402 ii.
939 2368 1005 2401 ccl.
1031 2368 1071 2401 in
1096 2381 1144 2406 m.
1174 2370 1277 2404 1584.
1317 2368 1422 2403 Rom.
1450 2369 1545 2402 [ens.
1574 2369 1654 2403 Asc.
1685 2373 1719 2404 1.

235 2419 336 2454 crat.
363 2419 457 2453 Ern.
487 2417 574 2452 Sch.
600 2419 692 2451 Liin.
730 2417 829 2452 ORE
864 2416 927 2450 LI.
957 2435 998 2440 —
1027 2417 1134 2462 idque
1158 2428 1247 2458 eum,
1272 2416 1480 2451 Caesarem.
1508 2438 1551 2444 —
1579 2418 1721 2452 Niceae

235 2468 372 2501 diceret
394 2467 531 2501 Brutus
557 2467 580 2500 i.
609 2477 640 2500 e.
669 2477 785 2510 quum
810 2466 946 2499 Brutus
973 2477 1072 2506 eum,
1110 2466 1209 2509 quod
1233 2477 1254 2499 a
1278 2466 1516 2510 Pompeianis
1550 2466 1719 2512 partibus

235 2521 404 2555 steterat,
430 2515 528 2560 apud
552 2515 748 2548 Caesarem
774 2513 1009 2555 defenderet,
1047 2525 1066 2546 a
1093 2524 1167 2557 quo
1191 2520 1318 2547 tamen
1342 2514 1573 2548 tetrarchiae
1599 2525 1719 2562 regno

235 2563 415 2598 multatus
444 2569 508 2597 est.
541 2562 624 2595 vid.
650 2573 709 2607 ep.
735 2561 918 2604 Dcxcll,
947 2563 976 2596 1.
1004 2561 1050 2595 de
1071 2561 1198 2597 Divin.
1224 2563 1255 2603 Ι,
1283 2563 1339 2601 15,
1365 2562 1415 2604 ΙΙ,
1441 2564 1501 2597 35.
1528 2564 1585 2597 37.
1613 2561 1719 2596 Serv.

234 2611 281 2644 ad
304 2610 444 2656 virgil.
468 2611 561 2647 Aen.
588 2610 651 2653 IX,
677 2610 757 2645 546.
784 2621 820 2644 u.
847 2622 895 2643 zu
921 2621 980 2655 ep.
1008 2611 1091 2651 650,
1117 2611 1150 2645 2.
1178 2611 1283 2645 Brut.
1311 2611 1345 2644 5.
1396 2609 1486 2652 „Sic
1517 2610 1581 2645 cd.
1617 2611 1720 2645 Lon-

233 2659 308 2706 gol.
336 2659 442 2704 prob.
468 2659 553 2693 Urs.
579 2659 671 2692 Em.
697 2657 785 2692 Sch.
813 2658 909 2691 Liin.
954 2657 1090 2691 dixerit
1125 2658 1273 2692 Pri0res
1310 2669 1396 2691 cum
1423 2658 1498 2692 Md.
1550 2675 1591 2682 —-
1643 2668 1721 2692 eum

234 2708 367 2741 visum.
399 2706 487 2742 Sch.
522 2707 561 2741 in
592 2706 664 2740 Ed.
697 2706 783 2740 mai.
817 2707 910 2740 Lun.
956 2705 1046 2738 enirn
1077 2706 1144 2739 vis.
1179 2707 1224 2741 de
1256 2707 1349 2740 Ern.
1384 2718 1481 2751 susp.
1523 2705 1719 2740 ORELLI.

232 2754 349 2789 risum
376 2767 454 2790 esse
480 2755 641 2789 Caesari.
678 2774 720 2780 --
763 2755 958 2794 succurrit,
983 2754 1060 2786 mir
1086 2754 1229 2789 wieder
1255 2755 1419 2788 einffiut.
1456 2775 1496 2780 ——
1533 2754 1716 2798 proi-ime,
