1795 3086
26 61 29 142 ξ
193 131 195 134 ¹
340 114 343 115 γ
506 65 826 113 EPISTOLA
870 65 1301 111 nccnxxxvn.
1565 64 1659 114 253

166 196 302 240 quum
331 182 524 238 populus
552 179 780 223 Romanus
818 179 1034 234 meminit,
1083 194 1154 223 me
1192 181 1338 237 ipsum
1376 193 1465 223 non
1503 181 1661 223 memi-

166 242 288 282 nisse
339 237 651 294 turpissimum
699 239 783 278 est.
858 234 1143 291 Quapropter
1189 236 1412 293 persuade
1448 236 1550 283 tibi,
1593 237 1658 278 mi
1696 244 1725 285 3

166 297 323 353 Brute,
372 309 441 336 me
478 296 632 350 petere
671 293 940 349 praeturam.
1017 291 1297 350 Quamquam
1342 293 1461 335 enim
1498 293 1661 335 Lamia

168 365 341 394 summo
379 349 632 406 splendore,
681 359 854 390 summa.
891 345 1039 401 gratia
1077 353 1160 400 est,
1209 348 1659 405 magnificentissimo

27 421 29 455 ι
169 421 351 450 munere
390 405 620 458 aedilicio,
671 408 834 455 tamen,
873 402 1003 456 quasi
1044 415 1099 444 ca
1135 404 1202 446 ita
1239 419 1328 447 non
1365 408 1525 452 essent,
1573 418 1660 460 ego

27 463 29 468 '
170 463 349 519 suscepi
377 466 519 504 totum
548 460 797 516 negotium.
855 457 1004 511 Nunc,
1034 459 1074 500 si
1102 472 1172 501 me
1200 461 1315 502 tanti
1343 460 1473 515 facis,
1502 461 1659 515 quanti

169 524 293 562 certe
322 518 451 565 facis,
479 518 691 573 quoniam
719 515 920 572 equitum
949 515 1179 558 centurias
1208 520 1347 564 tenes,
1382 518 1431 559 in
1459 517 1560 572 quis
1589 530 1659 559 re-

170 589 296 631 gnas,
325 573 452 616 mitte
481 573 541 615 ad
568 573 749 629 Lupum
777 576 994 625 nostrum,
1023 574 1074 613 ut
1100 570 1142 613 is
1170 571 1298 613 nobis
1328 586 1403 614 eas
1432 572 1662 615 centurias

171 631 397 673 conficiat.
455 629 560 672 Non
597 630 757 671 tenebo
808 633 853 670 te
892 627 1122 683 pluribus3
1171 640 1334 683 ponam
1370 627 1418 669 in
1455 632 1662 670 extremo

171 688 292 742 quod
320 684 489 728 sentioz
527 685 648 727 nihil
679 689 763 732 est,
801 683 959 730 Brute,
997 696 1134 738 quum
1162 684 1313 728 omnia
1349 696 1375 726 a
1402 687 1446 726 te
1474 697 1661 741 exspec-

173 750 277 798 tem,
306 742 428 799 quod
455 741 571 784 mihi
600 741 774 798 gratius
803 740 955 783 facere
985 739 1144 796 possis,

173 919 346 955 meminit.
372 919 501 954 Lamb.
528 919 626 954 coni.
654 918 748 954 Ern.
773 917 865 954 sch.
892 919 988 955 Liin.
1013 920 1236 954 meminerit.
1265 918 1466 954 ORELLI.
1493 939 1536 946 -
1563 923 1661 965 turp,

173 974 228 1003 est
252 974 296 1003 st.
333 975 444 1011 esset,
477 977 594 1012 quum
615 968 657 1001 in
683 979 744 1002 me
769 969 979 1005 contulerit
1003 968 1080 1004 hoc
1105 968 1345 1005 beneficium.

268 1036 303 1071 3.
351 1035 530 1079 persuade
556 1035 624 1068 tibi
647 1040 733 1075 cet„
772 1036 917 1070 Darum
950 1036 1060 1071 stelle
1094 1036 1167 1071 Dir
1197 1047 1235 1070 es
1266 1047 1308 1071 so
1332 1046 1418 1080 vor,
1443 1035 1501 1071 als
1527 1036 1574 1071 ob
1600 1035 1665 1070 ich

173 1082 291 1118 selbst
314 1084 379 1118 fiir
403 1083 508 1117 mich
534 1082 595 1117 die
622 1084 758 1118 Pr‘eitux·
782 1083 929 1119 suchte.
978 1084 1160 1119 N'zimlich
1192 1095 1306 1119 wann
1339 1084 1404 1118 ich
1435 1085 1503 1119 stix·
1535 1085 1665 1119 diesen

174 1132 279 1166 bitte.
332 1149 375 1157 —
429 1132 665 1175 Quamquam.
716 1131 907 1177 Ostendit,
947 1133 1082 1178 quibus
1114 1132 1350 1167 ornamentis
1383 1132 1593 1168 instructus
1618 1132 1666 1167 ad

176 1179 402 1225 petitionem
427 1178 527 1212 hanc
551 1179 704 1214 accedat
729 1179 872 1214 Lamia.
914 1198 957 1206 -
992 1181 1143 1225 splend„
1168 1181 1225 1216 als
1250 1180 1387 1215 Ritter.
1432 1199 1475 1206 —
1519 1181 1665 1224 gratia,

175 1228 238 1262 die
264 1227 387 1262 Gunst
412 1227 474 1262 des
499 1227 629 1262 Volks.
683 1246 725 1252 —
775 1237 921 1262 munere
950 1229 1076 1270 aedil„
1109 1242 1160 1261 z:
1192 1239 1420 1274 quamquam
1454 1240 1600 1263 summa
1626 1229 1667 1262 in

176 1275 301 1324 gratia
332 1282 392 1310 est
422 1274 522 1321 apud
553 1276 738 1321 populum
775 1280 930 1321 propter
962 1276 1365 1320 magnificentissimum
1388 1287 1517 1312 munus
1536 1277 1666 1312 aedilz}

174 1324 282 1364 cium,
314 1334 453 1371 weg-en
478 1323 547 1357 der
571 1326 735 1358 'ausserst
767 1323 1043 1369 prachtvollen
1067 1325 1213 1371 Spicle‚
1252 1325 1315 1360 die
1351 1335 1395 1359 er
1427 1325 1485 1359 als
1520 1325 1667 1360 Aedilis

177 1371 324 1406 curulis
358 1371 445 1406 dem
481 1371 602 1406 Volke
637 1371 812 1420 gegeben
847 1371 925 1407 hat.
974 1372 1101 1408 Ablat.
1135 1384 1277 1408 causae.
1327 1373 1507 1408 Ceterum
1537 1374 1668 1408 Lamia

177 1419 310 1454 aedilis
342 1419 418 1454 fuit
452 1422 497 1455 εἷο
522 1421 604 1459 709,
629 1426 849 1466 praeturam
875 1420 995 1469 gessit
1019 1422 1100 1458 712.
1146 1422 1231 1457 vid.
1257 1421 1384 1457 Valer.
1412 1423 1508 1457 Max.
1541 1423 1605 1464 vl,
1633 1425 1667 1463 1,

178 1468 244 1513 qui
272 1479 358 1502 eum
382 1468 614 1512 praetorium
637 1469 821 1514 appellat,
845 1475 884 1504 et
908 1469 1016 1514 Pigh.
1044 1470 1092 1504 ad
1117 1469 1158 1505 h.
1185 1482 1220 1507 a.
1244 1470 1355 1505 SCH.
1397 1488 1441 1496 ——
1486 1471 1668 1516 quoniam,

176 1516 252 1551 wie
279 1527 337 1561 ep.
356 1517 482 1558 7823.
509 1534 553 1541 —-
580 1517 760 1551 centurias
785 1517 810 1552 i.
837 1528 868 1552 e.
897 1518 1081 1566 suffragia
1107 1518 1366 1553 centuriarum
1391 1522 1500 1563 tenes,
1526 1520 1566 1553 in
1578 1519 1668 1554 Deia

179 1575 250 1597 ner
273 1563 424 1599 Gewalt
449 1564 544 1598 hast.
596 1585 639 1591 -
689 1565 727 1598 in
753 1565 834 1609 quis
859 1575 1010 1609 regnae,
1052 1573 1166 1601 untex·
1197 1566 1378 1603 welchen
1400 1568 1460 1602 Du
1493 1568 1570 1603 wie
1605 1568 1667 1602 ein

178 1612 307 1660 K'o'nig
332 1612 528 1662 gebietest.
573 1611 638 1647 Sic
663 1612 735 1647 Md.
760 1615 892 1663 Margo
918 1614 1020 1649 Crat.
1048 1615 1145 1649 vict.
1163 1617 1195 1650 1.
1210 1616 1244 1651 2.
1268 1614 1406 1650 Bened.
1430 1629 1481 1648 :-
1504 1616 1542 1650 in
1567 1616 1671 1661 queis

179 1660 318 1694 Graev.
362 1660 456 1694 Ern.
498 1658 590 1705 Sch.
633 1662 727 1695 Liin.
773 1675 822 1693 z
859 1662 900 1696 in
944 1663 1068 1707 quibus
1106 1664 1225 1710 Neap.
1263 1664 1420 1699 Ascens.
1454 1667 1487 1699 1.
1535 1665 1666 1699 hamb.

178 1708 380 1742 ORELLI.
431 1727 474 1734 -
523 1709 573 1743 ad
595 1710 734 1756 Lupum
768 1709 812 1754 (s.
837 1721 896 1755 ep.
922 1711 1005 1755 779,
1035 1713 1084 1755 ¹2)
1121 1712 1224 1746 mitte
1256 1712 1403 1755 literas,
1439 1711 1594 1748 schreib
1619 1725 1668 1747 an

179 1756 262 1791 ihn.
311 1756 478 1792 Rutilius
504 1757 632 1803 Lupus
657 1769 740 1793 war
764 1758 826 1793 cin
860 1759 977 1803 Legat
1002 1759 1067 1793 des
1094 1760 1138 1794 D.
1163 1761 1303 1794 Brutus
1334 1760 1413 1794 und
1446 1761 1542 1796 eben
1566 1761 1666 1796 nach

183 1804 276 1838 Rom
301 1804 545 1853 gekommen,
571 1817 635 1839 um
661 1805 748 1841 dort
774 1807 877 1841 seine
905 1807 1111 1843 Gesch'afte
1136 1820 1184 1842 zu
1210 1808 1404 1857 besorgen.
1455 1827 1500 1836 --
1553 1808 1666 1850 confi—

179 1852 257 1886 ciat
284 1853 308 1888 i.
331 1864 362 1887 e.
389 1853 572 1890 conciliet
598 1861 635 1889 et
660 1865 794 1889 eorum
819 1854 1002 1903 suffragia
1027 1856 1220 1901 impetret.
1247 1874 1290 1882 -
1317 1857 1457 1901 tenebo,
1482 1854 1666 1893 detinebo„

184 1918 226 1924 -
251 1901 291 1934 in
312 1906 485 1945 extremo,
516 1914 604 1937 zum
630 1902 808 1938 Schlusse
835 1903 935 1939 noch
960 1904 1032 1939 mit
1056 1904 1282 1953 Wenigem,
1308 1906 1405 1943 Was
1432 1905 1497 1942 ich
1523 1906 1666 1942 denke!

181 1948 361 1984 N'a'mlich
389 1949 498 1986 Nilei!
520 1956 574 1987 est
600 1958 667 1987 cet,
699 1971 740 1977 -
768 1963 875 1997 quum
900 1966 950 1985 z
975 1964 1091 1990 wenn
1116 1953 1257 2002 gleich,
