1795 3086
121 986 149 1031 0⁴1

193 97 287 146 364
414 77 419 85 “
453 97 516 140 Μ.
546 97 604 142 Τ.
645 97 988 142 CICERONIS
1035 98 1412 142 EPISTOLAE.

193 213 295 266 Ego
325 209 458 260 enim,
503 223 617 264 quac
652 208 883 263 provideri
920 212 1155 264 poterunt,
1205 223 1292 252 non
1336 210 1474 253 fallar
1508 211 1556 252 in
1594 212 1675 254 iis:

192 281 306 322 quae
337 265 588 307 cautionem
621 278 709 305 non
739 263 975 317 habebunt,
1016 266 1073 307 de
1111 267 1168 307 iis
1206 280 1295 307 non
1337 266 1402 308 ita
1439 267 1574 309 valde
1612 269 1676 308 la—

191 325 315 364 boro.
374 321 471 362 Sim
499 322 616 362 enim
644 320 894 373 impudens,
933 322 973 363 si
1004 323 1104 376 plus
1146 323 1383 376 postulem,
1421 335 1551 377 quam
1594 323 1675 364 ho-

192 378 304 420 mini
334 389 361 417 a
389 389 540 418 rerum
579 380 743 419 natura
782 377 920 417 tribui
957 382 1115 431 potest.
1174 377 1309 428 Quod
1348 377 1464 420 mihi
1501 380 1676 433 praeci-

189 436 276 489 pis,
307 436 355 473 ut
384 445 578 479 caveam,
620 445 675 473 ne
704 431 905 473 timendo
934 434 1075 488 magis
1104 433 1265 476 timere
1305 448 1468 489 cogam
1515 438 1562 475 et
1607 447 1676 475 sa-

190 491 367 543 pienter
395 492 440 529 et
468 489 742 530 amicissime
770 488 1005 543 praecipis.
1074 488 1164 531 Sed
1204 489 1342 532 velim
1381 489 1466 531 tibi
1496 503 1677 544 persua-

191 546 315 597 deas,
346 557 480 599 quum
509 548 555 586 tc
585 547 759 586 constet
788 545 1016 586 excellere
1044 544 1134 586 hoc
1173 559 1337 600 genere
1377 546 1579 597 virtutis,
1629 549 1680 586 ut

188 613 411 655 nunquam
440 601 726 653 extimescas,
765 613 986 656 nunquam
1014 602 1293 655 perturbere,
1332 615 1403 643 me
1441 601 1551 642 huic
1579 605 1680 642 tuae

185 658 346 703 virtuti
373 656 582 712 proxime
611 656 839 699 accedere.
888 656 1186 708 Quamobrem
1214 672 1298 699 nec
1325 661 1518 699 metuam
1547 656 1679 712 quid-

185 726 321 767 quam
351 717 397 755 et
426 713 592 755 cavebo
622 713 784 755 omnia.
843 712 936 754 Sed
962 713 1081 766 vide,
1110 726 1165 753 ne
1193 717 1270 754 tua
1296 713 1403 766 iam,
1431 713 1497 754 mi
1525 712 1679 765 Brute,

186 770 322 823 culpa
350 768 508 816 futura
535 769 610 816 sit,
638 769 681 811 si
710 782 791 824 ego
821 768 1066 824 quidquam
1093 768 1299 810 timeam:
1328 769 1419 810 tuis
1443 769 1561 811 enim
1584 769 1680 822 opi-

188 826 357 871 buset
398 825 634 866 consulatu
673 828 765 878 tuo,
810 826 947 868 etiam
997 825 1037 866 si
1075 824 1229 866 timidi
1279 838 1488 871 essemus,
1534 828 1680 864 tamen

184 894 363 922 omnem
392 880 600 922 timorem
630 882 940 933 abiiceremus,
969 881 1232 935 praesertim
1262 894 1397 935 quum
1420 887 1679 934 persuasum

185 937 387 982 omnibus
430 940 549 978 esset
590 936 792 991 mihique
831 937 1038 989 maxime,
1088 950 1114 978 a
1153 940 1200 978 te
1237 950 1319 977 nos
1360 937 1489 977 unice
1527 935 1678 990 diligi.

184 992 403 1038 Consiliis
432 992 535 1045 tuis,
565 1006 679 1046 quae
707 993 866 1034 scribis
905 992 962 1034 de
992 996 1204 1047 quattuor
1233 990 1496 1046 ‘legionibus
1534 991 1680 1046 deque

183 1048 305 1103 agris
335 1048 619 1101 assignandis
651 1049 704 1088 ab
733 1049 935 1102 utrisque
965 1047 1181 1100 vestrum,
1210 1046 1502 1090 vehementer
1529 1061 1679 1089 assen-

183 1106 290 1146 tior.
349 1104 526 1158 Itaque,
558 1114 692 1159 quum
724 1104 907 1158 quidam
937 1103 993 1144 de
1023 1104 1215 1156 collegis
1254 1105 1421 1145 nostris
1451 1104 1676 1157 agrariam

182 1160 462 1205 curationem
501 1159 783 1214 ligurrirent,
834 1159 1087 1201 disturbavi
1136 1172 1230 1199 rem
1269 1163 1500 1213 totamque
1549 1159 1679 1201 vobis

180 1217 403 1270 integram
433 1215 672 1257 reservavi.
732 1214 784 1256 Si
812 1215 922 1270 quid
952 1216 1041 1257 erit
1070 1215 1292 1256 occultius
1322 1219 1381 1261 et,
1418 1219 1469 1255 ut
1497 1215 1677 1268 scribis,

181 1272 480 1323 reconditum,
520 1285 720 1312 meorum
750 1271 946 1325 aliquem
978 1271 1167 1317 mittam,
1205 1284 1292 1325 quo
1330 1271 1515 1312 fidelius
1544 1271 1602 1312 ad
1632 1275 1678 1312 te

181 1328 345 1370 literae
373 1327 670 1381 perferantur.
729 1326 891 1369 Pridie
919 1327 1072 1373 Nonas
1103 1326 1270 1368 Iunias.

180 1484 314 1528 libero,
339 1482 407 1519 ich
434 1482 615 1518 entbinde
642 1481 744 1516 Dich
770 1481 870 1516 aller
893 1480 1043 1514 Furcht
1075 1492 1140 1517 um
1173 1479 1463 1515 meinetwillen.
1516 1499 1558 1505 -
1608 1493 1679 1516 non

172 1533 315 1576 fallar,
340 1543 414 1566 non
439 1531 565 1577 patiar
587 1541 648 1564 me
674 1529 809 1575 decipi.
852 1529 892 1562 in
917 1527 973 1561 his
1007 1528 1080 1561 Md.
1114 1528 1214 1562 Vict.
1242 1531 1275 1563 l.
1305 1530 1340 1564 2.
1394 1546 1436 1552 —
1485 1527 1679 1572 habebunt,

179 1580 384 1615 admittent
409 1579 433 1613 i.
461 1590 492 1612 e.
518 1589 613 1621 quae
639 1577 786 1612 ratione
818 1583 856 1611 et
890 1575 1055 1610 consilio
1091 1576 1218 1610 caveri
1260 1583 1298 1610 et
1332 1575 1449 1609 vitari
1480 1587 1559 1610 non
1594 1585 1677 1623 pot-

180 1634 305 1664 erunt.
348 1646 393 1652 —
444 1627 488 1662 de
512 1626 573 1662 iis.
625 1625 690 1662 Sic
715 1626 835 1671 Neap.
860 1623 960 1659 Crat.
996 1623 1127 1658 Lamb.
1175 1625 1220 1658 de
1252 1623 1309 1659 his
1347 1624 1444 1659 Cett.
1478 1636 1566 1658 cum
1601 1626 1675 1660 Md.

182 1675 382 1712 ORELLI.

275 1744 312 1778 4.
363 1752 554 1787 numquam
578 1741 806 1784 perturbere,
832 1739 895 1774 nie
921 1750 1051 1773 ausser
1075 1740 1247 1773 Fassuno-
1272 1739 1458 1787 gebracht
1482 1740 1605 1774 wirst.
1632 1760 1675 1766 ——

180 1803 234 1825 me
259 1816 267 1824 .
282 1816 310 1825 ..
336 1792 524 1831 accedere,
564 1789 646 1822 dass
671 1788 737 1822 ich
761 1788 887 1823 dieser
911 1787 1056 1823 Deiner
1081 1768 1243 1834 Tugend
1269 1787 1361 1822 sehr
1384 1788 1485 1822 nahe
1509 1789 1675 1824 komme.

181 1860 224 1866 —
252 1850 315 1873 nec
340 1864 350 1873 .
377 1866 386 1874 .
415 1843 461 1879 et,
488 1836 700 1873 einerSeits
723 1836 832 1870 nicht
858 1861 868 1870 .
893 1861 901 1869 .
929 1861 938 1869 .
964 1835 1126 1870 anderer
1151 1835 1247 1870 Seits
1276 1835 1376 1871 aber.
1406 1855 1448 1861 —
1477 1837 1586 1880 culpa
1603 1840 1673 1880 su-

180 1892 265 1922 tura
289 1887 351 1929 sit,
377 1888 459 1921 dass
485 1897 525 1920 es
550 1884 662 1918 nicht
686 1884 806 1919 Deine
832 1883 980 1918 Schuld
1005 1884 1072 1927 sei,
1111 1884 1185 1918 Dir
1222 1895 1292 1919 zur
1324 1884 1411 1917 Last
1444 1885 1552 1918 falle.
1602 1887 1677 1920 De.-

178 1937 280 1969 cimo
307 1935 502 1970 blandiens
531 1933 673 1968 excitat
698 1944 795 1974 eum,
821 1938 862 1966 ut
890 1931 995 1966 omni
1020 1943 1133 1978 opera
1159 1931 1340 1974 elaboret,
1372 1939 1415 1966 ut
1441 1933 1676 1967 consulatum

179 1995 278 2018 anno
302 1983 520 2028 insequenti
546 1992 684 2030 gerere
709 1980 847 2026 possit:
884 1980 986 2026 quod
1019 1982 1192 2015 futurum
1226 1992 1303 2014 non
1338 1986 1453 2022 esset,
1489 1981 1521 2015 si
1558 1983 1675 2017 Anto-

181 2032 267 2066 nius
293 2032 469 2078 superior
492 2030 715 2065 discederet.
741 2030 855 2067 SCH.
884 2047 925 2055 --
953 2033 986 2063 et
1013 2029 1203 2062 consulatu
1227 2033 1286 2062 tuo
1311 2029 1556 2063 confidentes.

276 2101 311 2136 5.
363 2101 407 2134 ab
432 2099 599 2144 utrisque
623 2097 791 2140 vestrum,
818 2097 939 2131 durch
965 2096 1076 2130 Euch
1100 2095 1221 2137 beide,
1252 2095 1353 2130 Dich
1378 2097 1454 2130 und
1481 2097 1673 2132 Octavian.

179 2150 225 2183 ab
250 2153 405 2193 utroque
428 2148 590 2182 vestram
614 2147 744 2181 Lamb.
778 2146 936 2188 collegis
960 2145 1111 2187 nostris,
1128 2144 1370 2178 decemviris.
1390 2165 1432 2170 —
1452 2155 1537 2187 agr.
1559 2150 1674 2180 curat.

181 2198 206 2231 i.
234 2209 263 2231 e.
299 2196 611 2231 distributionem
643 2206 826 2241 agrorum
857 2194 1088 2236 ligat-rirent
1127 2191 1154 2226 i.
1192 2203 1225 2226 e.
1262 2193 1402 2236 cupide
1437 2200 1675 2239 appeterent,

180 2245 301 2279 ihncn
325 2245 393 2279 der
418 2244 535 2278 Mund
560 2235 705 2277 danae-*h
729 2245 922 2277 w'zisserte.
969 2239 1190 2285 Metaphora
1222 2246 1370 2285 sumpta
1396 2246 1452 2276 est
1476 2242 1520 2275 ab
1549 2241 1673 2275 homi-

179 2294 289 2327 nibus
317 2293 458 2341 gulosis
485 2298 522 2327 et
548 2293 785 2326 lautitiarum
812 2289 927 2323 nimis
953 2288 1114 2334 cupidis.
1166 2306 1210 2313 —
1261 2288 1485 2331 disturbavi,
1512 2301 1551 2324 so
1576 2289 1673 2323 habe

179 2341 245 2375 ich
271 2341 344 2375 den
370 2340 521 2374 Handel
546 2341 705 2387 gestort.
740 2359 783 2364 -—
817 2338 955 2380 integr.
981 2347 1133 2378 resera,
1170 2348 1240 2370 zur
1264 2337 1559 2386 Entscheidung
1584 2349 1673 2373 vor-2

179 2389 372 2425 behalten.
398 2407 445 2415 —-
470 2379 601 2424 Priiite
626 2388 722 2423 Non.
752 2388 848 2427 Iun„
874 2398 932 2419 am
960 2386 993 2420 4.
1020 2384 1166 2421 Iunius.
