1795 3086
186 85 245 131 23
460 89 521 130 M.
553 91 608 132 Τ.
641 89 983 132 CICERONIS
1013 91 1386 135 EPISTOLAE.

333 199 652 242 EPISTOLA
685 200 971 243 DCLXXII.
1031 203 1106 253 (ad
1138 204 1241 245 Div.
1275 204 1411 246 XIII.
1445 204 1531 254 45.)

470 274 550 308 scr.
580 285 676 307 anno
703 274 846 310 incerto
871 281 956 309 ante
981 277 1022 310 A.
1052 280 1131 312 710.
1160 279 1207 319 (a.
1237 278 1275 312 c.
1307 280 1379 322 44.)

501 340 656 388 Egnatii
682 352 833 375 servum
861 349 897 377 et
923 344 1073 388 negotia
1100 345 1347 381 commendat.

601 407 778 442 CICERO
805 408 1044 444 APPULEIO
1072 411 1242 455 PROQU.

293 473 344 514 L.
382 474 576 528 Egnatio
617 488 704 515 uno
754 477 904 531 equite
944 477 1147 520 Romano
1194 481 1264 521 vel
1310 481 1657 521 familiarissime

183 533 294 569 utor.
360 529 474 570 Eius
511 530 782 572 Anchialum
834 546 1012 574 servum
1052 535 1334 590 negotiaque,
1373 550 1482 591 quae
1523 536 1657 577 habet

183 584 227 624 in
258 584 382 638 Asia,
411 585 493 626 tibi
523 588 779 628 commendo
815 602 902 629 non
933 589 1105 630 minore
1135 592 1303 642 studio,
1335 606 1465 646 quam
1495 592 1533 632 si
1564 605 1656 632 rem

181 653 321 680 meam
361 642 724 683 commendarem.
800 643 877 684 Sic
914 644 1032 685 enim
1072 646 1305 688 existimes
1343 648 1494 699 velim,
1544 647 1657 687 mihi

180 709 280 735 cum
310 710 363 736 eo
392 710 479 738 non
516 698 648 739 modo
688 699 996 752 quotidianam
1036 704 1401 744 consuetudinem
1442 717 1655 744 summam

180 750 471 803 intercedere,
527 754 607 794 sed
657 755 791 795 etiam
833 756 990 797 officia
1030 771 1189 811 magna
1227 763 1272 799 et
1312 763 1464 800 mutua
1500 763 1654 799 nostra

177 808 296 848 inter
324 822 403 850 nos
433 822 544 850 esse.
593 809 892 859 Quamobrem
923 812 1058 853 etiam
1089 817 1221 867 atque
1245 814 1381 855 etiam
1411 828 1437 855 a
1467 819 1509 855 te
1539 818 1662 868 peto,

176 867 224 904 ut
251 877 397 916 cures,
438 870 484 905 ut
523 866 749 920 intelligat
789 881 857 908 me
899 868 955 909 ad
994 873 1038 909 te
1092 869 1201 910 satis
1251 870 1495 924 diligenter
1544 871 1654 910 scria

176 919 341 972 psisse:
372 933 473 961 nam
504 921 560 961 de
589 925 666 963 tua
695 936 803 976 erga
831 937 900 964 me
927 924 1158 966 voluntate
1188 939 1275 965 non
1306 926 1549 967 dubitabat.
1600 925 1655 965 Id

177 979 222 1015 ut
249 974 406 1027 facias,
437 981 480 1017 te
510 976 643 1018 etiam
673 982 806 1032 atque
836 980 972 1020 etiam
1002 993 1125 1034 rogo.
1184 981 1314 1023 Vale.

305 1096 620 1141 EPISTULA
650 1101 965 1143 DCLXXIII.
1027 1103 1103 1154 (ad
1134 1102 1241 1144 Div.
1275 1102 1412 1145 ΧΙΙΙ.
1445 1105 1530 1151 46.)

568 1175 650 1210 Ser.
678 1176 807 1210 eodem
831 1187 941 1219 anno,
976 1187 1048 1221 quo
1075 1177 1260 1222 superior.

567 1243 743 1279 Nostium
770 1243 996 1278 coheredem
1023 1243 1267 1278 commendat.

667 1310 845 1345 CICERO
872 1310 1111 1345 APPULEIO
1139 1310 1175 1345 S.

286 1379 336 1420 L.
380 1379 566 1422 Nostius
607 1379 767 1419 Zoilus
813 1383 881 1420 est
926 1377 1115 1421 coheres
1154 1393 1293 1433 meus,
1335 1379 1465 1421 heres
1507 1386 1654 1422 autem

173 1438 352 1488 patroni
383 1437 467 1479 sui.
526 1436 597 1477 Ea
636 1449 684 1476 re
714 1439 948 1489 utrumque
986 1435 1164 1489 scripsi,
1215 1441 1265 1476 ut
1307 1440 1352 1477 et
1391 1436 1505 1477 mihi
1554 1452 1653 1478 cum

171 1491 256 1531 illo
302 1506 482 1534 causam
527 1491 756 1532 amicitiae
794 1492 935 1532 scires
982 1504 1078 1532 esse
1118 1496 1162 1531 et
1205 1490 1431 1533 hominem
1470 1495 1654 1546 probum

171 1547 474 1600 existimares,
503 1548 582 1603 qui
610 1547 798 1602 patroni
821 1546 995 1588 iudicio
1026 1551 1207 1588 ornatus
1238 1552 1367 1588 esset.
1422 1548 1538 1588 Eum
1568 1549 1652 1588 tibi

170 1603 312 1658 igitur
339 1605 407 1646 sic
436 1604 712 1656 commendo,
753 1607 801 1643 ut
829 1616 963 1643 unum
1004 1616 1064 1643 ex
1105 1607 1260 1644 nostra
1298 1603 1443 1645 domo.
1502 1603 1652 1645 Valde

169 1658 286 1700 mihi
316 1666 493 1714 gratum
523 1661 625 1712 erit,
655 1660 695 1700 si
726 1659 914 1710 curaris,
945 1662 994 1699 ut
1023 1659 1254 1713 intelligat
1285 1658 1402 1701 hanc
1432 1673 1652 1702 commen-

171 1714 398 1758 dationem
427 1716 514 1758 sibi
544 1716 661 1770 apud
694 1719 737 1756 te
766 1728 927 1767 magno
957 1714 1216 1756 adiumento
1247 1714 1401 1759 fuisse.

268 1835 530 1869 APPULEIO
557 1834 596 1876 Q.
625 1832 759 1867 Marcii
784 1833 959 1878 Philippi
986 1834 1248 1876 Proquaestori
1285 1833 1324 1866 in
1350 1832 1446 1866 Asia.
1482 1831 1652 1877 Philippi

171 1883 460 1928 proconsulatus
496 1882 671 1916 incidisse
712 1881 865 1916 videtur
904 1882 945 1914 in
983 1893 1121 1915 annum
1155 1883 1244 1924 7003
1290 1880 1446 1928 Pighius
1484 1891 1569 1913 eum
1608 1881 1653 1914 ad

172 1943 255 1965 ann.
285 1943 319 1964 u.
347 1943 379 1965 c.
408 1933 476 1966 709
503 1932 637 1964 refert.

269 1982 301 2014 1.
351 1980 412 2012 vel
436 1979 536 2013 heim
562 1978 754 2022 Superlat.
790 1977 826 2012 S.
850 1976 1001 2011 Ramsh.
1038 1976 1066 2019 ἕ.
1096 1978 1174 2015 156,
1201 1978 1236 2018 3,
1263 1989 1293 2013 a.
1338 1976 1485 2010 Grotef.
1514 1975 1543 2018 §.
1571 1978 1651 2012 364,

171 2046 214 2052 -—
242 2028 406 2070 negotia,
434 2026 494 2060 die
520 2025 893 2075 Handelsgesch'afte.
928 2045 971 2051 -
998 2029 1124 2058 nostra
1148 2024 1240 2062 Ern.
1270 2024 1282 2065 [
1307 2023 1321 2067 ]
1347 2023 1435 2058 Sch.
1460 2025 1553 2058 Liin.
1582 2036 1651 2059 om..

173 2095 211 2100 -
241 2081 280 2109 ut
313 2076 348 2110 is
374 2075 564 2118 intelligat
590 2076 706 2120 Neap.
734 2074 819 2108 Asc.
847 2076 878 2108 1.
906 2072 1035 2109 Lamb.
1062 2073 1156 2107 Liin.
1196 2072 1391 2107 ORELLI.

267 2145 298 2177 1.
344 2141 476 2177 Zoilus
517 2141 592 2175 suit
627 2152 758 2175 servus
795 2141 836 2174 L.
869 2139 995 2174 Nostii
1028 2139 1235 2180 cuiusdam,
1282 2151 1394 2184 quem
1433 2152 1549 2184 quum
1583 2140 1653 2173 ille

170 2190 460 2232 manumisisset,
487 2189 599 2223 huius
627 2200 764 2222 nomen
790 2187 1033 2232 assumpsisse
1058 2194 1174 2233 patet,
1208 2194 1249 2221 ut
1274 2188 1316 2221 L.
1343 2188 1493 2222 Nestius
1520 2188 1654 2222 Zoilus

169 2240 445 2286 appellaretur.
496 2238 546 2271 Ei
571 2244 750 2283 patronus
777 2242 924 2281 partem
951 2235 1147 2277 bonorum,
1186 2236 1299 2269 aliam
1326 2235 1505 2270 Ciceroni
1530 2236 1571 2269 in
1596 2242 1653 2269 te—

170 2294 355 2324 stamento
380 2287 585 2334 legaverat.
618 2285 728 2320 SCH.
780 2284 832 2318 Es
869 2284 917 2317 ist
942 2283 1039 2323 klar,
1071 2283 1152 2317 dass
1187 2284 1326 2317 Lucius
1359 2283 1520 2321 Nostius,
1563 2284 1652 2317 weil

172 2349 215 2371 er
258 2336 342 2370 dem
385 2335 519 2369 Cicero
555 2334 666 2368 einen
703 2332 818 2366 Theil
857 2331 925 2365 der
956 2331 1279 2366 Verlassenschaft
1313 2330 1546 2370 vei-machte,
1593 2332 1652 2365 ein

170 2385 299 2420 Client
323 2395 397 2418 von
421 2381 639 2416 demselben
664 2383 787 2414 miisse
822 2390 997 2427 gewesen
1029 2379 1121 2413 sein.
1171 2379 1246 2413 Aus
1287 2379 1356 2413 der
1389 2378 1654 2427 Empfehlung

173 2446 219 2467 an
259 2433 332 2466 den
367 2429 610 2478 damahligen
642 2430 868 2472 Proqu’zistor
910 2427 981 2462 der
1015 2426 1179 2462 Provinz
1216 2428 1331 2462 Asien
1364 2427 1456 2475 geht
1498 2426 1653 2469 berver,

172 2482 252 2515 dass
279 2480 348 2515 der
372 2479 572 2514 Erblasser
605 2478 668 2512 ein
702 2474 975 2510 Levantischer
1009 2476 1219 2509 Kaufmann
1254 2487 1336 2509 war
1367 2475 1444 2508 und
1477 2475 1557 2508 dass
1592 2475 1652 2509 ein

174 2530 288 2563 Theil
312 2528 433 2563 seines
457 2526 692 2575 Vermb'gens
732 2525 773 2558 in
806 2523 974 2558 Geldern
1011 2523 1088 2556 und
1120 2522 1293 2557 Effecten
1325 2523 1492 2566 bestand,
1525 2523 1584 2556 die
1611 2534 1653 2557 er

174 2580 214 2611 in
241 2577 362 2610 dieser
388 2575 550 2610 Provinz
575 2572 776 2608 ausstehen
801 2571 917 2606 hatte.
946 2590 987 2597 —
1014 2573 1071 2606 Ea
1097 2583 1152 2613 re,
1179 2571 1364 2605 desshalb.
1393 2591 1435 2597 —-
1462 2575 1653 2614 utrumqne

174 2627 198 2660 i.
227 2637 257 2659 e.
284 2637 369 2659 eum
396 2636 475 2659 esse
500 2622 726 2658 coheredem
751 2631 878 2654 meum
905 2627 943 2654 et
966 2619 1148 2653 heredem
1175 2619 1232 2652 sui
1258 2620 1418 2665 patroni.
1445 2638 1491 2644 —-
1517 2619 1578 2662 qui
1603 2632 1651 2649 z
1692 2634 1696 2635 ν

175 2685 289 2717 quum
316 2673 346 2706 is
372 2698 380 2705 .
410 2698 417 2705 .
445 2676 595 2707 ornatus
620 2674 724 2711 esset,
764 2667 810 2702 da
844 2667 925 2702 sein
951 2668 1088 2702 Patron
1122 2667 1204 2700 ihm
1240 2668 1302 2703 cin
1334 2680 1372 2703 so
1409 2665 1652 2703 ehrenvolles

175 2721 356 2767 Zeugniss
383 2720 504 2756 seines
528 2717 875 2756 Wohlverhaltens
901 2715 1152 2751 hinterlassen
1179 2715 1251 2750 hat.
