1795 3086
101 1155 130 1193 ll

172 82 266 131 23ss
455 88 514 130 M.
548 90 601 132 Τ.
636 87 975 133 CICERONIS
1003 91 1375 137 EPISTOLAE.

174 198 244 241 ita
271 197 363 241 sibi
390 200 607 252 parentis
635 200 839 245 honores
870 203 1096 256 consequi
1122 204 1285 247 liceac:
1314 209 1359 247 et
1385 208 1517 247 srmul
1543 207 1652 259 ‹lex--

175 258 288 295 tram
318 256 514 296 intendit
542 257 600 297 ad
629 260 831 300 statuam.
898 261 1006 309 Μηὸὲ
1046 262 1222 310 σωθείην
1258 259 1335 301 ὑπό
1372 275 1417 310 γε
1453 261 1654 302 τοιούτυυῒ

173 309 280 362 Sed,
309 314 360 350 ut
387 310 565 364 scribis,
602 312 897 354 certissimum
936 328 1031 355 esse
1070 315 1202 356 video
1240 317 1498 366 discrimen,
1543 317 1649 358 Cas*

174 379 253 406 cae
284 366 429 407 nostri
458 367 752 410 tribunatum:
801 368 855 410 de
893 382 980 423 quo
1021 369 1199 424 quidem
1228 372 1327 425 ipso
1357 372 1458 412 dixi
1488 372 1652 426 Oppio.

174 434 308 475 quum
337 435 407 462 me
437 420 708 479 hortaretur,
755 427 801 465 ut
841 424 1173 467 adolescentem
1210 431 1435 481 totamque
1475 441 1654 470 causam

172 489 437 532 manumque
482 482 791 520 veteranorum
843 482 1181 535 complecterer,
1229 497 1298 524 me
1348 483 1474 524 nullo
1520 483 1653 525 modo

172 532 321 574 facere
362 546 504 588 posse,
555 535 601 574 ni
639 534 753 575 mihi
793 536 1072 589 exploratum
1111 543 1228 580 esset
1267 553 1368 580 eum
1405 552 1491 580 non
1521 538 1653 580 modo

172 601 262 630 non
292 588 522 631 inimicum
555 592 918 646 tyrannoctonis,
975 606 1129 635 verum
1160 595 1293 635 etiam
1323 594 1513 635 amicum
1543 593 1651 634 fore.

170 643 321 693 Quum
351 644 431 686 ille
463 646 635 686 diceret
663 647 728 687 ita
756 645 977 690 futurum:
1038 648 1161 697 Quid
1190 650 1330 703 igitur
1362 649 1652 691 festinamus?

170 700 365 755 inquam.
423 700 503 741 Illi
533 701 653 742 enim
692 715 789 743 mea
827 716 964 757 opera
1003 710 1106 744 ante
1135 704 1328 746 Kalend.
1368 706 1546 747 Ianuar.
1586 706 1650 745 nia

168 754 234 797 hil
266 770 375 811 opus
405 761 487 800 est.
534 757 640 800 -Nos
671 762 814 799 autem
859 759 954 799 eius
982 759 1252 801 voluntatem
1291 766 1392 802 ante
1422 762 1530 803 Idus
1562 761 1649 801 De-

166 813 333 854 cembr.
382 813 703 867 perspiciemus
757 813 804 854 in
854 814 1009 855 Casca.
1100 815 1221 856 Mihi
1264 817 1398 857 valde
1447 830 1654 857 assensus

166 870 244 909 cst.
305 867 605 918 Quamobrem
634 869 746 923 haec
775 870 955 924 quidem
986 870 1212 913 hactenus.
1271 871 1405 921 Quod
1429 872 1654 925 reliquum

166 928 252 971 est,
296 924 500 978 quotidie
550 926 810 966 tabellarios
857 926 1054 978 habebis,
1104 932 1163 979 et,
1212 930 1261 968 ut
1311 941 1392 982 ego
1444 928 1655 973 arbitror,

166 979 318 1032 etiam,
348 980 458 1035 quid
487 981 673 1033 scribas,
711 981 896 1022 habebis
926 982 1140 1036 quotidie.
1206 983 1378 1038 Leptae
1420 982 1651 1024 literarum

166 1035 419 1090 exemplum
447 1036 531 1077 tibi
560 1036 689 1085 misi3
729 1050 788 1077 ex
818 1051 905 1090 quo
934 1036 1050 1079 mihi
1078 1038 1260 1079 videtur
1288 1037 1537 1088 στρατύλλαξ
1570 1038 1651 1078 ille

166 1090 370 1132 deiectus
399 1091 456 1131 de
484 1092 642 1145 gradu.
700 1092 791 1132 Sed
819 1097 883 1145 tu,
912 1106 1045 1146 quum
1074 1093 1256 1148 legeris,
1296 1093 1593 1135 existimabis.

278 1159 529 1213 obsignata
557 1159 645 1199 iam
675 1160 882 1214 epistola,
933 1160 1090 1202 literas
1128 1175 1154 1201 a
1191 1165 1235 1202 te
1268 1166 1313 1202 et
1351 1176 1377 1202 a
1406 1161 1548 1202 Sexto
1578 1174 1651 1203 acb*

164 1216 280 1270 cepi.
337 1215 470 1256 Nihil
526 1214 767 1256 iucundius
823 1215 970 1258 literis
1018 1217 1166 1269 Sexti,
1221 1217 1339 1258 nihil
1388 1215 1650 1258 amabilius:

163 1285 266 1313 nam
297 1274 414 1322 tuae,
456 1272 635 1316 breves;
679 1273 856 1325 priores
895 1276 1019 1314 erant
1048 1272 1309 1315 uberrimae.
1368 1273 1443 1314 Tu
1471 1272 1651 1327 quidem

165 1332 211 1369 et
240 1327 483 1380 prudenter
510 1331 555 1367 et
584 1327 727 1368 amice
755 1328 931 1381 suades,
971 1332 1020 1369 ut
1048 1329 1094 1369 in
1124 1328 1198 1369 his
1227 1330 1341 1370 locis
1372 1329 1651 1383 potissimum

164 1383 263 1434 sim,
295 1382 445 1437 quoad
474 1381 721 1430 audiamus,
750 1382 877 1435 haec,
909 1397 1023 1439 quae
1053 1388 1275 1425 commota
1302 1389 1421 1437 sunt,
1461 1397 1651 1439 quorsus

166 1550 332 1586 Castoris
360 1556 397 1583 et
421 1549 589 1583 Pollucis
615 1548 754 1589 habita,
782 1560 900 1593 quum
925 1550 961 1583 ei
985 1549 1044 1583 Ti.
1072 1548 1249 1584 Canutius
1283 1548 1372 1583 trib.
1407 1549 1458 1594 pl.
1486 1548 1652 1582 Antonio

163 1600 336 1633 infensus
370 1597 594 1632 concionem
627 1597 853 1632 advocasset.
905 1597 987 1631 Vid.
1018 1597 1091 1632 Dio
1127 1597 1214 1630 libr.
1241 1598 1347 1630 XLV.
1385 1595 1548 1643 Appian.
1585 1596 1651 1629 lib.

163 1647 236 1682 ΙΙΙ.
280 1646 485 1681 MANUT.
542 1666 584 1672 —
635 1646 696 1679 Ita
724 1672 731 1680 .
760 1671 769 1679 .
796 1671 805 1680 .
833 1646 952 1686 liceat,
995 1656 1035 1679 so
1076 1644 1189 1679 wahx·
1221 1657 1259 1678 es
1286 1644 1369 1678 ihm
1395 1644 1542 1679 erlaubt
1569 1644 1650 1678 sein

163 1695 277 1740 mb‘ge
302 1706 350 1728 zu
374 1693 447 1728 den
472 1693 650 1729 Wiirden
684 1693 807 1728 seines
840 1694 970 1728 Vaters
1008 1692 1118 1727 elisar
1148 1705 1195 1726 zu
1233 1693 1442 1740 gelangen!
1491 1692 1571 1725 Fin-
1598 1692 1649 1725 ei:

162 1755 239 1778 nen
265 1742 402 1777 Cicero
429 1753 510 1776 war
535 1752 573 1775 so
599 1741 710 1775 Mehr
741 1742 796 1775 als
834 1752 959 1789 genug
994 1747 1138 1788 gesagt.
1185 1759 1233 1765 —
1280 1745 1436 1774 statuam.
1468 1740 1648 1774 Caesaris.

162 1791 229 1825 sie
255 1802 339 1825 war
364 1790 441 1825 also
460 1787 1081 1838 wiederaufgerichtet.—-Mnds
1106 1787 1216 1823 σωθ.
1232 1785 1314 1822 ὑπό
1336 1801 1386 1833 ys
1411 1784 1649 1829 τοιούτου,

159 1839 208 1873 ab
240 1838 314 1873 isto
347 1838 504 1873 homine
537 1849 583 1872 ne
622 1838 782 1872 salutem
819 1838 971 1882 quidem
1005 1837 1213 1882 impetrare
1248 1837 1379 1870 velim.
1434 1835 1525 1870 Scil.
1567 1835 1649 1869 istis

159 1886 291 1921 'verbis
316 1885 404 1921 satis
431 1886 639 1921 declaravit
671 1898 710 1920 se
737 1886 936 1928 Caesarem
963 1886 1210 1920 imitaturum.
1262 1903 1308 1909 —-
1357 1884 1566 1924 discrimen,
1605 1894 1649 1917 ex

163 1945 238 1980 quo
265 1935 382 1968 totius
415 1935 474 1968 rei
508 1941 663 1968 eventus
699 1930 878 1978 cognosci
918 1934 1073 1980 poterit,
1114 1932 1402 1967 dez-sicherste
1442 1930 1647 1966 Entschei-

161 1984 408 2029 ‹lungspunct
432 1982 534 2016 wird
559 1983 699 2017 Casca's
726 1982 909 2015 Tribunat
936 1982 1027 2015 sein.
1076 1982 1206 2023 Denn,
1246 1992 1358 2013 wenn
1384 1979 1564 2013 Octavian
1589 1978 1648 2011 die

160 2030 317 2065 Miirder
342 2030 404 2063 des
430 2031 559 2065 C'eisars
585 2029 772 2064 wirklich
806 2030 1008 2079 verfolgen
1043 2029 1144 2071 will,
1187 2040 1226 2062 so
1261 2040 1362 2061 muss
1396 2028 1498 2060 scine
1524 2026 1650 2060 Rache

163 2079 296 2113 diesen
322 2078 435 2112 Casca
459 2084 588 2112 zuei-st
614 2078 776 2122 treffen‚
816 2078 890 2112 den
917 2090 958 2111 er
983 2077 1112 2111 sicher
1137 2077 1246 2110 nicht
1271 2076 1371 2111 wird
1398 2087 1484 2108 zum
1512 2074 1647 2107 Tribu-

163 2133 231 2162 nat-
254 2126 446 2174 gelangen
471 2127 606 2160 lassen.
659 2126 745 2160 Und
770 2126 868 2160 doch
905 2127 1025 2173 gaben
1063 2125 1125 2158 die
1161 2124 1331 2158 Consuln
1358 2122 1540 2156 Octavian
1572 2122 1648 2154 und

165 2176 285 2211 Pansa
308 2173 405 2207 diess
431 2185 498 2215 zu3
534 2180 712 2216 ersterer,
747 2187 808 2207 um
847 2174 947 2207 seine
974 2173 1197 2220 Gesinnung·
1222 2171 1321 2205 noch
1347 2182 1395 2204 zu
1421 2169 1645 2204 verhehlen.

162 2222 204 2258 S.
231 2222 305 2256 den
329 2221 440 2255 Brief
460 2221 522 2255 dos
548 2222 732 2256 Antonius
757 2222 798 2255 in
824 2221 997 2266 Philipp.
1024 2220 1126 2253 XIII.
1168 2238 1209 2243 -—-
1250 2220 1448 2261 complece„
1480 2217 1558 2251 dass
1585 2216 1650 2249 ich

163 2270 274 2305 mich
298 2269 510 2303 annchmen
535 2269 699 2304 m'o'chte.
737 2289 779 2295 -
822 2270 861 2302 in
889 2269 1018 2309 Casca,
1047 2267 1106 2301 bei
1131 2267 1272 2301 Casca's
1298 2266 1446 2299 Antritt
1471 2265 1533 2299 des
1560 2264 1646 2298 Tri-

163 2319 309 2354 bunats.
336 2336 383 2343 -
408 2318 493 2361 quid
516 2318 663 2352 scribas.
702 2317 766 2352 Sic
798 2317 870 2352 Md.
904 2317 1017 2349 Oxon.
1052 2318 1084 2350 2.
1120 2315 1205 2348 Asc.
1232 2317 1263 2348 1.
1303 2314 1404 2347 Crat.
1432 2313 1529 2346 Vict.
1558 2315 1591 2346 1.
1615 2314 1646 2348 2.

164 2369 266 2402 Man.
288 2366 382 2410 quod
405 2365 532 2399 Lamb.
558 2367 641 2401 Bos.
668 2366 780 2411 Seqq.
809 2364 1003 2399 ORELLI.
1042 2384 1083 2389 -—-
1118 2359 1348 2410 στρατύλλαξ.
1378 2362 1650 2406 imperatorem

164 2416 240 2450 lus.
272 2413 335 2448 Sic
362 2415 409 2447 M.
425 2413 629 2447 Antonium
645 2426 716 2459 per
735 2419 990 2457 contemptum
1011 2418 1133 2450 vocat,
1160 2422 1270 2455 quem
1299 2409 1469 2457 legiones
1495 2408 1646 2442 desere==

166 2464 257 2496 bant
281 2461 328 2496 ad
352 2461 594 2496 Octavianum
620 2474 659 2495 se
686 2463 938 2496 conferentes.
966 2473 1015 2490 z:
1042 2459 1241 2506 gladiator,
1267 2465 1309 2492 ut
1333 2459 1372 2490 in
1398 2457 1569 2502 Philipp.
1595 2456 1646 2495 11,

164 2512 225 2546 29.
273 2529 320 2536 —
370 2510 413 2543 de
445 2513 542 2543 statu
568 2509 735 2551 deiectus,
778 2520 840 2543 aus
875 2508 1001 2543 seiner
1036 2507 1204 2541 Position
1239 2505 1432 2554 geu-leben
1473 2517 1520 2538 zu
1555 2503 1634 2537 sein

168 2559 293 2593 Verba
318 2556 500 2592 translata
525 2569 545 2591 a
570 2569 612 2591 re
637 2557 874 2606 gladiatoria,
902 2562 942 2589 ut
968 2555 1014 2588 ad
1039 2556 1142 2589 Fam.
1167 2555 1251 2596 VH,
1280 2556 1335 2589 13.
1509 2561 1511 2563 ’
1550 2596 1551 2599 ¹

267 2621 300 2665 [1,.
349 2631 373 2653 a
395 2619 506 2652 Sexto
533 2619 733 2660 Peducaeo,
777 2624 861 2664 post
895 2619 1030 2652 lectam
1068 2617 1112 2650 ab
1145 2615 1188 2651 'eo
1224 2616 1428 2650 orationem
1460 2611 1647 2655 Philippi-⁷

164 2679 251 2702 =ca1n
277 2667 491 2703 secundam.
528 2666 608 2700 Vid.
632 2678 677 2711 ep
716 2669 793 2703 775.
822 2668 888 2701 fin.
930 2686 972 2692 ——
1010 2665 1144 2706 uberim,
1169 2663 1328 2697 sreilich
1356 2659 1645 2712 inhaltsschwe=

173 2728 248 2749 rer.
277 2736 320 2742 —-
345 2717 429 2758 sim,
457 2714 562 2750 mich
588 2714 782 2748 aushalten
808 2715 917 2749 sollo.
946 2731 987 2737 -—
1018 2713 1135 2756 quoad
1160 2733 1199 2738 -—
1229 2712 1294 2746 bis.
1323 2731 1361 2737 -ω
1392 2718 1547 2754 quorsus.
1589 2706 1647 2740 Su.

173 2764 245 2798 Md.
272 2763 367 2799 Vict.
396 2766 427 2798 1.
454 2777 502 2796 z:
528 2774 697 2808 quorsum
721 2763 815 2798 Cett.
852 2760 1049 2796 ORELLI.
