1795 3086
211 94 306 141 200
484 96 545 139 M.
578 97 633 140 T.
668 95 1011 141 CICERONIS
1042 97 1410 143 EPISTOLAE.

213 210 282 249 est
309 207 571 262 diligentia,
612 208 900 251 coheredibus
941 223 1020 264 pro
1050 208 1265 252 Cluviano
1296 211 1401 253 Kal.
1431 210 1558 255 Sext.
1590 225 1685 267 per-

214 264 404 305 solutum
442 268 490 305 ut
527 266 599 305 sit.
671 265 780 306 Cum
819 267 1018 307 Publilio
1058 279 1144 320 quo
1186 267 1318 308 modo
1358 268 1574 321 agendum
1614 270 1688 319 sit,

215 319 404 360 videbis.
478 318 583 361 Non
612 319 738 363 debet
766 335 948 376 urgere,
987 322 1192 375 quoniam
1235 323 1332 364 iure
1372 337 1459 363 non
1497 324 1687 371 utimur;

216 375 295 416 sed
326 379 471 415 tamen
500 374 542 416 ei
569 389 742 471 guoque
772 377 983 418 satisfieri
1013 378 1143 431 plane
1172 378 1290 420 volo.
1349 379 1587 420 Terentiae
1616 393 1686 420 ve-

217 444 291 482 ro,
321 431 429 485 quid
459 444 540 486 ego
602 432 743 474 icam?
788 433 938 474 Etiam
969 438 1069 474 ante
1098 434 1237 485 diem,
1278 435 1316 475 si
1347 438 1487 489 potes.
1556 433 1690 482 Quin,

218 487 279 537 si,
320 490 369 527 ut
396 500 550 540 spere,
587 487 792 530 celeriter
821 490 867 528 in
913 489 1123 543 Epirum,
1164 489 1276 541 hoc,
1317 490 1435 544 quod
1477 489 1689 530 satisdato

219 541 382 594 debeo,
425 546 527 595 peto
557 554 583 582 a
612 547 679 595 te,
725 550 773 585 ut
811 549 911 584 ante
949 545 1184 598 provideas
1224 547 1442 600 planeque
1480 545 1693 598 expedias

220 601 263 638 et
291 598 478 638 solutum
509 598 746 653 relinquas.
807 600 897 640 Sed
928 600 983 641 de
1013 599 1082 640 his
1113 601 1246 651 satis3
1277 606 1534 655 metuoque,
1564 615 1617 642 ne
1646 606 1695 641 tu

219 653 401 694 nimium
431 658 570 706 putes,
628 655 760 696 Nunc
789 656 1104 710 negligentiam
1148 671 1287 697 meam
1327 669 1557 711 cognosce.
1625 656 1696 696 De

220 708 380 749 Gloria
417 709 582 750 librum
622 711 679 752 ad
718 716 762 752 te
804 712 930 753 misi:
969 717 1015 752 at
1053 712 1099 751 in
1140 725 1191 752 eo
1235 713 1509 767 prooemium
1538 711 1585 751 id
1616 717 1696 763 est,

220 764 337 819 quod
368 765 413 804 in
443 764 714 807 Academico
744 767 890 808 tertio.
949 766 1004 808 Id
1035 768 1184 808 evenit
1213 770 1267 808 ob
1298 783 1395 809 eam
1424 781 1540 817 rem,
1581 768 1697 821 quod

220 819 361 860 habeo
390 821 592 861 volumen
623 824 964 877 prooemiorum.
1019 823 1090 863 Ex
1120 837 1172 864 eo
1202 823 1368 877 eligere
1391 824 1539 874 soleo,
1569 837 1700 876 quum

222 875 403 930 aliquod
433 875 669 927 σύγγραμμα
698 878 888 920 institui.
948 878 1104 932 Itaque
1135 879 1222 919 iam
1249 881 1292 919 in
1314 879 1596 928 Tusculano,
1626 879 1699 932 qui

223 945 310 971 non
339 933 640 973 meminissem
670 948 739 975 me
770 935 952 975 abusum
982 934 1069 974 isto
1100 936 1352 989 prooemio,
1384 933 1558 975 conieci
1581 934 1626 974 id
1657 935 1701 974 in

223 1000 320 1028 eum
351 988 539 1041 librum,
579 1003 707 1043 quem
739 990 823 1030 tibi
852 990 967 1030 misi.
1028 989 1175 1038 Quum
1205 998 1349 1032 autern
1381 992 1426 1030 in
1455 990 1556 1030 navi
1587 990 1701 1044 lege-

223 1056 317 1082 rem
347 1044 666 1096 Academicos,
705 1047 863 1099 agnovi
906 1049 1100 1085 erratum
1140 1059 1294 1086 meum.
1362 1046 1517 1100 ltaque
1555 1047 1703 1086 statim

223 1112 382 1139 novum
413 1100 687 1152 prooemium
716 1101 919 1149 exaravi3
949 1101 1033 1141 tibi
1056 1101 1170 1140 misi.
1227 1103 1300 1144 Tu
1327 1102 1439 1143 illud
1464 1101 1704 1152 desecabis,

223 1152 311 1193 hoc
341 1155 654 1208 agglutinabis.
718 1156 867 1197 Piliae
906 1157 1092 1197 salutem
1123 1155 1244 1198 dices
1277 1163 1320 1198 et
1351 1154 1550 1209 Atticae,
1591 1157 1701 1198 deli-

224 1209 308 1250 ciis
338 1215 468 1265 atque
497 1210 718 1253 amoribus
748 1213 870 1253 meis

418 1393 736 1437 EPISTOLA
769 1394 995 1437 DCCLX.
1053 1394 1133 1445 (ad
1163 1395 1255 1436 Att.
1289 1390 1420 1434 XVI.
1453 1392 1517 1443 7.)

227 1464 388 1511 Scripsit
414 1471 589 1515 navigans
615 1471 663 1504 ad
693 1471 956 1516 Pompeianum
981 1469 1082 1561 ⁰21qu
1107 1469 1207 1504 XlV.
1238 1467 1315 1501 Kal.
1331 1468 1431 1513 Sept.
1448 1468 1490 1500 A.
1508 1468 1552 1503 U.
1572 1468 1610 1500 C.
1633 1469 1708 1502 710.

860 1521 911 1561 (a.
943 1521 981 1553 C.
1056 1544 1062 1551 .

229 1580 476 1617 Reversionis
511 1595 597 1618 suae
631 1596 757 1618 causas
796 1585 948 1630 exponit
982 1590 1019 1617 et
1055 1583 1256 1617 consilium
1290 1584 1326 1616 in
1360 1583 1562 1618 Graeciam
1597 1584 1694 1630 profi

709 1634 878 1667 ciscendi
920 1639 1082 1666 excusat.
1129 1633 1235 1668 1-8.

743 1705 930 1738 CICERO
956 1701 1142 1739 ATTICO
1163 1702 1205 1737 -ὃ,

343 1783 432 1811 v111.
464 1770 532 1813 Id.
565 1770 684 1813 Sext.
718 1787 853 1827 quum
883 1785 909 1813 a
947 1771 1227 1825 Leucopetra
1267 1770 1495 1824 profectus
1527 1791 1580 1801 -·
1610 1771 1714 1811 inde

235 1826 353 1868 enim
401 1829 703 1869 tramittebam
742 1851 794 1859 —
835 1827 984 1870 stadia
1022 1828 1209 1869 circiter
1248 1839 1341 1868 ccc.
1382 1825 1713 1881 processissem,

235 1972 320 2004 fieri
347 1975 473 2018 possit.
499 1975 609 2010 8011.
659 1977 751 2009 Mun
778 1973 940 2008 beachte
966 1973 1038 2007 den
1065 1971 1330 2018 Gleichklang.
1359 1989 1403 1996 —
1428 1981 1499 2015 pro
1527 1970 1714 2005 Cluuiano.

238 2019 272 2052 S.
303 2032 357 2065 ep.
385 2024 467 2065 751,
498 2026 527 2057 l.
555 2043 599 2050 -
630 2024 719 2058 Cum
739 2023 912 2058 Publilio.
939 2022 974 2057 S.
993 2034 1036 2056 zu
1057 2033 1116 2067 ep.
1136 2022 1215 2058 751,
1235 2022 1265 2054 1.
1292 2037 1338 2044 -
1363 2029 1514 2062 urgere,
1539 2019 1716 2071 driingen.

239 2086 281 2094 -
301 2070 379 2102 iure
395 2075 457 2113 ut„
484 2073 579 2106 nach
597 2073 662 2105 der
682 2072 839 2105 Scliiirfe
855 2072 918 2105 des
936 2071 1074 2105 Rechts
1089 2068 1303 2103 verfahren.
1322 2085 1363 2091 —-
1392 2068 1514 2100 Etiam
1534 2070 1614 2099 ante
1631 2067 1717 2098 diem

238 2117 270 2149 ei
299 2118 522 2158 satisfacias,
550 2122 643 2154 ach!
681 2121 889 2163 hefriedige
915 2120 967 2152 sie
993 2129 1104 2162 sogar
1128 2117 1228 2150 noch
1256 2127 1322 2148 vor
1349 2115 1434 2148 dem
1459 2115 1648 2149 Termine.
1674 2131 1720 2137 —-

240 2165 331 2200 Quin
356 2180 405 2197 :z
431 2179 554 2212 sogar,
590 2170 793 2202 iiber-diesis.
821 2186 865 2193 —-
899 2168 938 2200 in
964 2167 1119 2210 Epirum
1144 2164 1406 2210 proficisceris.
1434 2163 1470 2196 S.
1496 2174 1552 2208 ep.
1581 2163 1661 2204 751,
1688 2163 1719 2195 6-

239 2231 286 2239 -
311 2215 404 2258 quod
432 2216 611 2250 satisdato
648 2218 777 2257 debeo,
814 2216 940 2249 wofiir
970 2214 1035 2248 ich
1068 2212 1298 2257 Biirgschaft
1330 2212 1501 2256 geleistet
1539 2210 1648 2244 habe.
1680 2226 1720 2233 --

236 2262 401 2305 prouid„
426 2264 562 2297 vorher
588 2266 789 2308 besorgest.
1096 2272 1103 2277 '

334 2311 367 2344 4·
393 2311 492 2348 misi.
519 2313 554 2346 S.
581 2324 639 2359 ep.
667 2314 748 2353 751,
776 2314 810 2347 6.
839 2312 920 2352 755,
950 2312 981 2345 l.
1005 2327 1054 2338 -υ
1089 2311 1267 2350 volumen,
1294 2307 1404 2340 einen
1432 2317 1575 2352 ganzen
1603 2305 1722 2345 Band,

240 2359 323 2391 eine
347 2359 576 2405 Sammlung.
611 2380 655 2386 -—-
689 2371 789 2404 quum
816 2386 824 2393 .
852 2384 860 2392 .
888 2385 898 2395 .
927 2358 1088 2402 institui,
1124 2369 1230 2390 wann
1256 2357 1321 2390 ich
1347 2356 1430 2389 eine
1456 2366 1551 2388 neue
1577 2353 1725 2388 schrift

241 2407 547 2456 lierauszugeben
580 2409 761 2454 gedenke.
799 2426 841 2433 -
877 2407 938 2451 qni
970 2420 1020 2438 z
1054 2417 1165 2452 quum
1198 2417 1269 2450 ego
1306 2415 1376 2438 non
1400 2403 1724 2455 meminissem..—

242 2456 389 2488 (zbusmn
415 2471 463 2489 τ..-
489 2469 609 2491 usum.
660 2456 921 2501 compositum
947 2466 1017 2500 pro
1042 2454 1224 2500 simplici.
1250 2472 1297 2478 —
1331 2453 1482 2494 conieci,
1520 2457 1635 2484 setzte
1661 2449 1723 2481 ich

243 2516 326 2538 vor.
354 2523 399 2530 -
426 2506 491 2539 tibi
508 2506 601 2541 misi.
628 2520 677 2537 z
704 2505 828 2538 mitto.
848 2522 891 2529 —-
918 2503 1089 2546 agglut„
1116 2503 1216 2536 diese
1234 2503 1336 2535 wirst
1352 2503 1414 2535 Du
1431 2500 1633 2537 anleimen,
1662 2508 1722 2529 an-

244 2551 386 2586 helien.
408 2573 459 2589 ⁷——
486 2555 645 2588 Atticae.
699 2555 803 2586 Hanc
837 2552 1022 2597 puellam,
1060 2552 1161 2586 cuius
1196 2561 1232 2584 se
1265 2561 1330 2595 pet
1363 2551 1490 2584 iocum
1523 2553 1726 2580 amatorem
1769 2584 1770 2591 ἵ

245 2612 321 2633 esse
348 2603 476 2649 fingit,
505 2603 658 2636 delicias
686 2609 722 2635 et
750 2613 892 2634 amores
919 2612 1001 2634 suos
1026 2601 1205 2635 nominat.

344 2673 376 2704 1.
414 2670 517 2705 1711.
545 2671 599 2705 111.
629 2670 744 2708 Sext„
783 2681 842 2702 ain
870 2670 901 2703 6.
930 2668 1086 2715 August.
1123 2685 1164 2694 -—
1204 2678 1226 2700 α
1252 2665 1407 2709 Leucop.
1434 2662 1471 2697 S.
1499 2674 1555 2707 ep.
1585 2661 1725 2713 759,'1.

246 2718 386 2752 Narrat
411 2719 512 2752 idem
539 2720 576 2752 in
606 2719 768 2764 Philipp.
799 2721 827 2752 1.
858 2735 900 2741 —-
929 2717 1201 2757 tsi-amittebam,
1228 2713 1380 2748 wollt’
1407 2711 1474 2764 ³⁰¹¹.
1498 2709 1593 2743 nach
1619 2709 1728 2741 Grle-
1769 2738 1770 2741 ,

248 2767 432 2800 chenland
465 2768 702 2803 iibctsetzen.
738 2769 771 2802 5.
811 2767 958 2801 namsia.
988 2766 1021 2810 ξ.
1055 2766 1132 2809 163,
1159 2765 1192 2800 3.
1228 2762 1267 2796 b.
1302 2779 1348 2787 —
1381 2760 1497 2794 studea
1525 2784 1532 2792 .
1598 2768 1656 2791 ccc
1682 2768 1729 2786 z:
1770 2802 1771 2806 Ἰ
