1795 3086
8 0 14 159 ἶ
459 86 778 134 EPISTOLA
810 87 1138 133 Dccxcvn.
1453 89 1543 137 271

10 164 14 187 l

64 208 323 262 argumento
362 203 474 245 mihi
514 202 601 245 suit
637 201 904 257 diligentiae
933 206 1048 246 tuae,
1106 202 1322 246 Intellexi
1351 206 1470 246 enim
1501 210 1544 247 te

63 264 283 315 laborare,
326 265 374 301 ut
405 260 459 302 ad
491 273 559 300 me
589 258 702 300 mihi
738 260 1154 314 exspectatissimae
1184 261 1344 302 literae
1373 260 1543 317 perfer—

12 317 16 350 s*
64 323 230 360 rentur.
298 318 374 359 Ex
413 317 573 372 quibus
612 314 714 370 cepi
753 314 948 356 fructum
987 316 1215 371 duplicem
1254 317 1458 373 mihique
1496 317 1543 358 in

62 374 398 430 comparatione
428 371 669 414 difficilem
708 370 767 412 ad
796 370 1109 414 iudicandum:
1146 386 1400 417 amoremne
1437 386 1543 428 erga

62 445 131 472 me
160 436 298 483 tuum,
336 443 391 470 an
432 428 627 470 animum
666 427 712 468 in
752 440 845 469 rem
873 427 1098 482 publicam
1135 430 1278 483 pluris
1306 430 1542 472 aestiman-

61 488 169 528 dum
210 491 426 541 putarem.
493 484 579 525 Est
607 482 787 526 omnino
827 485 999 538 patriae
1029 483 1195 526 caritas
1233 499 1332 527 meo
1361 486 1544 541 quidem

65 543 239 584 iudicio
268 542 479 582 maxima:
518 539 598 582 sed
637 554 764 582 amor
792 540 1126 595 voluntatisque
1155 542 1415 583 coniunctio
1443 543 1545 597 plus

63 602 184 640 certe
214 597 351 639 habet
378 596 628 639 suavitatis.
687 596 849 651 Itaque
878 596 1245 637 commemoratio
1286 602 1361 637 tua
1397 602 1545 652 pater-

64 668 146 696 nae
176 652 521 694 necessitudinis
559 653 986 707 benevolentiaeque
1026 652 1137 698 eius,
1177 665 1310 707 quam
1339 666 1447 706 erga
1475 668 1546 695 me

65 724 90 750 a
119 709 314 764 pueritia
341 709 626 754 contulisses,
655 712 989 762 ceterarumque
1019 720 1180 754 rerum,
1217 721 1330 763 quae
1360 709 1418 750 ad
1449 723 1544 751 eam

63 767 329 807 sententiam
360 765 660 819 pertinebant,
696 763 1008 806 incredibilem
1038 762 1152 804 mihi
1181 764 1403 805 laetitiam
1433 770 1545 807 attu-

67 823 230 862 lerunt.
298 820 472 861 Rursus
512 820 756 861 declaratio
795 819 932 860 animi
969 819 1051 872 tui,
1091 833 1222 874 quem
1264 819 1452 862 haberes
1489 821 1545 863 de

67 891 115 918 re
145 875 327 932 publica
355 890 573 932 quemque
602 875 836 916 habiturus
866 889 1001 925 esses,
1046 875 1161 916 mihi
1189 880 1288 918 erat
1313 875 1546 919 iucundis-

63 935 200 974 sima:
239 946 386 986 eoque?
406 932 551 973 maior
579 935 676 972 erat
705 930 818 974 haec
848 932 1038 978 laetitia,
1067 932 1188 987 quod
1218 933 1275 973 ad
1304 933 1390 973 illa
1417 946 1544 988 supe-

67 990 189 1029 riora
218 988 474 1029 accedebat,
535 988 690 1042 Itaque
719 991 764 1029 te
794 1001 883 1029 non
905 987 1065 1029 hortor
1086 989 1246 1042 solum,
1274 989 1338 1030 mi
1358 988 1545 1042 Plance,

64 1044 145 1085 sed
175 1043 306 1098 plane
337 1045 472 1086 etiam
502 1057 596 1089 oro,
625 1043 748 1098 quod
775 1043 867 1085 feci
896 1043 955 1085 iis
985 1044 1149 1099 literis,
1193 1044 1356 1099 quibus
1384 1049 1434 1087 tu
1462 1046 1544 1086 hu-

65 1099 321 1141 manissime
352 1098 641 1155 respondisti,
680 1103 730 1140 ut
756 1102 852 1140 tota
879 1104 1026 1142 mente
1055 1101 1265 1157 omnique
1294 1101 1433 1142 animi
1462 1103 1545 1143 im<

66 1160 170 1211 petu
208 1155 256 1196 in
293 1170 387 1211 rem
425 1156 650 1212 publicam
689 1155 931 1197 incumbas.
999 1155 1132 1198 Nihil
1171 1161 1261 1208 est,
1301 1157 1423 1213 quod
1462 1158 1547 1200 tibi

66 1212 229 1253 maiori
259 1211 428 1253 fructui
457 1211 718 1267 gloriaeque
747 1225 843 1254 esse
872 1211 1040 1267 possit:
1079 1226 1165 1254 nec
1205 1212 1452 1270 quidquam
1489 1228 1548 1255 ex

65 1267 269 1310 omnibus
309 1269 440 1309 rebus
480 1267 686 1309 humanis
725 1271 794 1309 est
830 1267 1106 1322 praeclarius
1134 1274 1208 1310 aut
1235 1269 1547 1324 praestantius,

64 1337 196 1379 quam
225 1324 282 1364 de
312 1337 361 1365 re
390 1324 572 1378 publica
600 1324 711 1364 bene
740 1324 920 1364 mereri.
979 1323 1143 1365 Adhuc
1181 1327 1300 1367 enim
1337 1348 1391 1355 —
1430 1327 1545 1381 pati-

64 1384 138 1421 tur
165 1383 242 1420 tua
270 1392 439 1420 summa
467 1378 719 1421 humanitas
750 1383 795 1420 et
823 1380 1045 1434 sapientia
1073 1394 1159 1431 me,
1191 1381 1313 1437 quod
1343 1383 1547 1436 sentiam,

65 1436 204 1477 libere
233 1435 387 1477 dicere
417 1459 471 1465 -——
516 1435 696 1477 fortuna
725 1436 1001 1490 suffragante
1028 1436 1200 1479 videris
1230 1451 1302 1480 res
1330 1438 1549 1480 maximas

67 1496 355 1536 consecutus:
394 1491 513 1547 quod
553 1505 820 1547 quamquam
858 1491 955 1533 sine
984 1491 1153 1535 virtute
1191 1507 1281 1535 non
1310 1494 1548 1550 potuisses,

67 1552 215 1589 tamen
253 1562 309 1589 ex
345 1549 545 1589 maxima
582 1551 710 1602 parte
751 1561 817 1599 ea,
857 1562 971 1602 quae
1010 1562 1057 1590 es
1095 1548 1295 1605 adeptus,
1342 1550 1549 1593 fortunae

67 1605 430 1659 temporibusque
476 1605 743 1646 tribuuntur.
811 1603 899 1646 His
938 1605 1214 1660 temporibus
1254 1605 1550 1648 difficillimis

68 1763 189 1796 k‘ame.
242 1780 284 1787 —
336 1761 552 1804 diligentiae
588 1762 611 1795 i.
640 1773 672 1796 e.
707 1762 916 1798 declaravit
951 1769 1053 1799 tuam
1079 1765 1334 1816 diligentiam,
1359 1769 1548 1805 Vorsicht.

38 1811 39 1814 ’
67 1811 126 1845 Er
150 1809 269 1845 meint
293 1809 366 1844 den
391 1810 500 1844 Brief
521 1811 585 1844 des
612 1811 782 1850 Plancus,
822 1811 891 1845 der
915 1812 955 1845 in
982 1813 1109 1847 dieser
1133 1816 1305 1864 Ausgabe
1330 1817 1400 1852 der
1422 1820 1550 1855 789ste

69 1860 128 1893 ist.
181 1877 224 1884 -
274 1859 325 1892 ad
346 1868 401 1891 me
434 1858 547 1901 mihi,
580 1858 751 1893 welches
784 1859 947 1895 letztere
978 1860 1097 1898 VVort
1130 1875 1203 1897 von
1236 1870 1394 1910 exspect.
1429 1867 1549 1915 reg-iri

69 1906 179 1942 wird.
229 1905 356 1940 hamb.
384 1910 467 1940 tuae
491 1918 560 1951 pro
584 1906 687 1942 milti.
738 1927 781 1933 —
826 1908 1012 1951 fructum,
1050 1910 1208 1956 Genuss,
1246 1913 1484 1963 Vergniigen.
1508 1935 1550 1940 -

0 1990 4 1999 ,
69 1954 223 1999 mihique
250 1980 258 1988 .
287 1979 296 1988 .
323 1980 332 1988 .
358 1954 566 1997 difficilem,
600 1956 640 1989 in
667 1967 752 2000 quo,
786 1956 818 1990 si
845 1968 1066 2003 comparare
1098 1960 1218 1993 velim
1243 1967 1349 1996 tuum
1375 1974 1468 2009 erga
1491 1975 1553 1997 me

0 2038 5 2045 ,
41 2019 42 2030 2
70 2014 238 2038 amorem
263 2008 444 2046 tuumque
471 2004 509 2036 in
537 2014 619 2037 rem
644 2004 837 2050 publicam
863 2006 1045 2050 animum,
1080 2007 1246 2043 difficile
1280 2011 1380 2045 mihi
1412 2019 1468 2046 est
1493 2012 1552 2046 di-

73 2050 254 2094 iudicare,
283 2056 413 2085 utrum
425 2050 563 2085 horum
577 2052 702 2096 pluris
716 2053 765 2086 sit
781 2054 1065 2090 aestimandum.
1095 2074 1139 2080 —-
1166 2060 1552 2101 erga...c0ntulisses.

0 2128 7 2135 .
70 2099 251 2141 „Phrasis
284 2098 379 2134 haec
411 2111 485 2134 non
522 2107 578 2134 est
609 2100 879 2143 Ciceroniana3
917 2114 1003 2137 nam
1029 2115 1181 2150 semper
1211 2106 1303 2141 alibi
1337 2108 1435 2142 dixit
1460 2119 1552 2152 erga

0 2169 9 2192 ·.
69 2158 128 2181 me
151 2146 334 2189 habuixse,
358 2154 421 2181 aut
445 2148 483 2182 in
509 2159 565 2182 me
589 2150 823 2184 contulisse.“
848 2149 963 2186 ERN.
1000 2170 1049 2177 —·
1097 2154 1313 2190 attulerunt.
1339 2157 1468 2191 Lamb.
1494 2161 1553 2191 at-

5 2194 8 2200 '
72 2196 220 2232 tulerat.
270 2195 449 2231 Correxit
481 2197 568 2231 scil.
605 2197 681 2232 hoc
714 2197 972 2243 σολοικοφανὲς
1003 2204 1301 2238 commemoratio
1337 2207 1554 2241 attulerunt.

70 2243 134 2277 sed
159 2243 262 2290 plur.
287 2255 434 2326 nibnfier.
464 2257 550 2279 usus
577 2251 632 2281 est
657 2246 792 2281 Cicero
816 2248 1045 2293 praesertim
1079 2258 1240 2297 propter
1270 2265 1306 2286 v.
1333 2258 1553 2288 ceterarum-

72 2302 137 2336 que
160 2302 293 2326 rerum.
386 2319 393 2326 .

168 2354 202 2389 2.
226 2354 347 2397 plane,
369 2353 483 2394 offen,
509 2354 609 2389 ohne
636 2355 849 2393 Bedenken.
902 2376 946 2383 -—
995 2359 1055 2394 iis.
1097 2359 1161 2395 Sic
1197 2362 1316 2408 Neap.
1341 2362 1470 2396 Lamb.
1497 2362 1556 2397 his

73 2400 170 2437 cett.
197 2411 284 2435 cum
310 2401 382 2436 Md.
419 2403 494 2438 ΟΠ.
545 2423 592 2428 --
641 2407 680 2437 ut
706 2429 715 2437 .
745 2429 753 2438 .
783 2415 792 2424 ·
815 2406 949 2449 impetu
973 2407 1012 2441 in
1037 2419 1068 2443 r.
1094 2420 1130 2453 p.
1155 2407 1353 2449 incumbas,
1387 2411 1468 2443 dass
1497 2412 1555 2445 Du

73 2447 178 2529 Die-lli¹
199 2449 270 2530 rqit
297 2474 304 2482 .
335 2476 340 2480 .
371 2476 377 2483 ,
406 2450 489 2485 dem
515 2463 661 2500 ganzen
697 2452 820 2487 Feuer
852 2455 993 2490 Deines
1025 2457 1170 2491 Geistes
1205 2458 1292 2492 dem
1326 2459 1553 2493 Vaterlande

75 2508 149 2531 wei
183 2507 220 2530 es
242 2523 251 2531 .

169 2561 203 2594 3.
247 2559 419 2600 fortuna.
471 2562 636 2597 Distinxi
662 2573 747 2596 cum
773 2563 945 2600 Victorio
972 2571 1011 2599 et
1038 2565 1197 2614 Madvig.
1230 2569 1260 2601 1.
1298 2579 1335 2613 p,
1363 2570 1444 2604 170.
1482 2569 1553 2604 Ce-

51 2607 147 2641 *teri
172 2617 371 2652 perverse:
408 2609 536 2644 Adhuc
559 2612 654 2644 enim
675 2611 818 2656 patitur
842 2637 852 2647 .
881 2637 888 2644 .
915 2637 926 2648 .
951 2614 1066 2648 tibere
1090 2614 1221 2647 dicere.
1260 2615 1434 2651 Fortuna.
1477 2619 1551 2652 ΟΕ,

48 2687 50 2694 ,
76 2669 117 2678 ·-
154 2665 214 2689 res
251 2666 345 2689 max.
378 2667 511 2691 consec.
562 2658 655 2694 Erat
687 2659 789 2692 enim
826 2659 900 2693 iam
926 2657 996 2695 illa
1022 2667 1142 2696 aetate
1167 2664 1300 2696 consul
1327 2664 1550 2713 designatus.

0 2723 20 2747 ,ῃ
47 2696 181 2742 lSCH.
234 2720 277 2726 —
322 2703 505 2746 fortunae
528 2707 835 2752 temporibusque,
873 2708 1041 2743 Caesaris
1078 2710 1318 2755 potissimum
1356 2712 1551 2749 beneficio.

0 2762 21 2797 με
53 2748 181 2785 ‘SC'H-
205 2751 306 2788 denn
332 2752 488 2789 Plancus
515 2766 597 2789 war
621 2754 730 2791 nicht
754 2766 842 2790 vom
861 2756 972 2792 Sonat
998 2758 1091 2792 oder
1113 2758 1248 2801 Volke‚
1275 2760 1438 2795 sondern
1464 2773 1551 2797 vom
