1795 3086
157 51 252 110 *218
440 53 503 96 M.
534 54 592 97 T.
622 50 961 96 CICERONIS
990 53 1361 99 EPISTOLAE,

162 164 283 205 disse
324 163 476 205 audivi
515 187 568 194 -
608 168 679 216 et,
726 165 889 207 satisne
926 170 1076 221 paret,
1119 190 1171 195 —-
1211 168 1327 209 unde
1372 172 1604 224 corruptus
1618 174 1634 211 ζ’

162 220 289 261 Haec
318 234 449 275 quum
479 219 742 273 scriberem,
782 226 950 262 tantum
990 222 1110 276 quod
1150 224 1459 265 existimabam
1501 227 1557 266 ad
1588 229 1632 267 te

161 276 409 316 orationem
439 288 536 316 esse
565 276 793 329 perlatam.
853 278 960 330 Hui,
991 292 1124 332 quam
1152 281 1306 331 timeo,
1333 279 1443 334 quid
1472 282 1631 323 existi-

160 337 274 372 mes!
330 330 432 371 Etsi
470 331 581 384 quid
621 331 677 371 ad
718 345 811 377 me,
862 347 975 387 quae
1015 347 1102 375 non
1144 336 1204 377 sit
1234 335 1355 376 fiii-as
1385 337 1632 390 proditura,

159 386 251 482 nisi
292 399 340 427 re
378 386 557 483 pullssica
598 386 872 442 reciperata?
931 390 1002 429 De
1041 403 1130 444 quo
1171 392 1280 446 quid
1318 406 1505 446 sperem,
1545 406 1632 433 non

160 455 233 482 aut
251 454 304 483 eo
333 455 423 483 scrl
456 455 543 483 ere.

290 647 607 691 EPISTOLA
636 647 994 690 DCCLXVIII.
1054 648 1133 698 (ad
1162 650 1254 691 Att.
1283 649 1414 691 XVI.
1445 653 1504 699 8.)

260 728 340 764 Sor.
366 728 407 762 in
432 728 633 763 Puteolano
658 735 742 774 post
767 728 850 764 Kal.
877 728 972 763 Nov.
1000 727 1042 762 Α.
1066 728 1113 762 U.
1141 728 1182 762 C.
1209 730 1288 764 71⁰.
1327 732 1372 772 (a.
1400 730 1440 766 G„
1465 732 1538 772 (Η.)

410 800 506 843 Quid
532 800 757 836 Octavianus
781 813 801 835 a
825 811 866 836 se
890 800 1074 847 postulet,
1101 806 1241 835 narrat.
1267 802 1386 838 1-2,

669 892 847 928 CICERO
872 892 1055 928 ATTICO
1082 893 1121 928 S.

267 961 416 1011 Quum
444 960 598 1006 sciam,
627 973 714 1015 quo
745 960 821 1002 die
849 964 1060 1002 venturus
1089 959 1187 1007 sim,
1216 959 1395 1014 faciam,
1424 964 1472 1001 ut
1501 962 1627 1002 scias.

155 1016 482 1071 Impedimenta
512 1016 817 1070 exspectanda
854 1021 984 1066 sunt,
1023 1029 1136 1071 quae
1174 1016 1380 1071 Anagnia
1421 1016 1628 1058 veniunte

155 1078 202 1114 et
229 1072 400 1122 familia
430 1085 565 1125 aegra
593 1075 672 1112 est.
739 1071 845 1113 Kal.
876 1074 1052 1126 vesperi
1081 1073 1237 1113 literae
1264 1072 1378 1112 mihi
1409 1073 1462 1113 ab
1493 1071 1631 1113 Octa-

155 1128 303 1169 viano.
361 1126 525 1180 Magna
562 1127 764 1168 molitur.
830 1127 1105 1179 veteranos,
1159 1127 1315 1182 quiqui
1356 1128 1547 1168 Casilini
1587 1132 1632 1168 et

155 1184 361 1225 Calatiae
391 1181 557 1235 [sunt]‚
594 1183 810 1236 perduxit
838 1183 896 1224 ad
925 1196 1049 1224 suam
1089 1183 1366 1224 sententiam.
1423 1183 1521 1225 Nee
1549 1184 1630 1223 mi-

156 1252 276 1281 rum:
320 1239 567 1294 quingenos
598 1238 807 1280 denarios
838 1239 938 1290 dat,
984 1239 1157 1294 cogitat
1196 1239 1389 1293 reliquas
1428 1239 1632 1280 colonias

157 1398 321 1443 indeque
346 1399 491 1432 factum
517 1399 677 1445 Myrtilo
704 1411 773 1445 pro
798 1399 951 1435 veriore
977 1400 1144 1445 Myrtili.
1183 1399 1250 1433 ed.
1283 1400 1435 1443 Ὲειὲὲπῐιί,
1468 1400 1565 1434 Ball.
1592 1401 1631 1433 in

154 1447 324 1492 Myrtilo.
355 1447 429 1481 ΟΒ.
480 1465 528 1472 -
569 1458 705 1492 poenas
729 1473 737 1480 .
768 1474 776 1483 .
800 1449 1010 1493 pependisse
1034 1460 1084 1477 s:
1108 1447 1310 1493 suppliciis
1336 1448 1515 1483 affectum
1541 1460 1633 1488 esse,

155 1507 200 1530 er
224 1495 279 1528 sei
304 1495 377 1528 mit
401 1494 487 1528 dem
513 1495 617 1529 Tode
643 1497 809 1530 besti-aff.
838 1515 880 1520 —
906 1501 1021 1540 paret.
1050 1496 1112 1530 Sic
1137 1495 1266 1529 Lamb.
1292 1498 1350 1536 (ut
1375 1497 1508 1530 Milon.
1536 1499 1636 1539 c.6.)

152 1547 254 1588 patet
287 1543 383 1577 Cett.
420 1550 575 1588 praeter
610 1544 705 1577 Ern.
741 1550 778 1578 et
803 1543 892 1578 sch.
928 1556 1016 1577 cum
1048 1543 1122 1577 Md.
1144 1548 1270 1587 pateat
1302 1544 1395 1578 Ern.
1422 1544 1518 1578 coni.
1545 1543 1632 1577 Sch.

154 1592 250 1625 Liin.
275 1590 473 1626 Coniunct.
510 1602 583 1626 non
620 1599 711 1637 puto
746 1603 902 1637 prorsus
928 1591 1197 1626 necessarium.
1235 1592 1307 1626 ΟΠ.
1358 1611 1401 1617 -
1448 1595 1631 1636 paret:

155 1645 322 1685 apparet.
350 1657 394 1663 —
444 1640 537 1673 unde
561 1655 610 1672 z
634 1652 654 1674 a
680 1651 752 1686 quo
779 1645 972 1684 corruptus
996 1640 1058 1681 sit,
1082 1651 1157 1673 von
1182 1640 1301 1675 Wem
1327 1639 1487 1674 eredazu
1513 1640 1633 1674 besto-

155 1688 254 1721 chen
279 1686 346 1722 sei.
397 1692 588 1732 correptus
627 1688 667 1729 (i.
696 1700 727 1722 e.
753 1695 958 1722 accusatus.
995 1689 1074 1722 vid.
1109 1689 1244 1722 Graev.
1279 1687 1325 1721 ad
1350 1688 1470 1721 Tacit.
1497 1688 1630 1721 Annal.

155 1736 223 1770 111.
250 1736 325 1778 66.)
350 1745 370 1768 e
396 1736 535 1769 Faerni
562 1736 628 1770 ed.
655 1736 745 1770 Sch.
769 1737 864 1770 Liin.
910 1737 955 1770 In
981 1748 1021 1770 re
1047 1747 1201 1780 prorsus
1235 1736 1379 1769 incerta
1410 1735 1512 1768 nihil
1540 1736 1632 1768 ‹lefl-

152 1783 232 1817 niri
258 1789 395 1828 potest.
448 1784 636 1828 Attamen,
665 1784 811 1820 collatis
837 1797 872 1819 ν.
907 1783 973 1829 Ep.
1001 1785 1051 1819 ad
1073 1784 1188 1821 Attio.
1215 1786 1271 1825 16,
1295 1786 1358 1818 11:
1391 1784 1496 1817 Itane
1520 1783 1558 1816 in
1582 1783 1631 1817 D.

153 1832 359 1873 Brulum?‚
396 1842 474 1866 non
505 1833 638 1873 video,
673 1845 742 1867 cur
777 1833 891 1867 lectio
926 1833 1031 1880 vulg.
1071 1843 1147 1866 non
1183 1832 1233 1866 ita
1266 1831 1382 1876 possit
1420 1831 1631 1876 explicari:

153 1880 286 1924 „Itane
312 1880 492 1924 Myrtilus
519 1881 564 1915 ab
583 1881 745 1916 Antonio
769 1881 903 1915 aliisve
929 1885 1119 1925 corruptus
1144 1880 1184 1914 in
1208 1881 1252 1915 D.
1264 1881 1421 1914 Brutum
1448 1880 1632 1926 impetum

154 1928 260 1969 fecit,
287 1928 440 1962 insidias
466 1928 502 1963 ei
526 1929 724 1964 struxit?“
760 1930 834 1963 ΟΠ.

251 1979 284 2012 7.
335 1980 471 2009 tantum
496 1978 589 2021 quod
620 1977 658 2011 h.
686 1989 716 2012 e.
753 1977 1006 2018 commodum,
1034 1987 1075 2011 so
1101 1977 1211 2020 eben3
1249 1982 1290 2009 ut
1318 1986 1429 2020 supra
1458 1986 1515 2019 ep.
1546 1977 1631 2010 124:

156 2029 293 2058 tantum
319 2025 415 2068 quod
438 2035 482 2058 ex
507 2026 684 2069 Arpinati
706 2036 888 2059 veneram.
917 2026 1026 2059 SCH.
1053 2043 1099 2049 —
1149 2024 1352 2058 orationem
1378 2023 1631 2068 Philippicam

155 2072 367 2107 secundam.
393 2071 430 2106 S.
459 2071 486 2114 §.
516 2076 546 2107 1.
573 2092 619 2098 --
645 2074 834 2113 existimes,
861 2073 1006 2107 iudices
1032 2073 1078 2106 de
1105 2072 1175 2105 hac
1200 2072 1379 2106 oratione.
1407 2087 1450 2092 -
1478 2070 1563 2114 quid
1585 2072 1636 2104 ad

155 2132 221 2160 me,
246 2133 324 2154 was
351 2119 471 2167 geht’s
498 2121 604 2155 mich
629 2134 689 2163 an,
715 2134 791 2156 was
817 2122 915 2169 frag’
941 2121 1005 2154 ich
1031 2120 1205 2153 danaoh?
1229 2138 1276 2145 —
1300 2129 1390 2163 quae
1415 2131 1463 2149 z
1490 2118 1632 2164 quippe

155 2181 249 2213 quae
274 2169 334 2202 vel
359 2179 474 2212 quum
503 2180 558 2203 ea.
610 2189 653 2195 —
697 2173 827 2214 foraS,
862 2170 932 2203 in’s
959 2168 1169 2202 publicum.
1220 2186 1266 2193 -
1316 2167 1373 2200 De
1399 2176 1480 2210 quo,
1517 2166 1563 2200 de
1590 2179 1632 2200 re

153 2217 305 2263 publica
331 2216 587 2261 reciperanda.

252 2288 283 2319 1.
338 2286 451 2321 Quum
477 2296 524 2314 Ξ
549 2285 689 2319 sobald.
705 2305 751 2311 —
776 2283 1048 2328 Impedimenta,
1073 2281 1178 2316 mein
1193 2281 1357 2327 Gep‘zick.
1372 2301 1417 2307 -—
1442 2282 1633 2325 Anagnia,

155 2333 383 2378 Hauptstadt
420 2333 489 2367 der
522 2334 695 2376 Hernici,
729 2336 752 2369 3
784 2333 925 2367 Meilen
958 2342 1034 2365 von
1060 2331 1164 2365 Rom.
1216 2348 1258 2354 -—
1301 2331 1471 2373 familia,
1506 2331 1634 2364 meine

158 2384 289 2422 Lente,
314 2381 417 2416 servi
448 2381 662 2427 complures
687 2387 894 2430 aegrotant.
932 2399 979 2405 —
1010 2379 1097 2412 Kal.
1133 2378 1338 2412 Novembr.
1373 2397 1414 2402 —
1451 2380 1497 2412 ab
1526 2379 1633 2412 Octa-

158 2431 265 2463 viano
291 2444 341 2462 z
369 2429 519 2463 Octavio
545 2431 601 2469 (ut
628 2440 686 2474 ep.
713 2441 790 2475 seq.
818 2428 1010 2474 plerique)
1036 2427 1115 2461 Asc.
1141 2432 1264 2471 utraq.
1290 2426 1392 2460 Crat.
1424 2427 1496 2460 ΟΠ.
1537 2427 1633 2473 Evg.

158 2478 426 2513 afferebantur.
457 2497 505 2503 —
536 2477 659 2522 quiqui
685 2492 734 2509 ’Ξ
760 2489 800 2512 so
827 2477 927 2511 viele
953 2476 1073 2518 ihrer,
1099 2475 1227 2508 deren.
1264 2493 1307 2498 —
1344 2474 1515 2516 Casilini,
1539 2474 1633 2508 ietzt

159 2528 264 2560 Nova
290 2527 429 2572 Capua,
455 2525 494 2558 in
521 2525 763 2571 campanieu.
819 2543 858 2550 -
913 2524 1094 2563 Calatiae,
1129 2522 1191 2556 ein
1227 2524 1319 2556 Paar
1344 2523 1485 2556 Meilen
1520 2522 1632 2556 nord-

158 2577 275 2608 witi-ts
300 2586 386 2608 vom
411 2573 633 2613 Casilinum,
659 2573 883 2622 gleichsalls
909 2573 950 2606 in
976 2571 1214 2617 Campanien.
1246 2589 1286 2595 --
1325 2570 1436 2615 [sunt]
1462 2582 1533 2605 om.
1560 2569 1632 2603 Md.

160 2624 277 2657 Oxon.
307 2625 335 2657 1.
363 2625 396 2658 2.
422 2623 519 2656 Vict.
547 2624 627 2658 l.2.
654 2640 700 2646 —
725 2623 774 2655 ad
795 2632 897 2654 suam
921 2624 1009 2654 sent.
1034 2632 1083 2650 :2
1108 2619 1154 2653 ad
1180 2630 1260 2652 suas
1286 2625 1426 2663 partes,
1451 2619 1519 2651 auf
1531 2617 1635 2651 seine

161 2671 265 2705 Seite
291 2669 487 2718 gebracht.
538 2688 585 2695 —
634 2670 758 2715 quing.
786 2671 925 2711 (lemma,
948 2669 1185 2707 πεντακοσίας
1210 2665 1367 2711 δραχμὰς
1402 2666 1510 2701 Dion.
1546 2665 1632 2698 libu-

162 2720 235 2761 44„
261 2719 335 2761 dat,
363 2730 404 2753 er
430 2720 510 2765 gibt
539 2718 665 2754 Iedem
691 2720 760 2754 5⁰0
787 2718 978 2753 Denarien
1005 2729 1052 2747 τε
1079 2717 1102 2752 5
1127 2716 1343 2751 Karolinen.
1369 2733 1415 2741 —-
1446 2724 1527 2757 cog.
1552 2740 1558 2746 .
1592 2739 1595 2742 .
1628 2741 1633 2745 .
