1795 3086
166 62 224 109 1ss
449 62 514 107 M.
544 63 602 106 Τ.
633 62 976 110 CICERONIS
1007 64 1382 111 EPISTOLAE.

160 190 288 230 num,
316 177 388 219 cui
418 176 656 232 respondet
684 176 1007 233 inlercapedo.
1064 178 1182 222 Num
1206 179 1317 222 haec
1342 194 1448 235 ergo
1472 180 1650 224 obscoe-

159 247 217 276 na
245 235 371 275 sunt?
413 233 509 275 Nos
550 237 696 274 autem
738 234 934 277 ridicule.
1008 233 1059 276 Si
1096 236 1312 278 dicimus:
1353 237 1432 279 ille
1465 240 1648 290 pali-em

159 290 497 347 stranyularz'l,
540 288 755 331 honorem
794 304 881 332 non
922 292 1185 346 praefamur.
1254 293 1334 334 Sin
1373 293 1430 333 de
1468 294 1648 335 Aurelia

158 346 328 400 aliquid
376 350 451 386 aut
500 343 669 387 Lollia:
722 344 862 388 honos
906 347 1172 402 praefandus
1212 353 1292 392 est.
1369 348 1430 389 Et
1468 350 1648 402 quidem

158 402 248 443 iam
277 416 364 443 non
395 402 528 442 ctiam
550 402 768 443 obscoena
790 403 927 445 verba
947 417 1028 459 pro
1051 406 1286 446 obscoenis
1310 409 1409 445 sunt
1420 405 1441 446 ἶ
1463 403 1646 460 Baluz'l,

157 458 327 512 inquit,
376 456 673 510 impudentem
727 457 884 512 clepsit
930 460 1067 502 multo
1115 461 1424 515 impudentius.
1508 461 1646 515 Atqui

156 518 360 555 neutrum
404 517 471 554 est
511 514 790 557 obscoenum.
870 514 1115 557 Stultorum
1159 518 1290 570 plena
1335 520 1436 557 sunt
1485 517 1646 558 omnia.

158 568 334 611 Tesles
363 570 543 610 verbum
571 569 930 611 honestissimum
959 573 1005 611 in
1035 569 1227 614 iudicio:
1274 572 1361 614 alio
1392 573 1515 625 loco,
1557 586 1646 613 non
1676 612 1678 615 ,

155 625 301 667 nimis.
359 626 419 666 At
447 624 623 667 honesti
653 626 773 669 colei
808 624 1075 670 Lanuvini.-
1119 626 1399 685 Cliternini,
1442 641 1529 669 non
1566 627 1647 669 lio-

155 682 282 722 nesti.
343 681 491 730 Quid?
532 682 629 736 ipsa
660 695 729 723 res
758 682 891 724 modo
920 682 1128 735 honesta,
1159 685 1292 724 modo
1323 684 1488 739 turpis?
1521 681 1647 737 Sup-

155 736 313 794 pedit,
344 736 563 791 flagitium
594 741 672 779 est.
747 738 843 778 Iam
883 740 969 780 erit
998 739 1137 779 nudus
1166 739 1210 779 in
1239 740 1418 792 balneo,
1460 754 1547 781 non
1579 753 1647 780 re-

156 792 417 847 prehendes.
467 792 617 835 Habes
636 793 833 836 scholam
856 794 1077 847 Stoicam,
1106 793 1127 834 ὁ
1148 797 1270 846 σοφός
1298 793 1649 846 εὐθυρῤημονήσει.

158 848 304 898 Quam
333 850 472 890 multa
502 863 556 891 ex
584 864 671 892 uno
701 851 835 891 verbo
879 856 976 893 tuo!
1027 851 1095 894 Te
1136 850 1347 892 adversus
1392 864 1463 892 me
1501 850 1649 892 omnia

156 905 320 946 audere
348 909 523 960 gratum
564 911 644 950 est.
713 907 814 960 Ego
854 919 986 949 servo
1025 911 1069 950 ct
1107 908 1292 949 servabo
1332 929 1383 937 —
1421 907 1487 948 sic
1529 907 1647 947 enim

156 961 334 1003 assuevi
366 987 414 992 -
446 961 650 1003 Platonis
680 963 1002 1004 verecundiam.
1069 963 1224 1017 Itaque
1261 963 1389 1004 tectis
1418 962 1566 1005 verbis
1597 975 1650 1003 ea

156 1017 216 1059 ad
254 1021 297 1058 te
337 1017 525 1071 scripsi,
566 1031 677 1072 quae
720 1020 1016 1072 apertissimis
1055 1023 1190 1073 agunt
1228 1018 1384 1060 Stoici.
1451 1019 1541 1061 Sed
1578 1019 1649 1058 illi

158 1074 294 1114 etiam
326 1075 522 1128 crepitus
552 1075 677 1116 aiunt
706 1088 842 1128 aeque
873 1076 1035 1116 liberos
1066 1087 1119 1115 ac
1138 1079 1288 1116 ructus
1310 1088 1405 1115 esse
1426 1078 1646 1129 oportere.

154 1128 385 1171 Honorem
415 1130 553 1183 igitur
582 1130 802 1171 Kalendis
832 1130 968 1172 Mart.
1028 1130 1102 1171 Tu
1124 1145 1195 1172 ine
1219 1131 1378 1184 diliges
1405 1135 1449 1171 et
1468 1130 1649 1172 valebis.

155 1255 206 1273 :z
240 1241 372 1275 flatum
406 1242 546 1276 ventris
580 1241 731 1285 emitto,
776 1249 819 1276 ut
851 1243 942 1286 pedo
981 1243 1019 1276 in
1053 1244 1236 1278 vocabulo
1270 1243 1523 1287 intercapedo.
1557 1242 1650 1278 Vid.

156 1289 336 1331 Quinctil.
370 1291 477 1333 VIII,
510 1292 546 1333 3,
579 1292 639 1326 46.
674 1290 774 1324 Frid.
811 1293 994 1325 Vavassor
1029 1292 1075 1325 de
1102 1293 1221 1337 epigr.
1247 1294 1285 1333 6,
1314 1294 1369 1326 11.
1405 1309 1452 1316 —-
1485 1290 1650 1324 honorem

154 1348 227 1372 71οη
247 1338 491 1382 praefamur,
520 1349 561 1372 so
588 1349 704 1383 sagen
730 1339 800 1372 wir
819 1339 929 1373 nicht
956 1346 1053 1373 erst:
1083 1342 1165 1373 mit
1191 1340 1345 1374 Ehren
1373 1351 1424 1374 zu
1449 1339 1649 1372 vermel-

157 1386 265 1427 den,
292 1386 412 1420 honos
439 1387 488 1420 sit
513 1386 658 1420 verbis!
693 1387 774 1431 Vgl.
804 1387 849 1421 de
881 1388 1031 1421 Finibb.
1060 1388 1110 1428 11,
1140 1389 1197 1423 10.
1226 1409 1268 1414 --
1304 1388 1347 1421 (le
1373 1388 1533 1422 Aurelia
1561 1414 1569 1422 .
1600 1409 1610 1419 .
1639 1411 1649 1420 .

156 1439 219 1468 aut
252 1434 395 1474 Lollia,
439 1436 576 1468 scortis
610 1435 868 1469 nobilissimis.
905 1436 1045 1479 aliquid
1076 1437 1257 1470 eiusmodi
1287 1437 1343 1469 vel
1380 1435 1517 1480 aliquis
1552 1435 1650 1468 idem

155 1482 244 1519 Sch.
271 1495 389 1528 susp.‚
417 1484 553 1529 quibus
580 1482 646 1518 diu
672 1490 762 1517 ante
789 1484 941 1517 obviam
966 1485 1065 1518 ierat
1092 1485 1336 1530 Oudendorp.
1363 1485 1410 1518 ad
1435 1484 1572 1527 Appul.
1599 1484 1649 1519 T.

156 1533 195 1568 2.
223 1544 261 1577 p.
289 1533 371 1567 552.
422 1532 588 1577 Apparet
611 1533 858 1574 strangulare
883 1544 992 1566 sensu
1025 1534 1188 1566 obsceno
1215 1533 1359 1566 dictum
1385 1543 1464 1565 esse
1493 1532 1539 1564 de
1566 1542 1649 1563 mu-

155 1580 324 1613 lieribus.
350 1598 398 1604 -—
422 1578 536 1614 Itonos
559 1581 691 1624 praes.
718 1584 790 1623 est,
826 1593 868 1614 so
894 1584 1042 1615 iniissen
1069 1582 1136 1615 wir
1163 1588 1241 1614 erst
1277 1590 1406 1626 stigen:
1442 1579 1527 1613 mit
1559 1579 1651 1613 Eh-

155 1639 239 1662 ren
266 1640 319 1661 zu
345 1628 557 1662 vermeld
570 1629 640 1662 en!
667 1648 711 1654 —
737 1639 806 1662 non
833 1629 954 1663 eliam.
1003 1631 1071 1664 Est
1096 1630 1370 1674 interrogatio:
1396 1628 1496 1679 quod
1522 1627 1549 1660 ii
1575 1638 1651 1660 non

157 1676 420 1717 attenderunt,
447 1677 514 1722 qui
540 1677 639 1711 coni.
668 1677 901 1722 scripserunt
927 1678 1037 1711 etiam
1061 1689 1133 1712 non
1157 1679 1291 1713 Lamb.
1320 1677 1412 1711 Ern'.
1438 1677 1525 1710 sch.
1551 1677 1651 1710 Liin.

159 1724 358 1760 ORELLI.
398 1743 444 1749 —-
497 1725 641 1760 Batm't.
694 1726 855 1759 Batuere
888 1727 1042 1772 proprie
1089 1733 1146 1760 est
1180 1728 1399 1767 verberare,
1441 1724 1576 1758 deinde
1611 1724 1650 1756 in

156 1775 344 1808 mortario
371 1773 541 1807 tundere.
591 1774 640 1807 At
666 1773 739 1807 hac
765 1775 1046 1819 significatione
1070 1775 1224 1808 verbum
1250 1776 1471 1808 translatum
1497 1772 1543 1805 ad
1568 1783 1649 1805 rem

156 1822 379 1856 Vener-eam.
406 1822 514 1856 SCH.
542 1843 585 1848 —
613 1823 731 1867 clepsit
756 1824 911 1856 verbum
932 1823 1084 1870 proprie
1101 1830 1155 1857 est
1179 1824 1371 1865 subigere,
1398 1829 1438 1855 ut
1462 1821 1647 1862 farinam;

158 1871 295 1904 deinde
322 1871 369 1903 ad
393 1882 542 1904 sensum
568 1871 775 1904 obscenum
802 1872 979 1914 deflexit,
1009 1872 1218 1917 composito
1243 1872 1457 1915 perclepsere
1482 1870 1536 1903 sic
1562 1880 1648 1902 usus

158 1926 216 1953 est
244 1920 423 1955 Catullus,
450 1919 560 1953 SCH.
585 1938 633 1944 —
669 1921 872 1954 Stultorum
905 1921 1018 1963 plena
1051 1924 1131 1953 siml
1164 1920 1296 1953 omnia.
1356 1922 1650 1964 Interponuntur

156 1968 252 2001 liaeo
279 1979 452 2012 prorsus,
479 1974 522 2000 ut
547 1979 675 2013 supra:
709 1968 834 2002 Videyr
859 1969 982 2010 igilur
1005 1967 1096 2002 nillil
1122 1978 1199 2000 esse
1224 1967 1298 2001 nisi
1323 1967 1491 2011 ineptias.
1541 1967 1647 1999 Haec

156 2016 266 2050 stult.
296 2040 303 2049 .
331 2041 339 2048 .
367 2041 377 2050 .
407 2017 526 2048 omnia
552 2017 639 2049 Ern.
668 2016 703 2060 [J
731 2016 800 2050 del.
826 2016 913 2050 Sch.
941 2017 1036 2050 Liin.
1074 2015 1270 2060 ORELLI.
1297 2036 1340 2042 -—
1375 2015 1452 2048 alio
1489 2015 1588 2057 loco,
1618 2013 1649 2046 si

155 2064 315 2110 ponitur
351 2073 419 2110 pro
451 2065 648 2098 testiculis.
681 2083 727 2089 -—
766 2075 836 2098 non
873 2064 980 2098 nimis
1009 2064 1215 2099 honestum.
1249 2082 1296 2088 —
1329 2063 1424 2097 colei
1455 2062 1648 2103 Lanuvini,

157 2112 262 2146 sacci
290 2112 337 2145 de
363 2111 468 2145 corio
496 2113 612 2154 facti,
647 2113 710 2158 qui
738 2119 774 2146 et
800 2113 936 2153 cullei,
970 2113 1034 2158 qui
1062 2113 1205 2158 optime
1239 2113 1397 2146 Lanuvii
1435 2112 1576 2145 fiebant
1610 2117 1649 2144 et

155 2161 244 2195 inde
271 2162 525 2206 portabantur
562 2162 738 2196 Romam.
777 2161 996 2198 GRONOV.
1023 2179 1068 2186 —
1105 2161 1318 2202 Cliternini,
1351 2167 1392 2194 ut
1425 2160 1463 2193 in
1495 2160 1647 2204 Priapp.

157 2211 230 2245 13:
269 2219 337 2242 nos
365 2209 504 2252 pudore
536 2211 640 2253 pulso
674 2213 815 2242 stamus
846 2209 911 2242 sub
953 2210 1042 2242 Iove
1076 2209 1189 2242 coleis
1221 2208 1374 2252 apertis.
1436 2207 1650 2242 Cliternum

156 2269 307 2302 quoque
333 2257 465 2291 ltaliae
493 2257 674 2302 oppidum
700 2264 738 2292 et
771 2258 920 2290 incolae
954 2258 1166 2292 Cliternini.
1218 2257 1290 2290 Sed
1326 2257 1478 2290 videtur
1515 2255 1648 2300 aliquis

157 2307 213 2339 sic
250 2307 379 2340 lusisse
420 2307 626 2350 respiciens
668 2307 716 2339 ad
755 2306 977 2339 vocabulum
1021 2303 1212 2352 κλειῐορῖς,
1256 2316 1352 2351 quae
1385 2312 1423 2338 et
1454 2300 1578 2349 νύμφη
1611 2310 1650 2336 et

157 2351 290 2400 μύρτος
314 2354 537 2400 appellatur.
568 2354 787 2389 GRONOV.
809 2372 851 2379 --
876 2355 1056 2399 suppedit.
1103 2353 1316 2400 Suppedere
1340 2354 1365 2388 i.
1394 2366 1430 2400 q.
1456 2353 1578 2387 visite.
1605 2370 1649 2377 —-

157 2403 234 2436 iam
258 2403 292 2436 si
318 2404 389 2436 erit
413 2403 499 2437 sch.
526 2404 622 2437 Liin.
648 2403 731 2437 scil.
759 2402 911 2448 aliquis,
938 2403 1000 2448 qui
1027 2403 1102 2436 hoc
1129 2402 1278 2436 fecerit.
1676 2422 1679 2423 ν

255 2453 289 2486 5.
315 2450 473 2484 scholam
498 2451 680 2492 Stoicam,
710 2451 931 2485 Stoicorum
964 2458 1234 2496 praeceptum:
1264 2449 1410 2494 sapiens
1446 2449 1568 2484 omnia
1603 2449 1652 2483 li-

158 2499 243 2533 bere
268 2503 300 2533 el
326 2499 430 2533 malls
455 2500 577 2533 verbis
609 2500 816 2545 eloquetur.
843 2518 888 2524 ·-
921 2500 1032 2533 verbo
1068 2504 1128 2533 luo
1163 2499 1246 2536 scil.
1285 2500 1469 2542 obsceno,
1504 2510 1578 2544 quo
1611 2498 1651 2530 in

160 2548 321 2592 epistola
347 2559 430 2581 usus
456 2554 537 2581 erat
562 2549 709 2585 Paetus.
735 2568 780 2573 —
807 2552 942 2590 agunt,
970 2554 1149 2590 tractant,
1176 2547 1416 2581 verhandeln.
1443 2567 1486 2572 —
1513 2547 1653 2580 Kalen-

157 2596 218 2629 <lis
242 2596 362 2630 Mart.
389 2597 560 2641 intellige
594 2596 786 2638 habemns,
822 2597 886 2641 qui
914 2608 981 2641 pro
1017 2597 1238 2630 verecundia
1271 2607 1502 2641 pugnamus,
1537 2605 1652 2639 quum

158 2644 347 2678 Kalendae
371 2646 537 2680 Martiae
571 2645 648 2679 sint
681 2646 866 2679 matronis
894 2645 1078 2679 solemnes
1104 2651 1142 2678 et
1168 2656 1296 2679 sacrae
1322 2653 1481 2691 propter
1507 2644 1652 2676 cultum

158 2693 317 2727 Iunonis
354 2694 496 2739 regiae.
530 2694 775 2730 ERNESTI:
808 2693 996 2728 Honorem
1030 2693 1162 2737 igitur.
1198 2693 1288 2729 Kal.
1324 2693 1444 2728 filare.
1479 2691 1653 2726 distinxit

160 2741 292 2776 hamb.
321 2741 400 2776 ΟΠ.
