1795 3086
255 72 348 121 300
529 77 591 120 M.
621 78 678 122 T.
707 76 1048 123 CICERONIS
1084 78 1450 125 EPISTOLAE.

192 190 219 230 2
255 187 525 230 clementior.
584 190 707 244 Ego,
735 189 798 230 mi
827 189 1063 242 Cornifici,
1092 203 1178 245 quo
1209 190 1280 232 die
1308 192 1497 246 primum
1524 194 1570 235 in
1599 208 1720 250 spem

253 245 472 285 libertatis
510 244 732 299 ingressus
770 259 865 287 sum
902 251 946 289 et
974 247 1272 288 cunctantibus
1302 249 1460 290 ceteris
1490 263 1529 291 a.
1560 250 1600 291 d.
1629 265 1719 294 xiu.

251 299 351 340 Kal.
381 301 475 341 Ian.
506 301 795 343 fundamenta
823 303 909 343 ieci
940 303 1006 344 rei
1035 303 1261 356 publicae,
1302 317 1353 344 eo
1392 304 1488 359 ipso
1519 305 1592 348 die
1621 320 1716 361 pro-

250 355 343 396 vidi
373 356 560 396 multum
588 361 718 411 atque
746 356 880 398 habui
920 359 1139 399 rationem
1177 358 1410 413 dignitatis
1450 364 1571 403 tuae:
1607 362 1721 403 mihi

249 410 365 450 enim
395 415 463 451 est
492 425 693 453 assensus
722 417 896 454 senatus
927 413 980 454 de
1009 414 1258 455 obtinendis
1293 415 1551 469 provinciis.
1622 417 1720 459 Nec

249 479 355 505 vero
386 472 538 519 postea
566 468 715 509 destiti
746 468 1016 510 labefactare
1047 483 1166 522 eum,
1202 470 1278 524 qui
1319 483 1489 512 summa
1518 485 1616 512 cum
1644 477 1722 514 tua

247 521 413 562 iniuria
441 525 797 578 contumeliaque
827 525 892 565 rei
922 526 1125 579 publicae
1154 525 1433 580 provinciam
1462 527 1614 569 absens
1644 529 1720 569 ob-

248 578 427 619 tinebat.
494 578 655 633 Itaque
683 580 861 621 crebras
891 581 960 621 vel
989 582 1133 636 potius
1170 581 1451 635 quotidianas
1481 584 1718 638 compella-

246 633 389 673 tiones
418 647 538 676 meas
566 649 654 676 non
683 636 785 675 tulit
814 649 944 689 seque
973 636 1018 676 in
1047 638 1198 676 urbem
1228 639 1397 691 recepit
1421 638 1613 680 invitus:
1642 653 1718 680 ne-

244 702 329 742 que
357 689 500 730 solum
530 703 626 744 spe,
672 691 750 732 sed
782 696 905 732 certa
935 705 981 731 re
1011 692 1099 731 iam
1130 696 1175 732 et
1202 693 1475 745 possessione
1513 694 1718 736 deturba-

245 748 313 784 tus
342 749 410 785 est
438 759 533 786 meo
553 746 796 787 iustissimo
818 746 1216 800 honestissimoque
1237 749 1451 789 convicio.
1510 750 1579 791 Te
1597 754 1718 791 tuam

241 799 504 854 dignitatem
533 815 702 842 summa
731 807 805 843 tua
833 803 996 843 virtute
1031 802 1226 843 tenuisse
1263 803 1603 859 provinciaeque
1637 805 1716 847 ho-

242 856 423 897 noribus
452 858 740 911 amplissimis
770 859 978 899 affectum
1006 857 1292 899 vehementer
1321 859 1506 913 gaudeo.

351 911 485 960 Quod
513 918 557 953 te
585 913 700 953 mihi
729 913 786 954 de
815 914 1075 968 Sempronio
1104 927 1287 967 purgas,
1327 914 1500 968 accipio
1530 928 1715 956 excusa-

240 967 429 1008 tionem:
467 967 554 1008 suit
583 970 700 1009 enim
728 969 838 1009 illud
868 970 1089 1024 quoddam
1121 982 1299 1009 caecum
1328 974 1496 1024 tempus
1525 971 1715 1013 servitu-

240 1023 311 1062 tis.
370 1024 468 1077 Ego
498 1028 674 1065 tuorum
703 1025 992 1066 consiliorum
1023 1028 1177 1064 auctor
1204 1024 1520 1080 dignitatisque
1549 1026 1714 1079 fautor,

238 1078 380 1120 iratus
413 1080 683 1134 temporibus
714 1081 760 1120 in
792 1081 1030 1121 Graeciam
1059 1079 1294 1134 desperata
1322 1081 1528 1122 libertate
1570 1082 1715 1136 rapie-

237 1245 459 1283 massungen
491 1246 611 1283 geg-en
645 1237 716 1271 den
750 1237 888 1270 Willen
921 1236 984 1271 des
1017 1235 1147 1272 Senats
1179 1236 1311 1271 sollten
1343 1247 1456 1282 sogar
1488 1236 1558 1270 mit
1590 1237 1714 1271 Strafe

235 1282 364 1328 belcgt
387 1284 554 1318 werden.
579 1304 626 1310 —
651 1286 859 1323 clementior
890 1285 985 1328 suit,
1032 1287 1061 1323 i.
1089 1298 1123 1319 e.
1151 1285 1344 1319 mitiorem
1370 1286 1593 1319 sententiam
1615 1285 1713 1320 tulit.

329 1365 363 1399 2.
390 1364 427 1397 in
452 1375 551 1408 spem
578 1365 639 1398 lib.
664 1365 767 1408 ingr.
793 1376 887 1407 sum,
913 1376 974 1399 wo
999 1364 1062 1398 ich
1089 1363 1228 1398 wieder
1243 1364 1443 1413 Hoffnung
1462 1376 1528 1400 zur
1544 1366 1714 1400 Freiheit

233 1410 420 1457 sclibpfte.
447 1432 487 1438 -
517 1414 632 1447 XIII.
661 1414 750 1447 Kal.
775 1414 878 1456 Ian„
913 1424 974 1447 am
1000 1415 1055 1449 20.
1082 1413 1303 1447 December.
1339 1431 1383 1438 -—
1407 1414 1520 1456 fund.
1552 1413 1622 1447 ieci
1655 1414 1712 1448 rei

230 1470 286 1502 p.‚
320 1461 397 1493 und
424 1461 494 1494 den
522 1460 753 1494 Grundstein
778 1473 842 1495 zur
866 1460 1257 1506 VViederherstellung
1284 1460 1350 1495 der
1380 1461 1570 1507 Republik
1592 1462 1709 1507 legte.

229 1508 412 1541 Nfimlich
445 1508 568 1543 durch
601 1509 662 1542 die
694 1510 760 1543 111.
794 1509 871 1542 und
903 1510 966 1542 IV.
1001 1509 1225 1554 Philippica,
1260 1508 1320 1542 die
1352 1520 1411 1549 er,
1432 1510 1496 1556 „als
1527 1510 1711 1544 Antonius

230 1556 416 1601 plbtzlich
442 1558 503 1590 die
529 1556 637 1590 Stadt
661 1558 846 1591 verlassen
873 1557 999 1598 hatte,
1033 1557 1085 1590 im
1110 1559 1241 1589 Senate
1265 1557 1373 1591 hielt,
1422 1557 1614 1604 Ubrigens
1640 1559 1711 1591 hat

231 1615 274 1636 er
301 1605 396 1638 diess
421 1605 539 1638 schon
567 1617 624 1651 ep.
651 1607 733 1647 780,
757 1607 791 1640 3.
819 1605 903 1639 dem
930 1605 1150 1639 Cornificius
1175 1604 1370 1650 gemeldet.
1400 1623 1442 1631 —
1477 1605 1590 1647 Iabqf.
1617 1616 1709 1648 eum,

231 1652 453 1695 Calvisium,
481 1665 604 1687 ausser
629 1655 795 1698 Fassung
819 1665 862 1687 zu
887 1653 1058 1698 bringen.
1085 1672 1130 1678 —
1156 1654 1299 1692 absens,
1326 1664 1393 1698 per
1415 1653 1556 1698 legatos
1575 1653 1708 1689 Uticae

229 1701 386 1734 relictos
415 1702 628 1744 obtinebat,
657 1714 773 1747 quum
800 1702 877 1747 ipse
903 1701 948 1736 ad
972 1702 1103 1734 urbem
1129 1708 1224 1735 esset
1244 1713 1330 1734 cum
1349 1702 1528 1746 imperio,
1551 1702 1709 1735 revertit

229 1756 354 1783 autern
381 1750 418 1783 in
447 1752 578 1784 urbem
605 1751 775 1795 deposito
802 1750 962 1795 imperio
998 1749 1100 1791 (Vid.
1129 1761 1189 1794 ep.
1215 1749 1251 1783 h.
1278 1750 1336 1781 ed.
1368 1751 1466 1790 823).
1500 1750 1707 1785 MANUT.

229 1815 270 1821 —
301 1799 486 1842 compell.‚
513 1799 844 1845 reprehensiones,
873 1798 1066 1839 convicia,
1092 1798 1368 1842 Anzapfungen.
1390 1816 1434 1822 —
1459 1797 1612 1839 invitus,
1638 1798 1708 1831 mit

228 1845 434 1880 Verdruss.
469 1866 513 1872 -—
548 1851 649 1881 certa
682 1858 721 1881 re
755 1847 830 1880 iam
867 1851 898 1879 el
929 1857 1026 1889 poss.
1062 1845 1144 1878 eine
1176 1845 1394 1890 Hendiadys
1428 1851 1472 1879 st.
1500 1852 1604 1879 certa
1629 1846 1706 1879 iam

227 1894 284 1927 rei
310 1895 536 1938 possessione
570 1895 714 1929 deturb.
744 1901 818 1935 est,
860 1907 924 1928 aus
955 1894 1039 1928 (lem
1072 1895 1192 1927 sehon
1226 1895 1287 1927 fiir
1319 1893 1454 1937 gewiss
1485 1894 1706 1938 gelialtenen

225 1942 351 1976 Besitz
378 1944 442 1977 der
468 1944 628 1978 Provinz
652 1943 854 1988 geworfen.
880 1961 926 1967 —
952 1942 1109 1980 honest.‚
1136 1954 1200 1976 vor
1225 1942 1293 1975 der
1315 1941 1545 1975 Sittlichkeit
1570 1942 1706 1976 hb‘chst

226 1993 556 2027 verantwortliche
595 1991 899 2037 Beschiinpfung.
934 2010 976 2016 —
1024 1989 1254 2033 Dignitatem
1294 1990 1335 2024 in
1377 1990 1568 2036 provincia
1605 1990 1705 2024 obti-

223 2040 358 2073 nenda.

320 2109 354 2141 3.
385 2108 485 2141 Quod
508 2111 542 2140 te
567 2106 660 2143 milti,
712 2108 783 2141 Hic
818 2107 962 2140 videtur
994 2106 1087 2139 alius
1119 2117 1194 2139 esse
1226 2105 1403 2150 epistolae
1442 2103 1594 2137 initium
1618 2110 1703 2138 ante
1742 2146 1745 2149 Δ

224 2156 327 2189 illam
354 2157 382 2199 ῥ’.
411 2158 441 2188 1.
470 2155 633 2188 Lz‘beral.
659 2180 667 2189 .
694 2179 703 2189 .
731 2156 874 2197 gaudeo
900 2156 1075 2199 scriptae.
1124 2154 1174 2187 Et
1200 2154 1348 2200 quidem
1374 2152 1524 2185 videtur
1548 2159 1702 2185 exeunte

223 2216 351 2236 mense
378 2204 579 2236 Februario
611 2204 763 2248 scripta.
798 2203 905 2238 SCH.
937 2221 983 2227 —
1013 2212 1166 2245 purgas.
1226 2202 1333 2234 Diess
1358 2200 1507 2233 bezieht
1531 2200 1610 2233 sich
1636 2201 1704 2234 auf

223 2265 283 2296 ep.
311 2254 392 2291 78⁰,
420 2252 452 2285 4.
479 2270 524 2275 —-
551 2263 696 2284 caecum
723 2256 875 2295 tempus,
911 2261 1049 2295 „quum
1077 2250 1179 2282 caeci
1208 2250 1308 2294 quasi
1334 2249 1571 2295 servivimus,
1605 2249 1701 2281 sieut

222 2301 317 2333 olim
345 2300 511 2332 Graecae
538 2300 709 2333 civitates
737 2300 922 2344 Phiiippo.
972 2298 1067 2330 Hinc
1106 2297 1294 2331 orationes
1321 2297 1358 2330 in
1383 2296 1587 2329 Antonium
1614 2297 1702 2329 Phi-

220 2348 385 2393 lippicae
425 2348 592 2382 dictae.“
636 2358 779 2380 caecum
820 2358 863 2379 ex
898 2346 1052 2391 antiqua
1096 2346 1194 2379 coni.
1228 2346 1320 2381 Cdd.
1353 2345 1509 2389 aliquot.
1542 2345 1702 2384 (caecum.

220 2400 360 2439 tempus
393 2395 566 2438 quoddam
605 2397 743 2440 Margo
785 2396 901 2436 Crat.)
943 2396 1115 2428 Graecum
1154 2394 1235 2427 Md.
1272 2394 1378 2426 vict.
1417 2395 1450 2427 2.
1505 2393 1701 2434 egregium

220 2445 320 2477 vict.
349 2446 380 2478 l.
407 2442 650 2477 necessarium
674 2444 718 2476 de
744 2443 956 2476 Bandinelli
982 2442 1080 2475 coni.
1109 2443 1239 2475 Lamb.
1292 2443 1472 2475 Poterant
1498 2441 1613 2474 etiam
1639 2441 1700 2473 vel

220 2497 373 2534 tetrum,
409 2492 468 2525 vel
492 2492 660 2525 acerbum
686 2491 848 2530 (Sullani
874 2491 1044 2534 temporis
1080 2491 1308 2523 acerbitatem
1340 2490 1434 2522 dixit
1464 2488 1543 2522 Lib.
1579 2488 1636 2528 14,
1663 2489 1700 2529 4,

219 2542 273 2581 1).
324 2540 485 2573 Omnino
511 2540 609 2573 aliud
634 2539 727 2585 quid
752 2540 787 2572 in
822 2540 896 2572 hoc
929 2539 1079 2572 videtur
1111 2539 1226 2572 latere
1259 2549 1367 2583 quam
1405 2547 1561 2575 caecum.
1610 2537 1701 2568 For-

218 2595 315 2622 tasse
340 2588 562 2621 vocabulum
587 2587 737 2632 aliquod
767 2588 976 2630 Graecum,
1019 2598 1091 2632 quo
1117 2587 1316 2620 obliterato
1340 2586 1401 2620 vel
1427 2590 1605 2629 corrupto
1632 2584 1700 2615 ali-

220 2637 306 2681 quis
335 2637 600 2681 superscripsit
627 2635 822 2678 Graecum,
856 2636 971 2681 idque
1005 2641 1135 2681 postea
1166 2636 1251 2669 loco
1290 2635 1458 2678 corrupti
1492 2633 1529 2665 in
1565 2633 1701 2664 seriem

220 2691 415 2729 receptum
441 2691 507 2719 est.
537 2684 732 2718 ORELLI.
762 2703 804 2709 —
843 2684 1101 2726 consiliorum,
1139 2690 1178 2717 ut
1211 2684 1357 2717 abesses
1390 2683 1436 2715 ab
1472 2681 1565 2715 urbe
1591 2686 1628 2713 et
1653 2679 1699 2712 ab

219 2733 373 2768 urbanis
397 2733 573 2768 motibus.
602 2751 645 2759 -—
671 2732 773 2776 dign.
795 2731 922 2776 saun,
949 2743 1061 2778 quum
1086 2731 1344 2778 praeficeretis
1375 2729 1528 2766 Africae
1553 2728 1701 2775 provin&

1762 3011 1777 3086 ss
