1795 3086
237 64 332 113 296
526 67 589 111 Μ.
620 68 678 111 Τ.
709 68 1052 114 CICERONIS
1091 68 1464 118 EPISTOLAE.

241 192 360 222 mum
389 179 511 222 valet
538 180 774 223 Antonius.
840 181 990 233 Quum
1018 195 1169 225 omnes
1198 196 1245 226 se
1274 185 1543 241 recepissent
1570 191 1713 232 nostri

241 236 446 284 ordines,
487 236 686 290 recipere
719 251 788 279 me
817 240 1085 281 novissimus
1115 241 1240 295 coepi
1271 242 1329 281 ad
1357 248 1516 286 castra.
1574 247 1713 287 Anto-

243 291 342 332 nius
371 295 593 345 tamquam
610 292 758 334 victor
776 299 922 336 castra
950 295 1122 348 putavit
1149 309 1194 338 se
1224 310 1351 351 posse
1382 312 1552 354 capere.
1613 302 1715 352 Quo

243 360 378 400 quum
415 347 563 400 venit,
613 349 861 403 complures
900 351 963 390 ibi
1013 350 1163 392 amisit
1205 366 1290 393 nec
1328 354 1420 407 egit
1457 356 1716 410 quidquam.

242 401 413 442 Audita
451 415 521 453 re,
561 402 738 446 Hirtius
777 419 878 446 cum
907 405 1168 447 cohortibus
1200 408 1361 462 viginti
1392 414 1615 453 veteranis
1645 427 1715 454 re-

241 456 395 497 deunti
421 457 614 500 Antonio
643 460 690 500 in
719 473 799 502 sua
828 465 975 503 castra
1004 463 1203 504 occurrit
1231 465 1466 519 copiasque
1497 468 1592 509 eius
1622 482 1715 509 om-

243 526 321 553 nes
351 512 542 566 delevit,
574 514 768 569 fugavit:
810 517 1052 572 eodemque
1081 519 1204 571 loco,
1232 521 1307 560 ubi
1335 527 1434 563 erat
1462 528 1716 577 pugnatum,

245 568 305 608 ad
332 568 496 610 Forum
521 570 774 624 Gallorum,
805 573 1027 614 Antonius
1056 587 1156 614 cum
1186 575 1406 629 equitibus
1436 577 1548 619 hora
1575 581 1718 622 noctis

247 628 405 678 quarta
445 639 492 666 se
520 625 565 665 in
595 631 741 668 castra
769 641 848 669 sua
876 628 932 669 ad
968 629 1185 670 Mutinam
1214 633 1398 686 recepit.
1464 633 1642 676 Hirtius
1671 636 1718 676 in

245 692 298 720 ea
327 684 473 722 castra
503 681 661 734 rediit,
702 683 818 724 unde
846 683 995 725 Pansa
1036 686 1235 738 exierat,
1276 689 1351 728 ubi
1381 688 1490 731 duas
1519 691 1717 745 legiones
1782 688 1785 734 Ξ

245 735 513 790 reliquerat,
551 751 662 791 quae
692 739 746 779 ab
773 739 968 781 Antonio
997 744 1126 781 erant
1155 748 1445 796 oppugnatae.
1513 746 1590 787 Sic
1619 760 1718 800 par·
1783 748 1785 792 ἶ

245 794 335 831 tem
364 793 576 832 maiorem
606 807 781 835 suarum
811 797 1040 849 copiarum
1068 796 1290 838 Antonius
1319 801 1468 840 amisit
1495 806 1719 842 veterana-

245 859 355 886 rum.
418 847 514 888 Nec
546 848 593 888 id
621 853 769 890 tamen
799 852 896 892 sine
925 851 1078 905 aliqua
1112 852 1284 893 iactura
1312 853 1564 897 cohortium
1593 870 1719 912 prae-

246 903 463 943 toriarum
491 908 741 946 nostrarum
769 911 813 947 et
841 907 1027 961 legionis
1048 906 1241 949 Martiae
1262 908 1362 949 fieri
1376 912 1533 963 potuit.
1586 914 1720 968 Aqui-

245 958 316 998 lae
345 959 484 1011 duae,
514 960 644 1013 signa
672 963 909 1016 sexaginta
938 967 1040 1003 sunt
1069 964 1210 1004 relata
1232 965 1428 1006 Antonii.
1487 967 1580 1010 Res
1610 971 1721 1012 benc

245 1017 372 1067 gesta
400 1018 478 1056 est.
536 1015 589 1059 A.
618 1015 659 1057 d.
690 1030 764 1060 x11.
797 1018 1026 1060 Kalendas
1056 1018 1224 1071 Maias,
1263 1033 1318 1063 ex
1346 1022 1516 1064 castris.

457 1207 776 1254 EPISTOLA
804 1210 1059 1254 DCCCXI.
1117 1211 1194 1264 (ad
1223 1209 1330 1256 Div.
1360 1211 1423 1255 X.
1453 1212 1515 1265 9.)

247 1279 326 1315 scr.
353 1282 394 1316 in
421 1284 545 1319 Gallia
568 1284 813 1322 Narbonensi
842 1295 998 1322 exeunte
1022 1287 1143 1333 Aprili
1167 1287 1205 1320 A.
1232 1289 1282 1326 U.
1309 1287 1350 1323 c.
1377 1290 1460 1324 711.
1508 1288 1559 1333 (a.
1588 1291 1627 1324 c.
1653 1291 1728 1336 43.)

247 1348 360 1384 Suum
386 1353 548 1387 studium
573 1364 659 1399 erga
685 1365 765 1388 rem
790 1355 979 1400 publicam
1005 1356 1227 1401 profitetur3
1252 1355 1477 1403 dignitatem
1494 1367 1599 1391 suam
1625 1370 1727 1393 com-

443 1403 619 1446 mendat;
652 1403 742 1448 quid
767 1404 883 1449 egerit
909 1411 947 1437 et
972 1410 1125 1438 acturus
1151 1404 1217 1446 sit,
1250 1405 1414 1449 exponit.
1441 1406 1532 1441 1·3.

713 1470 934 1505 PLANCUS
959 1472 1202 1507 CICERONI
1228 1470 1264 1506 S.

359 1534 486 1575 Nihil
515 1548 586 1578 me
614 1537 699 1579 tibi
730 1541 898 1580 temere
926 1543 1003 1581 aut
1030 1543 1076 1580 te
1105 1538 1265 1580 ceteris
1294 1539 1350 1579 de
1371 1552 1441 1580 me
1462 1538 1629 1584 frustra
1660 1555 1725 1583 re-

250 1588 419 1644 cepisse
450 1592 608 1635 laetor.
667 1593 804 1637 Certe
834 1594 920 1636 hoc
949 1595 1091 1637 maius
1119 1595 1259 1637 habes
1281 1594 1587 1637 testimonium
1608 1609 1727 1639 amo·
1784 1600 1785 1606 ’

249 1759 334 1781 vum
359 1748 418 1782 ist.
439 1769 483 1775 —
509 1752 741 1792 novissimus,
767 1753 911 1787 zuletzt.
961 1751 1109 1787 Adiect.
1136 1762 1206 1797 pro
1231 1750 1426 1785 Adverbio.
1449 1769 1498 1777 —-
1521 1753 1572 1786 ad
1594 1758 1730 1795 castra,
1782 1781 1785 1789 .

251 1807 313 1829 wo
338 1809 462 1832 ausser
487 1799 559 1833 den
593 1801 806 1847 bisherigen
839 1801 938 1835 noch
970 1803 993 1836 2
1025 1800 1212 1845 Legiones
1244 1799 1408 1834 tironum
1441 1812 1509 1834 zur
1547 1802 1731 1846 Deckung
1782 1832 1784 1841 ,

251 1844 305 1877 im
338 1846 556 1882 Hinterhalt
588 1849 709 1895 lagen.
741 1869 788 1874 -—-
824 1854 932 1894 iamq.
966 1848 1107 1888 victor,
1147 1848 1200 1881 als
1231 1859 1341 1882 wenn
1376 1860 1417 1882 er
1451 1848 1571 1882 sehon
1603 1849 1730 1895 Sieger
1782 1862 1784 1898 g

252 1896 361 1928 ware.
385 1913 432 1920 -—
457 1906 522 1929 nec
547 1898 626 1939 egit
652 1898 785 1942 quicq,
814 1898 891 1931 und
916 1897 1082 1931 richtete
1098 1896 1231 1930 Nichts
1252 1908 1331 1930 aus.
1359 1916 1402 1924 --
1429 1897 1611 1941 eodemque
1636 1899 1730 1940 loco,
1782 1923 1783 1938 ¹

252 1942 329 1974 und
355 1955 427 1976 von
453 1944 690 1992 derselbigen
717 1945 924 1980 Wahlstatt
949 1957 1025 1979 aus.
1052 1962 1096 1970 -—
1135 1944 1325 1979 Antonius.
1375 1944 1438 1979 Sic
1464 1944 1620 1979 distinxi
1646 1958 1732 1980 cum
1782 1973 1784 1982 ,

250 1989 366 2034 Beng.
400 1993 534 2028 Bened.
566 1994 780 2040 Significat:
825 1993 1059 2037 „Antonium
1091 1992 1236 2026 victum
1276 1993 1411 2027 eodem
1449 1993 1536 2027 loco
1569 1995 1731 2037 cessisse,
1782 2021 1784 2036 ,

251 2048 363 2082 quem
388 2046 498 2074 antea
522 2042 644 2077 victor
668 2049 860 2086 tenuerat,
885 2052 1004 2088 neque
1029 2041 1119 2075 alibi
1143 2052 1303 2086 pugnam
1328 2040 1565 2075 renovasse.“
1614 2043 1733 2076 Pleri-
1781 2063 1783 2070 η

251 2097 342 2131 que,
369 2088 485 2122 etiam
511 2092 607 2126 vict.
636 2098 675 2125 et
699 2092 785 2126 Sch.
814 2098 851 2125 et
867 2093 981 2126 Lim:
1003 2090 1180 2132 fugavit,
1208 2090 1395 2133 eodemque
1421 2114 1430 2124 .
1456 2114 1465 2122 .
1493 2114 1501 2122 .
1527 2088 1730 2124 Gallorum.
1782 2107 1783 2123 ÷

250 2133 433 2168 Antonius
460 2148 503 2172 ex
530 2141 684 2186 antiqua
711 2139 810 2173 coni.
836 2141 958 2184 Neap.
983 2138 1067 2171 Asc.
1094 2139 1125 2171 1.
1152 2138 1254 2172 Crat.
1281 2140 1386 2173 Man.
1414 2136 1563 2176 Lamb.‚
1591 2145 1632 2171 ut
1648 2139 1733 2184 *vult
1781 2149 1783 2172 1

248 2181 367 2216 etiam
382 2184 549 2232 Madvig.
576 2191 608 2223 l.
635 2201 671 2234 p.
700 2190 780 2224 137.
811 2188 885 2222 ΟΒ.
910 2205 957 2212 --
982 2195 1061 2219 cum
1085 2185 1273 2228 equitibus,
1299 2185 1370 2219 mit
1386 2185 1507 2218 seiner
1523 2185 1602 2220 ihm
1618 2187 1732 2220 allein

249 2231 364 2276 iibrig
388 2233 641 2277 gebliebenen
667 2236 847 2273 Reiterei.
872 2253 920 2260 —-—
945 2233 1037 2268 liora
1061 2243 1095 2266 π.
1125 2244 1177 2277 q„
1203 2233 1342 2268 Nachts
1370 2235 1412 2268 10
1440 2233 1528 2268 Uhr.
1782 2257 1784 2274 r

347 2281 380 2314 5.
404 2285 682 2325 praetoriarum
707 2296 750 2317 ex
774 2284 924 2329 antiqua
950 2282 1138 2315 emendat.
1163 2282 1279 2327 Neap.
1305 2281 1388 2315 Asc.
1411 2283 1442 2316 1.
1469 2282 1574 2316 Crat.
1600 2283 1732 2317 anb.
1780 2308 1784 2318 .

249 2326 411 2368 Bened-‚
448 2337 488 2364 ut
514 2343 632 2378 supra.
657 2332 981 2376 praetorianarum
1006 2330 1084 2364 Md.
1112 2327 1211 2363 Vict.
1241 2332 1272 2363 l.
1299 2332 1333 2365 2.
1361 2331 1497 2363 Graev.
1524 2331 1613 2364 Ern.
1645 2331 1730 2364 sch.
1780 2356 1785 2365 .

249 2376 345 2409 Liin.
374 2377 573 2415 ORELLI.
598 2398 645 2405 —
670 2379 782 2423 fieri,
816 2378 1000 2424 abgehen.
1032 2396 1076 2403 —
1101 2378 1194 2413 XII.
1221 2378 1311 2413 Kal.
1338 2379 1436 2412 Mai.
1461 2379 1608 2415 Manut.
1635 2380 1732 2413 coni.
1781 2401 1784 2416 .

248 2424 339 2457 Sch.
369 2424 462 2459 Liin.
490 2427 599 2462 XVI.
627 2429 731 2469 (XV.
759 2429 907 2461 volebat
924 2427 1054 2472 Beng.)
1082 2425 1278 2460 ORELLI.
1329 2427 1387 2460 Ita
1405 2427 1586 2469 (niimlich
1604 2428 1732 2469 XVI.)

251 2473 416 2507 correxit
440 2475 637 2510 Manutius
660 2476 754 2521 vulg.
780 2476 873 2510 XII.
900 2475 999 2515 Kal„
1041 2480 1084 2508 ut
1117 2474 1299 2519 postridie
1326 2486 1439 2520 quam
1465 2487 1525 2508 res
1550 2482 1654 2520 gesta
1679 2482 1731 2508 est

251 2520 372 2553 Galba
400 2524 608 2568 scripserit.
658 2524 697 2558 Si
723 2524 824 2557 enim
851 2523 1048 2568 quatriduo
1074 2529 1157 2567 post
1180 2522 1366 2567 proelium
1392 2523 1623 2569 scripsisset5
1658 2524 1731 2556 uti-
1782 2527 1785 2547 ²

251 2579 326 2612 que
349 2569 493 2615 aliquid
519 2572 565 2605 de
580 2573 722 2606 Pansae
738 2573 953 2605 vulneribus
969 2572 1128 2616 ipsoque
1147 2571 1357 2605 Bononiam
1380 2572 1563 2606 translato
1588 2582 1731 2616 cogno·
1784 2585 1785 2588 ¹

251 2616 366 2650 visset
392 2625 431 2651 et
456 2619 633 2654 Ciceroni
659 2620 921 2665 significasset.
947 2620 1060 2656 SCH.
1079 2618 1190 2659 XVI,
1217 2621 1300 2653 Kal.
1328 2619 1434 2662 Mai..
1462 2631 1523 2654 am
1549 2621 1594 2656 16
1618 2619 1732 2665 April.

394 2684 647 2722 PLANeUS.
674 2688 710 2722 S.
737 2698 794 2732 ep.
824 2688 893 2723 431
919 2687 972 2720 ini
998 2686 1085 2720 Anf.
1111 2686 1192 2721 805.
1217 2687 1300 2722 806.

345 2734 379 2767 1.
408 2737 558 2775 temere,
583 2736 835 2778 uubesonnen.
857 2753 898 2759 —
918 2737 1095 2779 frustra,
1121 2734 1224 2769 ohne
1239 2734 1386 2782 Erfolg.
1411 2753 1455 2762 -·-
1483 2734 1658 2782 recepisse
1684 2748 1733 2766 z.
1785 2747 1787 2750 ’
