1795 3086
251 68 344 118 338
523 68 589 111 Μ.
623 67 677 111 T.
709 65 1052 110 CICERONIS
1095 63 1470 111 EPISTOLAE‚

189 182 216 224 5
252 186 342 227 hoc
372 186 446 224 aut
475 179 733 225 vindicarat
761 179 962 234 Lepidus
993 183 1068 221 aut
1095 183 1286 221 sanarat.
1355 179 1458 221 Huc
1487 193 1559 222 me
1587 179 1741 223 venire
1794 211 1795 214 ,

251 246 297 283 et
326 240 498 280 duobus
527 235 802 276 exercitibus
833 236 1086 277 coniunctis
1117 237 1315 277 obiicere
1344 236 1596 278 exercitum
1626 235 1740 278 fides

253 298 489 347 lissimum‚
520 291 692 333 auxilia
720 291 933 337 maxima,
971 291 1197 347 principes
1229 291 1425 344 Galliae,
1458 291 1741 346 provinciam

253 355 456 394 cunctam
486 361 680 390 summae
710 347 961 389 dementiae
990 353 1036 390 et
1065 346 1336 390 temeritatis
1367 361 1465 390 esse
1494 347 1621 390 vidi:
1656 348 1740 389 mi-

251 422 353 463 que,
383 407 423 447 si
453 406 519 446 ita
548 416 784 459 oppressus
813 417 957 446 essem
987 418 1171 460 remque
1189 402 1415 459 publicam
1444 417 1618 445 mecum
1640 417 1742 458 pro·
1780 417 1781 434 ³

251 464 485 508 didissem,
512 465 691 502 mortuo
722 473 811 501 non
840 460 975 502 modo
1004 460 1235 514 honorem,
1277 460 1355 502 sed
1385 458 1749 501 misericordiam‘
1780 488 1781 492 ,

252 533 431 575 quoque
459 517 730 559 defuturum.
788 516 948 571 Itaque
991 518 1219 558 rediturus
1257 529 1356 558 sum
1385 529 1467 557 nec
1495 519 1619 558 tanta
1646 529 1742 556 mu-

189 580 216 621 6
256 590 364 617 nera
431 574 590 616 erditis
631 572 886 614 hominibus
926 572 1028 614 dari
1075 586 1206 628 posse
1243 572 1401 614 sinam.
1471 570 1743 615 Exercitum
1779 587 1785 617 J

256 632 371 674 locis
400 589 589 672 liabeam
618 629 905 684 opportunis,
935 629 1214 683 provinciam
1242 633 1393 675 tuear,
1423 628 1559 671 etiam
1588 628 1628 668 si
1658 627 1743 668 ille
1780 658 1781 662 ,

251 687 481 730 exercitus
512 686 738 736 descierit,
779 684 1014 739 omniaque
1052 684 1230 739 integra
1258 698 1449 737 servem,
1491 685 1608 726 dabo
1638 696 1742 738 ope-
1777 696 1779 701 ’

251 758 365 795 ram,
396 742 544 797 quoad
576 742 803 783 exercitus
847 740 936 781 huc
966 739 1254 781 summittatis
1293 740 1482 795 parique
1523 739 1741 782 felicitate
1778 740 1780 791 J

252 813 345 842 rem
375 799 601 854 publicam
630 798 709 839 hic
737 796 995 839 vindicetis.
1055 796 1155 837 Nec
1184 796 1456 850 depugnare,
1490 796 1532 837 si
1561 796 1743 837 occasio
1778 815 1782 832 .=

251 857 430 905 tulerit;
460 868 543 896 nec
573 853 795 906 obsideri,
834 853 875 894 si
906 867 1087 894 necesse
1117 852 1280 902 fuerit3
1319 866 1401 893 nec
1430 852 1570 904 mori,
1599 852 1640 892 si
1669 863 1743 892 ca-
1777 875 1780 901 5

251 926 326 953 sus
356 910 586 961 inciderit,
633 924 713 964 pro
754 911 883 951 vobis
921 910 1122 963 paratior
1162 908 1252 949 suit
1281 908 1530 963 quisquam.
1590 907 1742 957 Quare
1778 938 1781 947 ,

250 968 413 1009 hortor
440 970 500 1017 te,
530 965 592 1005 mi
621 967 799 1011 Cicero,
838 966 1084 1006 exercitum
1121 964 1210 1005 huc
1249 964 1569 1006 traiiciendum
1609 976 1743 1018 quam
1778 997 1780 1004 s

250 1024 443 1079 primum
474 1035 603 1063 cures
635 1026 680 1062 et
709 1024 902 1061 matures
931 1022 1079 1075 prius,
1119 1035 1250 1075 quam
1290 1020 1441 1062 hostes
1470 1019 1612 1074 magis
1643 1032 1743 1060 cor·
1778 1057 1780 1059 ,

252 1081 521 1120 roborentur
560 1082 605 1118 et
644 1077 792 1118 nostri
836 1078 1160 1131 perturbentur.
1228 1077 1283 1117 In
1321 1091 1409 1131 quo
1449 1077 1489 1117 si
1528 1076 1741 1117 celeritas
1778 1086 1780 1097 ἶ

253 1134 340 1177 erit
369 1133 588 1185 adhibita⁷
619 1146 692 1174 res
721 1132 904 1187 publica
933 1133 980 1173 in
1010 1132 1291 1189 possessione
1313 1131 1547 1184 victoriae,
1577 1130 1741 1172 deletis

189 1198 214 1239 7
253 1190 504 1236 sceleratis,
533 1189 824 1245 permanebit.
882 1190 975 1230 Fac
1004 1190 1155 1232 valeas
1194 1202 1351 1244 meque
1381 1188 1562 1242 diligas.
1630 1188 1748 1237 Fraf

253 1253 371 1289 trem
400 1259 547 1287 meum
576 1244 676 1298 tibi,
709 1245 1005 1286 fortissimum
1037 1246 1181 1288 civem
1211 1250 1255 1286 et
1285 1245 1342 1285 ad
1372 1245 1522 1285 omnia
1550 1242 1740 1298 paratis-

252 1304 428 1348 simum,
457 1315 669 1343 excusem
700 1301 870 1342 literis?
912 1302 991 1356 qui
1021 1315 1080 1343 ex
1109 1302 1262 1343 labore
1302 1300 1349 1341 in
1381 1300 1645 1341 febriculam
1673 1299 1742 1339 in-

252 1359 368 1402 cidit
397 1358 620 1400 assiduam
650 1360 693 1398 et
722 1355 830 1399 satis
860 1358 1106 1399 molestam.
1167 1357 1316 1408 Quum
1339 1357 1530 1413 primum
1558 1355 1740 1410 poterit,

252 1541 438 1579 omnibus,
467 1538 534 1584 qui
562 1538 662 1572 intra
688 1537 878 1584 praesidia
905 1537 984 1571 eius
1013 1545 1134 1582 erant,
1162 1537 1344 1573 iudicatus
1372 1546 1436 1574 est.
1477 1557 1520 1564 -
1570 1539 1740 1584 bonisque

250 1589 470 1636 publicatis3
497 1587 801 1634 proscriptorum
827 1587 930 1621 enim
957 1587 1052 1621 bona
1077 1586 1391 1632 pumicabantur,
1423 1587 1585 1623 wurden
1611 1588 1740 1635 einge-
1769 1600 1770 1603 ¹

251 1649 385 1684 zogen.
438 1657 481 1663 -—
530 1647 644 1680 neque
671 1635 736 1669 hoc
774 1642 860 1678 cet.,
896 1635 972 1668 und
1006 1635 1108 1669 diese
1135 1635 1444 1671 Vermessenheit
1477 1636 1544 1669 hat
1575 1636 1737 1682 Lepidus
1769 1671 1770 1676 ¹

251 1687 361 1721 nicht
387 1684 592 1734 geahndet,
617 1685 694 1717 und
720 1684 830 1718 nicht
858 1683 1027 1717 einmahl
1054 1696 1101 1717 zu
1127 1685 1411 1718 unterdri'icken
1437 1683 1609 1729 gesucht.

347 1735 383 1770 5.
409 1734 547 1768 duobus
572 1733 792 1767 exercitibus
817 1732 975 1766 Antonii
1001 1738 1039 1766 et
1064 1732 1214 1777 Lepidi.
1260 1754 1301 1759 -—
1352 1734 1524 1774 obiicere,
1563 1732 1665 1778 preis
1692 1745 1738 1766 zu

251 1782 383 1830 geben.
412 1800 456 1806 —
504 1780 763 1826 prodidissem,
789 1781 829 1814 in
857 1780 929 1814 den
955 1781 1139 1828 Abgrund
1164 1792 1335 1829 gezogen
1362 1781 1479 1815 h'a'tte.
1509 1798 1550 1803 —
1594 1782 1738 1823 defutu-
1768 1804 1769 1807 η

254 1842 345 1864 rum.
396 1829 462 1865 Sic
494 1829 568 1864 Md.
616 1830 715 1864 Vict.
744 1832 776 1863 l.
805 1831 838 1865 2.
877 1829 1013 1863 Graev.
1050 1829 1264 1873 defuturam
1296 1831 1416 1875 Neap.
1457 1829 1539 1863 Asc.
1569 1831 1599 1863 l.
1637 1830 1735 1863 Crat.
1768 1844 1769 1847 ¹

253 1878 384 1913 Lamb.
414 1879 508 1912 Ern.
534 1877 673 1912 Bened.
702 1877 789 1912 sch.
816 1878 910 1911 Liin.
962 1876 1036 1911 Sed
1070 1879 1139 1910 cfr.
1177 1878 1279 1911 infra
1319 1878 1387 1922 Ep.
1421 1878 1477 1913 24.
1513 1877 1543 1919 ᾗ.
1573 1880 1604 1912 1,
1634 1888 1739 1911 amor

254 1953 261 1959 .
289 1953 296 1958 .
325 1938 370 1961 (ιε
396 1927 570 1961 iudicium
595 1927 645 1960 sit
670 1927 866 1961 allaturus.
895 1927 969 1960 ΟΒ.
1022 1926 1173 1960 Ramsh.
1198 1926 1226 1969 §.
1244 1928 1302 1966 96,
1330 1930 1363 1968 1,
1391 1937 1421 1958 a.
1447 1925 1598 1960 Grotef:
1619 1926 1737 1968 §.208-

253 1974 287 2008 d.
314 1975 458 2020 Zumpt
483 1975 513 2018 §.
540 1976 618 2010 376.
649 1974 802 2008 besond.
827 1974 972 2008 schulz
997 1974 1026 2016 §.
1054 1977 1111 2013 71,
1139 1978 1170 2009 7.
1200 1993 1241 1998 -
1283 1978 1385 2007 tanta
1409 1984 1557 2009 vzunera
1582 1999 1589 2005 .
1619 1999 1625 2005 „
1652 1974 1738 2007 (ίαν-ι’

252 2033 371 2067 posse,
407 2031 484 2058 tam
522 2023 723 2071 egregium
760 2024 967 2055 exercitum
1004 2022 1134 2069 prodi,
1175 2022 1256 2056 dass
1283 2023 1345 2056 ein
1378 2033 1418 2056 so
1445 2033 1593 2069 grosses
1620 2022 1737 2068 Opfer

253 2071 383 2105 diesen
409 2071 763 2117 niedertr‘achtigen
790 2071 995 2105 Menschen
1032 2073 1098 2104 auf
1129 2071 1190 2105 die
1224 2070 1514 2105 Schlachtbank
1550 2070 1736 2118 gebracht
1769 2107 1770 2111 Ἰ

252 2120 410 2155 werden
434 2120 571 2153 kb'nne.

349 2170 381 2203 6.
408 2167 618 2202 Exercitum
643 2168 736 2201 locis
762 2167 920 2201 habeam.
973 2167 1036 2201 Sic
1063 2167 1135 2201 Md.
1164 2166 1245 2201 Asc.
1278 2170 1306 2201 l.
1336 2167 1431 2201 Vict.
1458 2169 1492 2203 2.
1524 2168 1570 2200 Ut
1597 2168 1735 2200 exerci-

252 2220 326 2249 tum
350 2216 448 2250 Vict.
480 2218 511 2250 1.
551 2216 688 2252 Graev.
728 2216 822 2250 Ern.
849 2216 989 2251 Bened.
1018 2215 1108 2249 Sch.
1137 2216 1231 2249 Liin.
1270 2216 1401 2250 Exere.
1428 2221 1466 2250 ut
1494 2216 1518 2249 l.
1544 2215 1578 2248 Ιι.
1614 2216 1732 2261 Neap.

251 2263 468 2298 Exercitum
492 2265 586 2297 locis
612 2268 651 2297 ut
675 2263 707 2297 h.
749 2264 876 2298 Lamb.
913 2264 1043 2297 Exere.
1073 2265 1098 2296 l.
1133 2263 1269 2297 habebo
1307 2264 1406 2298 Crat.
1446 2271 1593 2299 servato
1619 2268 1731 2297 tuear.

254 2312 327 2346 ΟΒ.
364 2331 406 2336 -—
445 2313 637 2357 omniaque
661 2313 821 2355 integra.
858 2313 958 2346 Crat.
985 2311 1111 2345 Lamb.
1151 2313 1271 2345 omnia
1296 2316 1334 2345 ut
1360 2314 1423 2345 int.
1460 2313 1535 2347 ΟΒ.
1573 2331 1615 2336 —-
1666 2313 1733 2344 ille

251 2361 433 2394 exercitus
458 2361 596 2405 Lepidi
622 2361 795 2394 descierit
820 2373 839 2394 a
866 2373 907 2394 re
933 2360 1095 2405 publica.
1125 2380 1166 2386 --
1194 2361 1324 2404 quoad,
1351 2360 1407 2394 bis
1434 2360 1526 2395 dass.
1559 2378 1601 2382 —
1634 2371 1731 2394 sum-

250 2409 361 2451 milt„
389 2422 437 2442 zu
463 2410 579 2444 Hiilfe
605 2409 769 2443 schickt.
824 2428 864 2432 ——
916 2411 1002 2452 pari
1020 2408 1148 2452 felic„
1186 2410 1256 2442 mit
1280 2409 1474 2456 gleichem
1502 2407 1631 2443 Gluck
1657 2409 1731 2442 wie

247 2468 317 2491 vor
344 2458 498 2492 Mutina.
526 2477 569 2483 -
596 2457 708 2500 vind,
736 2463 861 2491 rettet.
882 2476 926 2482 --
953 2457 1126 2496 obsideri,
1153 2457 1236 2491 eine
1264 2457 1504 2505 Belagerung
1530 2455 1729 2491 auszuhal*

247 2512 324 2539 ten.
353 2524 399 2530 -—
427 2510 462 2538 et
482 2506 597 2540 nostri
616 2506 791 2550 perturb,
819 2506 895 2539 und
923 2505 983 2539 die
1011 2506 1200 2540 Patrioten
1225 2506 1302 2539 irre
1328 2506 1498 2540 werden.

344 2556 378 2589 7.
428 2554 611 2588 Fratrem.
660 2553 768 2588 Alius
804 2553 875 2588 hoc
910 2554 1093 2600 epistolae
1118 2556 1377 2601 fragmentum
1411 2559 1544 2599 putant
1570 2552 1729 2588 Weiske
1762 2579 1765 2583 ,

247 2606 285 2634 et
310 2600 415 2643 Sch.‚
441 2602 608 2648 scriptae
633 2602 734 2636 inter
758 2602 857 2648 Epp.
887 2605 932 2638 15
953 2609 991 2637 et
1009 2605 1065 2638 17.
1093 2602 1206 2636 huius
1233 2603 1334 2636 libri.
1364 2602 1438 2636 ΟΒ.
1470 2620 1510 2627 --
1539 2602 1727 2635 accusem.2
1761 2606 1764 2632 t

244 2649 317 2684 Md.
344 2661 364 2685 a
390 2662 447 2695 pr.
477 2662 591 2685 manu
617 2662 754 2685 excuse.
794 2663 814 2684 a
850 2662 923 2685 sec.
960 2663 1009 2684 m.
1046 2662 1194 2684 excuses
1226 2657 1263 2684 et
1297 2650 1389 2684 hinc
1416 2650 1507 2684 Cdd.
1536 2649 1726 2695 plerique,
1760 2668 1764 2696 ξ

241 2697 363 2743 Neap.
393 2698 476 2734 Asc.
507 2703 538 2735 l.
566 2700 688 2735 Crat:
713 2699 834 2734 unde:
860 2711 1018 2742 excuses,
1043 2700 1167 2740 velim5
1195 2700 1256 2744 qui
1272 2699 1381 2732 dubia
1406 2698 1493 2732 sch.
1522 2708 1619 2741 susp.
1650 2697 1725 2730 ΟΒ.
1759 2717 1763 2736 ;

241 2745 323 2781 Zur
348 2746 471 2783 Sache
496 2748 624 2798 vei-gl.
652 2760 711 2795 ep.
738 2750 821 2793 821,
849 2751 881 2785 2.
919 2747 1305 2794 „entschuldigenY‘fi
1343 2746 1515 2783 desshalb
1542 2744 1763 2787 n'a'mliehs..
