1795 3086
497 85 702 133 INDEX
735 79 1130 127 HISTORICUS.

185 202 363 240 CURIUS
400 198 692 236 PROCONSUL.

141 279 333 315 Ciceronis
359 277 404 312 ad
431 287 515 311 eum
541 285 598 319 cp.
627 272 705 309 164.

94 376 136 412 C.
170 369 382 411 CURTIUS
416 366 787 406 PEDUCAEANUS.

141 447 333 484 Ciceronis
358 446 403 480 ad
428 454 512 480 eum
543 453 598 488 ep.
624 442 705 477 247.

96 546 133 580 P.
173 539 450 580 CORNELIUS
488 538 789 574 DOLABELLA.

142 616 335 652 Ciceronis
375 615 422 649 ari
462 625 546 648 eum
593 624 679 658 epp.
711 613 791 647 519.

94 667 175 702 537.
208 666 289 699 553.
327 665 406 699 650.
435 663 514 699 700.
549 668 586 696 et
619 673 676 707 ep.
712 661 796 696 737.

95 713 139 748 ad
163 712 331 747 Atticum
358 711 507 744 inserta.

143 760 237 794 Eius
262 759 308 794 ad
334 758 554 793 Ciceronem
581 768 638 804 ep.
664 757 745 792 389.

121 856 197 890 CN.
224 851 771 935 DoMlTlngSSAHENOBAR-

146 977 340 1012 Ciceronis
366 975 410 1010 ad
435 985 519 1009 eum
547 986 605 1020 ep.
633 975 712 1010 432.

204 1074 253 1107 M.
280 1070 454 1106 FABIUS
481 1068 686 1105 GALLUS.

148 1145 342 1180 Ciceronis
391 1145 436 1178 ad
486 1156 568 1179 eum
612 1155 696 1190 epp.
740 1143 798 1178 91.

104 1194 182 1229 124.
210 1195 291 1231 636.
317 1194 398 1229 639.

215 1288 260 1322 T.
283 1288 464 1334 *FAmUs
491 1287 694 1323 GALLUS.

107 1363 345 1448 46(7]iceronis
383 1362 427 1396 ad
465 1372 548 1395 eum
600 1371 685 1406 epp.
723 1360 801 1395 179.

133 1506 177 1541 Τ.
202 1504 485 1541 FURFANIUS
511 1502 781 1539 POSTUMUS.

156 1580 233 1616 Cic.
260 1581 305 1615 ad
331 1591 415 1615 eum
441 1591 500 1625 ep.
527 1580 608 1615 477.

0 1654 3 1706 ἱ
309 1677 351 1712 ο.
377 1674 608 1710 FURNIUS.

112 1751 354 1836 gagicemnis
391 1751 436 1784 ad
480 1760 563 1782 eum
609 1760 694 1794 epp.
728 1750 807 1786 827.

170 1894 275 1929 SER.
302 1892 554 1929 SULPICIUS
581 1893 755 1927 GALBA.

164 1969 255 2004 Eius
279 1968 324 2002 ad
349 1968 571 2003 Ciceronem
598 1978 654 2013 ep.
683 1970 764 2004 810.

358 2063 579 2101 HIRTIUS.

167 2138 258 2175 Eius
282 2139 327 2173 ad
353 2139 431 2173 Cic.
457 2148 515 2183 ep.
541 2136 636 2175 subi,
664 2147 721 2182 ep.
737 2137 816 2172 720.

147 2249 184 2283 P.
218 2246 495 2283 CORNELIUS
528 2245 796 2281 LENTULUS

346 2295 607 2330 SPINTHER.

174 2369 366 2404 Ciceronis
392 2369 439 2403 ad
460 2381 544 2403 eum
570 2380 655 2415 epp.
681 2370 738 2404 92.
765 2370 821 2404 93.

127 2418 184 2454 94.
220 2418 277 2454 95.
310 2418 369 2453 96.
405 2419 482 2453 100.
518 2418 596 2452 101.
632 2418 709 2452 113.
744 2418 821 2453 125.

131 2467 211 2502 148.

178 2561 219 2594 F.
259 2560 466 2595 CORNEL.
510 2560 777 2596 LENTULUS

345 2608 605 2643 SPINTHER.

306 2682 508 2727 superioris
537 2683 652 2725 filius.

184 2744 276 2779 Eius
301 2744 347 2778 ad
371 2744 548 2781 Senatum
574 2757 629 2793 ep.
657 2748 734 2783 843.

1460 73 1552 121 407

903 195 995 229 Eius
1016 192 1065 228 ad
1090 190 1312 226 Ciceronem
1337 196 1396 233 ep.
1420 187 1501 222 844.

924 291 971 322 Μ.
997 284 1233 322 AEMILIUS
1258 280 1479 318 LEPIDUS.

905 363 996 396 Eius
1020 361 1066 396 ad
1092 361 1311 396 Ciceronem
1338 367 1398 402 ep.
1422 357 1503 392 826.

904 411 995 444 Eius
1022 409 1067 444 ad
1092 408 1267 443 Senatum
1293 416 1351 450 ep.
1376 404 1458 440 841.

904 457 1096 493 Ciceronis
1121 457 1167 491 ad
1192 465 1276 490 eum
1304 464 1362 498 ep.
1389 453 1468 488 801.

1119 550 1292 585 LEPTA.

861 628 1098 715 63Ciceronis
1140 625 1186 659 ad
1230 636 1313 660 eum
1353 633 1436 669 epp.
1474 621 1554 659 521.

913 682 942 714 1.
1446 700 1449 701 .

1049 772 1091 815 Q.
1118 766 1366 804 L1GAR1U5.

863 844 1103 932 wgiceronis
1143 843 1189 877 ad
1232 853 1318 877 eum
1359 853 1444 888 epp.
1479 840 1558 878 465.

1050 989 1091 1022 L.
1115 984 1370 1022 LUCCEIUS.

912 1061 1102 1098 Ciceronis
1146 1061 1191 1096 ad
1231 1072 1315 1096 eum
1362 1070 1446 1105 epp.
1481 1058 1560 1095 108.

864 1113 945 1148 558.
970 1112 1052 1146 569.

913 1159 1005 1193 Eius
1030 1157 1076 1191 ad
1102 1157 1178 1211 Cic.
1202 1157 1285 1192 568.

894 1255 934 1289 C.
961 1251 1207 1288 CLAUDIUS
1234 1247 1540 1286 MARCELLUS.

918 1327 1112 1363 Ciceronis
1138 1326 1184 1360 ad
1210 1336 1297 1359 eum
1322 1336 1378 1370 ep.
1404 1325 1483 1360 216.

1028 1446 1066 1480 C.
1103 1443 1412 1481 MARCELLUS.

1049 1520 1252 1565 superioris
1270 1517 1388 1560 filius.

921 1582 1114 1618 Ciceronis
1156 1581 1202 1615 ad
1242 1591 1327 1614 eum
1370 1589 1454 1625 epp.
1489 1579 1570 1615 215.

875 1633 954 1668 239.
981 1630 1062 1666 274.

875 1754 923 1786 M.
973 1748 1218 1785 CLAUDIUS
1260 1746 1571 1783 MARCELLUS.

925 1824 1119 1861 Ciceronis
1158 1823 1204 1858 ad
1247 1834 1332 1857 eum
1379 1833 1461 1868 epp.
1496 1823 1574 1857 217.

879 1876 959 1912 464.
986 1875 1065 1910 466.
1091 1873 1170 1908 468.
1197 1872 1277 1907 525.

927 1922 1019 1956 Eius
1044 1920 1088 1954 ad
1114 1920 1333 1955 Ciceronem
1368 1929 1426 1965 ep.
1451 1918 1529 1953 480.

1095 2042 1142 2074 Μ.
1165 2038 1363 2074 MARIUS.

931 2115 1122 2150 Ciceronis
1163 2114 1210 2149 ad
1254 2124 1338 2148 eum
1380 2123 1464 2158 epp.
1502 2113 1579 2149 126,

887 2166 963 2201 182.
990 2165 1071 2199 452.
1098 2164 1178 2198 458.

1101 2283 1140 2317 C.
1175 2280 1372 2318 MATIUS.

937 2357 1132 2392 Ciceronis
1158 2357 1204 2391 ad
1230 2368 1312 2390 eum
1340 2368 1400 2401 ep.
1428 2357 1505 2391 716.

936 2406 1027 2440 Eius
1053 2405 1098 2439 ad.
1122 2404 1200 2439 Cic.
1226 2416 1285 2451 ep.
1310 2407 1389 2440 717.

940 2454 1030 2488 Eius
1067 2460 1104 2488 et
1137 2452 1307 2487 Trebatii
1337 2451 1383 2486 acl
1416 2450 1495 2486 Cic.
1529 2461 1583 2496 ep,

893 2502 1064 2538 adiuncta
1090 2514 1146 2547 ep.
1169 2501 1249 2537 356.

1088 2622 1127 2657 C.
1156 2620 1398 2657 MEMMIUS.

948 2696 1137 2732 Ciceronis
1181 2697 1226 2731 ad
1267 2707 1351 2731 eum
1389 2705 1471 2742 epp.
1514 2696 1589 2729 197.

899 2746 978 2781 259.
1006 2746 1085 2781 260.
