1795 3086
205 123 299 164 sius
337 124 482 165 morbi
531 128 817 179 consumptus
865 138 924 165 es.
1011 125 1182 169 Graves
1229 127 1374 168 solent
1415 126 1684 170 offensiones

208 193 306 221 esse
344 193 403 221 ex
442 180 651 234 gravibus
690 178 872 232 morbis,
925 180 966 222 si
1008 195 1120 237 quae
1158 182 1289 237 culpa
1330 182 1566 224 commissa
1603 189 1686 226 est.

208 236 303 277 Iam
333 236 391 277 ad
420 235 469 275 id
498 235 694 288 biduum,
732 235 852 291 quod
890 235 1033 278 fueris
1072 238 1121 279 in
1159 238 1250 288 via,
1294 238 1398 278 dum
1438 237 1485 279 in
1526 238 1687 281 Cuma-

210 305 314 333 num
342 292 483 341 venis,
523 291 736 333 accedent
773 290 980 334 continuo
1022 293 1078 333 ad
1117 293 1312 335 reditum
1350 294 1449 335 dies
1478 293 1688 350 quinque.

210 348 310 401 Ego
340 347 387 387 in
414 346 655 388 Formiano
686 361 721 388 a.
753 348 795 388 d.
827 362 889 388 111.
923 348 1113 390 Kalend.
1145 363 1242 391 esse
1272 350 1392 390 volo.
1450 349 1522 390 Ibi
1558 356 1603 391 te
1640 356 1691 392 ut

175 403 387 444 2fir1num
418 402 654 456 offendam,
691 403 753 443 mi
783 404 913 456 Tiro,
947 404 1093 446 effice.
1168 405 1397 447 Literulae
1435 419 1557 446 meae
1597 407 1692 449 sive

210 462 390 499 nostrae
419 459 487 498 tui
516 458 745 501 desiderio
777 460 1110 514 oblanguerunt.
1177 462 1278 502 Hac
1306 466 1451 502 tamen
1481 461 1691 516 epistola,

210 527 343 568 quam
372 513 559 556 Acastus
589 516 753 568 attulit,
794 516 949 557 oeulos
979 518 1180 571 paullum
1208 519 1497 559 sustulerunt.
1555 517 1709 559 Pom-⁷

210 569 338 624 peius
368 575 465 615 erat
494 571 610 625 apud
640 585 722 624 me,
753 585 888 627 quum
918 572 1032 613 haec
1061 574 1324 622 scribebam,
1367 572 1514 614 hilare
1554 577 1600 615 et
1638 574 1694 614 li-

211 628 377 667 benter.
447 625 507 666 Ei
543 627 740 683 cupienti
778 627 934 668 audire
974 633 1127 669 nostra
1166 629 1283 681 dixi,
1331 628 1426 670 sine
1465 632 1509 669 te
1548 629 1696 671 omnia

211 694 310 722 mea
337 684 459 723 muta
488 696 597 724 esse.
665 684 739 725 Tu
776 683 922 724 Musis
958 685 1125 725 nostris
1164 697 1272 738 para
1312 689 1360 724 ut
1398 698 1555 740 operas
1595 686 1697 726 red·
1783 700 1786 733 ἐ

213 738 316 778 das:
345 741 498 778 nostra
526 739 581 779 ad
612 739 733 780 diem
763 739 929 781 dictam
959 740 1078 781 fient.
1138 739 1284 781 Docui
1323 741 1441 781 enim
1480 745 1540 794 te,
1580 741 1696 782 fides
1783 736 1787 790 ἱ

213 795 356 842 ἔτυμον
394 795 516 847 quod
556 795 753 836 haberet.
820 797 912 837 Fac
952 797 1082 851 plane
1120 799 1168 837 ut
1208 795 1371 838 valeas.
1429 795 1524 838 Nos
1565 797 1696 838 adsu-

214 862 323 889 mus.
382 849 511 892 Vale.
571 865 664 894 xlv.
697 851 803 893 Kal.

201 11 265 57 22
447 11 509 53 M.
539 13 596 55 T.
626 10 971 55 CICERONIS
1000 13 1377 58 EPISTOLAE.
1774 0 1782 393 ι

1778 395 1783 515 ἱ

215 967 302 1002 cibi.
332 988 374 993 —
402 972 641 1013 consumptus,
669 970 880 1012 confectus,
909 969 1120 1003 exhaustus.
1155 990 1196 995 -—
1237 968 1469 1012 offensiones,
1492 967 1699 1010 Versehen,

216 1017 407 1050 Verstosse
433 1029 558 1065 geg-en
595 1017 656 1051 die
681 1017 790 1061 Diam
830 1029 946 1052 wenn
982 1016 1068 1051 sich
1103 1016 1223 1051 Einer
1263 1015 1375 1050 nicht
1406 1015 1576 1049 dax-nach
1607 1016 1701 1060 halt,

216 1064 276 1098 bei
302 1063 370 1098 der
397 1065 611 1111 Genesung.
650 1084 698 1091 -—
739 1066 832 1109 Iam,
858 1067 1003 1110 ferner,
1029 1077 1107 1098 nun
1133 1065 1233 1099 aber.
1277 1083 1318 1090 —
1352 1064 1430 1099 111.
1457 1064 1547 1098 Kal.
1595 1064 1702 1098 Viel-

216 1111 340 1146 leicht
359 1113 471 1155 Mai„
497 1125 557 1146 am
583 1114 639 1148 29.
667 1112 789 1158 April.

313 1161 347 1195 2.
399 1160 600 1203 Liternum,
626 1161 759 1203 studia,
786 1163 920 1195 Musae.
970 1160 1261 1207 Prosopopoeia.
1302 1180 1343 1185 -
1382 1159 1534 1202 oblang.
1567 1174 1617 1192 Ξ
1642 1161 1703 1193 in-

216 1207 366 1241 termisi
392 1208 524 1252 studia,
551 1209 639 1242 dum
664 1216 701 1244 te
727 1209 821 1244 bona
849 1221 982 1244 eorum
1007 1216 1115 1255 parte
1145 1209 1262 1243 carui.
1309 1227 1351 1232 —
1399 1208 1483 1241 ocul
1508 1233 1517 1241 .
1542 1232 1551 1242 .
1576 1210 1705 1242 sustul.

219 1256 243 1288 i.
272 1267 302 1289 e.
331 1256 490 1290 excitata
516 1264 603 1292 sunt
627 1258 755 1302 aliquo
781 1258 904 1292 modo.
933 1277 976 1281 —
1003 1257 1208 1301 Pompeius.
1234 1255 1467 1302 Ragazonius
1494 1256 1579 1299 quia
1605 1256 1706 1291 hanc

220 1303 421 1348 epistolam
447 1305 491 1339 ad
516 1317 656 1340 annum
684 1307 753 1341 709
789 1306 1028 1340 referendam
1062 1305 1233 1350 putabut,
1270 1315 1342 1347 quo
1375 1315 1471 1338 anno
1506 1305 1706 1350 Pompeius

220 1352 295 1385 iam
330 1359 500 1387 mortuus
536 1361 629 1397 erat,
669 1353 873 1401 legendum
901 1354 1076 1388 censebat
1124 1353 1352 1395 Pomponius.
1397 1352 1540 1385 Verum
1565 1352 1613 1386 de
1638 1353 1706 1386 At-

221 1400 298 1433 tico
323 1399 425 1433 nihil
452 1413 541 1446 opus
568 1409 648 1436 erat
674 1402 822 1435 dicere:
856 1414 941 1436 eum
966 1402 1118 1435 libenter
1142 1400 1241 1445 apud
1267 1413 1305 1434 se
1330 1399 1457 1433 fuisse.
1508 1401 1707 1435 Praeterea

223 1458 339 1491 quum
385 1449 690 1484 manumissionis
731 1461 819 1484 mox
857 1451 1007 1484 futurae
1044 1449 1278 1483 mentionem
1322 1448 1481 1490 iniiciat,
1533 1449 1708 1493 sequitur

222 1496 322 1530 hanc
356 1497 555 1542 epistolam
594 1498 775 1543 scriptam
808 1508 886 1531 esse
921 1510 952 1532 a.
985 1510 1020 1532 u.
1055 1509 1086 1530 c.
1122 1498 1202 1532 700.
1246 1496 1353 1530 SGH.
1413 1495 1628 1540 Pomponius
1661 1497 1707 1531 de

223 1544 276 1578 Ra
307 1545 429 1579 azonii
463 1546 560 1583 coni,
601 1547 699 1579 Lall.
733 1557 809 1580 non
841 1545 1005 1590 improb.
1035 1545 1170 1579 Beiero
1209 1544 1255 1578 ad
1294 1544 1400 1586 Qffz'C.
1441 1543 1484 1577 Τ.
1520 1547 1551 1579 l.
1585 1557 1621 1590 p.
1649 1546 1707 1580 53.

223 1590 271 1626 Se
338 1593 436 1627 facio
479 1606 564 1628 cum
597 1594 782 1628 Schiitzio
821 1599 859 1627 et
896 1594 1218 1642 Engelbronnero
1252 1592 1292 1625 in
1330 1592 1384 1625 M.
1419 1591 1540 1626 Tullio
1573 1593 1710 1627 Tirone

223 1651 262 1685 p.
293 1643 345 1675 17.
372 1643 475 1676 Mox:
504 1643 601 1685 apud
622 1654 677 1676 me
702 1646 792 1676 erat.
840 1641 942 1676 Crat.
977 1641 1075 1676 Tum
1109 1641 1211 1676 Crat.
1241 1640 1371 1673 Lamb.
1400 1639 1539 1674 Graev.
1565 1641 1707 1676 Bened.

224 1695 263 1722 et
287 1689 410 1723 Beier.
438 1690 464 1723 l.
489 1691 515 1724 1.
545 1691 651 1734 Offic.
677 1690 723 1724 T.
754 1693 784 1724 l.
812 1702 847 1736 p.
876 1691 934 1725 53.
961 1690 1059 1724 male
1084 1689 1342 1737 distinguunt:
1374 1687 1600 1722 scribebam.
1639 1689 1710 1722 Hi-

225 1737 306 1770 lare
331 1742 366 1771 et
391 1738 544 1772 libenter
568 1739 603 1772 ei
627 1738 794 1783 cupienti.
831 1738 1029 1772 ORELLI.
1056 1757 1099 1762 —
1131 1741 1270 1779 nostra,
1297 1746 1373 1769 von
1398 1736 1549 1770 meinen
1574 1736 1708 1770 Arbei-

224 1791 300 1818 ten.
342 1806 384 1811 —
427 1792 527 1820 muta
552 1797 629 1820 esse
649 1787 674 1821 i.
702 1799 732 1821 e.
760 1797 820 1819 me
846 1786 1063 1821 desiderare
1098 1784 1421 1832 opportunitatem
1454 1791 1539 1818 tuae
1573 1795 1710 1830 operae

226 1833 400 1867 omnibus
428 1835 465 1868 in
493 1835 599 1869 locis.
626 1856 669 1861 —
705 1846 838 1880 operas
864 1835 1007 1878 reddas,
1043 1846 1132 1880 quas
1160 1833 1200 1867 vi
1234 1832 1355 1866 morbi
1383 1832 1626 1876 praepeditus
1650 1833 1708 1866 in-

225 1881 436 1916 termisisti.
487 1902 525 1907 —
573 1887 700 1917 nostra
725 1909 733 1917 .
761 1909 770 1918 .
797 1908 804 1916 .
826 1881 931 1923 fient,
959 1881 1202 1916 manumissio
1228 1880 1312 1915 scil.
1351 1879 1490 1914 Tironi
1514 1880 1710 1926 promissa.

226 1930 276 1963 ad
306 1930 398 1963 diem
434 1932 580 1973 dictam,
624 1931 900 1977 praestitutam,
939 1931 1191 1976 praefinitam,
1242 1926 1294 1969 εἷς
1327 1926 1439 1975 ῥητὴν
1472 1927 1623 1974 ἡμέραν.
1666 1947 1708 1953 -

227 1975 359 2022 ἔτυμον
386 1993 434 2010 Ξ
461 1992 592 2014 veram
618 1979 810 2028 originem
845 1979 870 2013 i.
898 1989 928 2011 e.
963 1978 1075 2013 docui
1108 1984 1146 2012 te
1165 1976 1281 2018 fidem
1313 1976 1402 2010 inde.
1437 1976 1590 2020 dictam,
1624 1977 1711 2021 quia

226 2025 291 2060 fiat
316 2026 367 2067 id,
394 2028 493 2072 quod
518 2028 772 2073 promittitur.
808 2025 1007 2061 MANUT.
1061 2027 1141 2061 cfr.
1179 2026 1255 2061 Cic.
1293 2025 1337 2058 de
1362 2024 1501 2069 *Officm
1528 2026 1559 2067 Ι,
1585 2028 1619 2068 7,
1647 2027 1710 2061 23;

226 2074 538 2121 ,‚credamusque,
580 2076 668 2120 quia
700 2076 756 2117 fit,
799 2075 899 2121 quod
932 2075 1077 2109 dictum
1112 2079 1178 2114 est,
1218 2073 1450 2120 appellatam
1483 2073 1641 2108 fidem.“
1668 2094 1711 2101 -

226 2122 396 2156 adsumus
421 2123 444 2156 i.
473 2136 501 2159 e.
529 2130 681 2170 paratus
707 2135 788 2157 sum
815 2124 885 2158 tibi
909 2123 1022 2157 fidem
1051 2128 1254 2168 praestare.
1299 2120 1363 2155 Sic
1389 2121 1463 2156 Md.
1490 2122 1590 2156 Vict.
1618 2124 1649 2155 l.
1677 2123 1712 2156 2.

228 2170 364 2205 Graev.
401 2173 536 2206 Bened.
582 2183 647 2206 nos
687 2173 736 2206 acl
774 2183 950 2205 summum
985 2171 1069 2205 Asc.
1100 2173 1132 2206 1.
1168 2170 1271 2205 Crat.
1312 2170 1449 2204 Graev.
1486 2169 1580 2203 Ern.
1621 2168 1710 2204 sch.

228 2219 322 2252 Liin.
359 2220 446 2254 vide
479 2222 595 2269 Beng.
633 2228 670 2255 et
706 2221 843 2254 Bened.
890 2219 1084 2254 ORELLI.
1136 2219 1184 2253 ad
1214 2229 1404 2261 summum,
1449 2217 1713 2251 vollkommen

231 2267 315 2303 scil.
344 2269 521 2304 valemus.
559 2269 707 2304 Ramsh.
735 2269 761 2311 ξ.
793 2271 872 2310 132,
900 2269 934 2302 5.
966 2287 1003 2291 ——
1034 2268 1172 2303 XIIII.
1201 2267 1300 2306 Kal„
1326 2278 1385 2301 am
1414 2268 1467 2302 18.
1496 2266 1615 2312 April.
