1795 3086
179 97 238 144 ‘1³1
450 101 513 144 M.
545 101 601 144 Τ.
634 97 978 142 CICERONIS
1009 99 1386 144 EPISTOLAE.

180 228 250 254 mc
271 212 452 254 Hirtius
482 212 590 253 suit:
621 225 709 266 qua
737 216 882 253 mente
912 214 1031 253 esset
1051 213 1289 259 Antonius,
1319 213 1665 263 demonstravit3

182 269 377 323 pessima
417 268 594 309 scilicet
637 272 684 308 et
721 267 1048 310 infidelissima.
1118 268 1234 309 Nam
1275 283 1323 310 se
1363 282 1506 323 neque
1550 269 1664 311 mihi

179 324 461 380 provinciam
501 324 610 364 dare
650 337 779 378 posse
819 323 988 375 aiebat,
1038 337 1181 380 neque
1223 324 1436 366 arbitrari
1477 328 1573 366 tuto
1616 326 1664 366 in

182 382 292 422 urbe
324 394 419 421 esse
450 393 714 434 quemquam
743 379 969 421 nostrum:
1011 379 1124 421 adeo
1164 394 1260 422 esse
1290 380 1483 421 militum
1512 382 1663 422 conci-

181 440 299 477 tatos
330 435 501 476 animos
532 439 577 477 et
603 435 759 490 plebis.
819 435 952 485 Quod
982 440 1221 491 utrumque
1242 450 1338 477 esse
1368 436 1531 476 falsum
1558 441 1665 489 puto

181 506 261 534 vos
293 491 663 538 animadvertere,
692 496 826 547 atque
855 491 973 532 illud
1003 505 1099 533 esse
1128 506 1298 538 verum,
1336 492 1455 546 quod
1485 492 1665 534 Hirtius

182 548 538 588 demonstrabat:
595 548 755 588 timere
796 561 921 599 eum,
971 561 1052 600 ne,
1098 548 1137 588 si
1175 548 1404 589 mediocre
1441 547 1664 589 auxilium

182 602 418 657 dignitatis
458 607 638 645 nostrae
677 603 1001 655 habuissemus,
1040 604 1192 645 nullae
1232 608 1383 658 partes
1426 603 1484 645 iis
1523 603 1570 644 in
1615 618 1664 646 re

179 658 363 714 publica
392 659 767 713 relinquerentur.
835 658 985 709 Quum
1013 658 1061 699 in
1090 658 1165 699 his
1196 659 1416 714 angustiis
1444 673 1665 712 versarer,

213 713 399 757 lacitum
428 719 498 755 est
526 714 656 762 mihi,
684 720 734 756 ut
761 715 1035 770 postularem
1066 715 1335 769 legationem
1365 715 1553 756 liberam
1581 716 1664 757 mi-

180 730 231 812 iii
271 771 550 826 reliquisque
589 771 771 824 nostris,
809 775 859 812 ut
887 770 1040 824 aliqua
1069 784 1204 812 causa
1232 771 1552 825 proficiscendi
1583 771 1664 813 ho-

180 831 306 869 nesta
334 829 642 882 quaereretur.
702 827 831 868 Haec
860 840 908 868 se
937 827 1280 881 impetraturum
1310 827 1541 882 pollicitus
1572 832 1663 869 est:

180 897 264 926 nec
292 888 440 925 tamen
470 883 813 937 impetraturum
842 882 1045 924 confido:
1085 886 1209 924 tanta
1238 887 1308 924 est
1336 882 1565 923 hominum
1596 884 1663 924 in-

179 941 373 982 solentia
403 943 447 980 et
476 940 619 980 nostri
648 940 902 980 insectatio.
970 939 1037 980 Ac
1066 938 1108 979 si
1137 938 1361 992 dederint,
1402 939 1521 994 quod
1550 940 1665 994 peti-

179 1010 291 1043 mus,
327 1000 474 1037 tamen
504 996 659 1050 paullo
689 999 791 1050 post
819 994 1019 1036 futurum
1057 997 1180 1049 puto,
1220 999 1270 1036 ut
1307 995 1460 1036 hostes
1489 995 1664 1036 iudice-

180 1066 281 1093 mur
309 1055 386 1092 aut
415 1064 530 1106 aqua
558 1054 605 1092 et
632 1051 729 1106 igni
760 1052 889 1092 nobis
919 1051 1229 1092 interdicatur.
1289 1050 1412 1101 Quid
1444 1064 1551 1106 ergo
1581 1055 1664 1104 est,

180 1107 344 1163 inquis,
373 1108 440 1148 tui
470 1107 678 1149 consilii?
736 1106 923 1148 Dandus
963 1110 1031 1148 est
1069 1107 1193 1148 locus
1231 1107 1461 1149 fortunae:
1503 1107 1663 1149 cedenu

181 1267 347 1313 Lepidus
371 1265 448 1299 und
473 1263 672 1305 Antonius,
701 1262 741 1296 in
769 1261 833 1296 des
859 1261 1050 1296 letzteren
1067 1261 1231 1304 Gewast,
1257 1262 1327 1298 der
1352 1263 1422 1298 ihn
1450 1263 1568 1297 durch
1591 1262 1663 1297 den

181 1317 365 1362 Capenus,
393 1315 505 1348 einen
531 1311 755 1347 Gallischen
783 1310 989 1356 Sequaner,
1017 1310 1217 1344 ermorden
1244 1312 1344 1346 liess.
1404 1313 1462 1346 Er
1494 1311 1561 1346 hat
1584 1311 1665 1346 also

179 1365 241 1398 das
268 1363 447 1399 Consulat
470 1362 532 1396 nie
560 1360 724 1407 erlangt,
748 1371 827 1394 was
852 1358 936 1392 ihm
962 1358 1079 1392 sehon
1104 1369 1191 1393 vom
1211 1359 1325 1394 C‘a'sar
1343 1359 1558 1406 zugedacht
1573 1372 1664 1394 war.

180 1414 249 1449 Die
280 1412 326 1445 ad
350 1411 500 1446 Divers.
539 1409 644 1443 Libr.
672 1409 734 1441 XI.
771 1407 1035 1441 befindlichen
1070 1406 1169 1440 zehn
1203 1408 1330 1442 Briefe
1368 1420 1443 1443 von
1473 1408 1556 1441 ihm
1588 1407 1666 1441 und

180 1460 369 1496 vierzehn
394 1459 522 1493 Briefe
547 1469 594 1491 an
620 1456 690 1490 ihn
715 1455 798 1490 sind
824 1455 1083 1502 in'sgesammt
1119 1455 1218 1489 nach
1252 1457 1383 1491 C'a'sars
1410 1457 1512 1491 Tode
1547 1456 1665 1490 theils

180 1516 293 1544 unter
317 1508 389 1543 den
415 1507 585 1541 Consuln
611 1504 798 1539 Antonius
826 1504 902 1537 und
928 1504 1136 1547 Dolabella,
1172 1504 1288 1538 theiis
1314 1512 1430 1539 unter
1455 1505 1602 1538 Hirtius
1626 1516 1664 1539 u.

181 1560 296 1592 Pansa
322 1556 396 1590 und
422 1555 519 1588 nach
545 1555 663 1588 deren
690 1553 794 1587 Tode
830 1552 1091 1600 geschrieben.
1151 1553 1434 1600 Vorliegender
1463 1552 1572 1586 Brief
1600 1551 1663 1586 be-

181 1613 298 1655 zeugi:
333 1605 395 1639 die
427 1602 720 1650 Verlegenheit‚
758 1601 886 1647 werin
919 1600 1001 1634 sich
1035 1600 1096 1633 die
1122 1600 1321 1645 planlosen
1355 1601 1510 1636 Mb'rder
1534 1601 1666 1635 casm-s

180 1655 311 1703 gleich
338 1653 507 1700 Anfangs
534 1651 733 1685 befanden.
810 1642 914 1684 Uber
940 1649 998 1683 M.
1024 1649 1225 1684 BRUTUS
1250 1661 1279 1684 s·
1307 1663 1342 1688 z.
1370 1660 1427 1696 ep.
1454 1650 1537 1692 437,
1572 1649 1666 1683 iiber

181 1705 222 1738 (J.
254 1701 461 1737 CASSIUS
486 1712 534 1734 zu
559 1701 629 1736 241
655 1700 710 1733 im
735 1699 824 1732 Anf.

279 1774 311 1806 1.
349 1781 420 1815 qua
445 1772 558 1801 mente
583 1779 610 1800 s.
637 1764 821 1811 quomodo
847 1763 1003 1798 affectus
1030 1771 1140 1806 esset,
1174 1765 1247 1798 wie
1273 1764 1339 1798 ‹ler
1369 1764 1507 1799 Consul
1530 1765 1664 1798 Anton.

181 1820 334 1866 gesinnt
358 1820 474 1852 w‘dre.
512 1835 552 1841 -
588 1815 832 1859 provinciam,
859 1813 1029 1847 n'zimlich
1055 1813 1208 1847 Gallien
1235 1812 1407 1846 diesseits
1433 1813 1502 1846 der
1527 1813 1666 1858 Alpen,

182 1862 242 1902 ilie
270 1868 383 1902 C'asar
408 1866 489 1899 ihm
517 1863 759 1912 ang-ewiesen
791 1862 868 1895 und
893 1862 963 1895 der
987 1861 1103 1896 Senat
1136 1860 1235 1895 nach
1260 1861 1389 1894 dessen
1416 1861 1520 1895 Tode
1547 1861 1667 1895 bessai-

181 1917 257 1961 tigt
281 1915 397 1950 hatte.
426 1935 469 1940 —
504 1912 679 1955 nostrsmz,
706 1911 772 1956 qui
798 1910 1077 1944 coniuravimus
1104 1909 1144 1942 in
1171 1910 1380 1943 Caesarem.
1422 1928 1469 1934 —·
1511 1909 1669 1943 militum

182 1971 466 2006 veteranorum,
502 1972 595 2006 quos
629 1961 764 1994 Caesar
797 1958 996 1992 beneficiis
1031 1957 1219 1992 affecerat.
1261 1958 1462 1991 MANUT.
1514 1977 1556 1981 —
1606 1958 1666 1991 de-

181 2017 348 2054 monstr„
373 2012 450 2044 mir
475 2008 768 2056 handgreiflich
795 2007 948 2041 bewies.
975 2026 1017 2031 -
1044 2006 1079 2039 si
1104 2006 1282 2048 mediocre
1307 2017 1391 2038 (1111.
1420 2030 1428 2039 .
1456 2035 1463 2042 .
1490 2005 1666 2046 Izab1eiss.,

183 2072 327 2105 „wenn
354 2071 467 2093 unser
490 2050 667 2092 Ansehen
701 2055 797 2090 auch
833 2067 904 2088 nur
931 2054 1202 2101 mittelm'cissig
1228 2057 1458 2088 unterstiitzt
1483 2054 1668 2096 xviii-deff

182 2108 352 2142 n'zimlich
381 2120 454 2142 von
480 2106 548 2140 der
573 2103 931 2150 republicanischen
966 2103 1091 2136 Partei
1128 2102 1182 2135 im
1209 2101 1345 2135 senate
1378 2115 1412 2135 u.
1443 2109 1556 2136 unter
1581 2102 1666 2136 dem

183 2158 315 2192 Volke.
367 2155 565 2190 Auxilium
594 2165 681 2188 mox
708 2164 784 2187 non
813 2151 1004 2186 mediocre
1031 2150 1197 2184 habuere
1224 2150 1399 2184 Decimus
1413 2152 1552 2184 Brutus
1575 2150 1668 2184 Gal--

182 2207 274 2240 liam
300 2204 546 2250 Cisalpinam,
574 2202 720 2237 Cassius
747 2201 914 2245 Syriam,
948 2201 995 2232 Μ.
1022 2200 1159 2233 Brutus
1187 2199 1441 2232 Macedoniam
1470 2205 1668 2243 utramque

182 2268 203 2289 a
228 2261 357 2288 senatu
381 2253 575 2287 decretam
600 2257 685 2296 post
706 2250 907 2283 interitum
936 2247 1113 2281 Caesaris.
1141 2247 1339 2280 MANUT.
1361 2267 1403 2272 —
1430 2259 1472 2280 ne
1493 2273 1522 2281 ..
1543 2247 1668 2279 nullae

181 2307 306 2349 partes
340 2302 388 2335 tis
420 2299 683 2342 (Caesarianis,
718 2297 897 2337 Antonio)
942 2296 980 2328 in
1015 2307 1045 2329 r.
1080 2307 1114 2339 p.
1150 2295 1290 2339 relinq„
1323 2306 1364 2329 so
1394 2295 1520 2330 durfte
1550 2295 1668 2328 ihnen

184 2364 252 2397 gar
277 2350 364 2384 bald
389 2349 505 2382 keine
531 2348 641 2382 Rolle
668 2346 780 2379 mehr
807 2346 845 2378 in
872 2345 940 2378 der
965 2343 1157 2388 Republik
1184 2355 1230 2376 zu
1257 2343 1405 2388 spielen
1431 2344 1543 2391 iibrig
1570 2343 1668 2377 blei-

186 2403 270 2435 ben.
322 2397 376 2432 his
402 2397 476 2432 Md.
505 2397 600 2430 Vict.
627 2397 659 2430 2.
686 2394 822 2428 Bened.
849 2393 922 2426 sibi
950 2392 1145 2435 (Antonio)
1172 2391 1300 2424 Lamb.
1327 2404 1425 2438 susp.
1472 2391 1666 2425 ORELLI,

187 2449 314 2484 Aucin
340 2445 526 2481 Antonius
552 2444 687 2490 spielte
708 2442 743 2475 ia
771 2442 882 2476 einen
909 2440 1139 2475 C‘zisarianer.

283 2498 316 2532 2,
368 2493 551 2538 angustiis
585 2507 635 2523 z
670 2491 779 2524 rebus
817 2490 869 2523 ita
902 2488 1073 2536 angustis
1110 2496 1146 2523 et
1178 2488 1427 2535 periculosis,
1472 2488 1510 2520 in
1544 2486 1669 2521 dieser

188 2545 394 2579 Κὶοιηιῃοζι
416 2564 455 2569 -
501 2541 724 2583 legationem
748 2539 918 2577 liberam,
955 2537 1172 2571 missionem
1199 2537 1393 2571 honestam
1421 2537 1463 2568 ab
1491 2535 1597 2576 urbe,
1622 2547 1670 2568 ne

189 2594 282 2627 urbe
309 2592 411 2637 pulsi
437 2590 669 2624 videremur.
703 2606 740 2610 —
776 2587 1054 2630 impetraturum
1080 2598 1099 2618 a
1126 2592 1254 2619 senatu
1280 2586 1471 2629 pollicitus
1499 2588 1551 2617 cst
1578 2583 1668 2617 Hir-

188 2643 277 2684 tius,
305 2641 405 2673 diese
432 2638 639 2684 versprach
664 2648 705 2670 er
731 2648 801 2668 uns
827 2646 914 2668 vom
935 2633 1079 2671 Senatu>
1095 2646 1141 2667 zu
1162 2633 1413 2667 verschafl'en.
1443 2651 1484 2656 ——
1512 2632 1670 2664 insolen-

189 2692 241 2724 tia
268 2688 590 2722 Caesarianorum.
622 2705 658 2710 —
689 2685 852 2718 dederint
878 2683 1038 2716 liberam
1065 2683 1310 2730 legationem.
1348 2702 1387 2707 -—
1429 2679 1671 2714 interdicatur

188 2742 211 2772 ι’.
241 2750 271 2772 e.
301 2744 340 2771 ut
367 2735 660 2782 proscribamur.

284 2788 316 2821 3.
368 2785 488 2818 Dand.
518 2795 545 2817 ε’.
577 2784 600 2817 l.
622 2783 818 2826 fortunae,
855 2792 942 2814 man
974 2791 1074 2815 muss
1113 2790 1150 2812 es
1184 2778 1268 2813 dem
1293 2776 1494 2812 Schicksal
1520 2775 1673 2810 anheim
