1795 3086
216 65 302 112 106
407 66 415 71 ³
490 68 548 108 Μ.
583 68 636 108 T.
667 65 1009 108 CICERONIS
1040 65 1413 110 EPISTOLAE.

209 192 360 220 verum
393 178 464 219 sit.
524 178 684 219 Cetera
714 191 886 224 coram,
925 183 969 219 et
1005 178 1224 232 maxime,
1264 179 1371 234 quid
1409 180 1574 220 nostris
1614 181 1679 222 fa—

210 235 416 275 ciendum
446 236 532 283 sit;
562 233 671 287 quid
701 234 836 274 etiam
865 233 1008 279 nobis,
1037 233 1074 274 si
1104 234 1323 276 Antonius
1354 235 1572 277 militibus
1602 238 1678 277 ob-

210 290 410 331 sessurus
439 293 508 330 est
534 294 745 330 senatum.
804 289 930 330 Hanc
953 290 1186 342 epistolam
1216 291 1254 331 si
1286 290 1410 331 illius
1440 292 1679 333 tabellario

211 346 450 395 dedissem,
489 343 661 386 veritus
701 359 811 391 sum,
856 359 911 386 ne
941 345 1147 386 solveret.
1206 347 1362 401 Itaque
1391 346 1494 387 misi
1525 346 1679 387 dedita

209 414 356 456 opera.
435 399 549 440 Erat
572 399 713 441 ..enim
766 400 1098 441 rescribendum
1138 400 1240 442 tuis.
1310 402 1454 451 Quam
1501 403 1680 448 vellem,

207 457 349 498 Bruto
385 455 581 496 studium
620 460 744 496 tuum
787 469 951 497 navare
996 455 1235 509 potuisses!
1301 458 1399 512 Ego
1443 457 1584 511 igitur
1623 457 1680 497 ad

207 525 308 553 eum
336 510 502 552 literas.
561 511 632 551 Ad
655 512 939 552 Dolabellam
964 511 1176 552 Tironem
1205 513 1307 554 misi
1338 527 1435 553 cum
1462 512 1680 553 mandatis

206 571 253 608 et
279 566 436 608 literis.
494 566 610 607 Eum
640 567 695 607 ad
726 571 770 606 te
800 567 1007 616 vocabis3
1037 571 1095 619 et,
1124 567 1162 607 si
1192 569 1301 622 quid
1330 569 1530 618 habebis,
1560 568 1679 622 quod

206 624 392 678 placeat,
430 624 613 664 scribes.
683 622 803 662 Ecce
843 626 985 663 autem
1027 623 1082 663 de
1121 627 1371 667 transverso
1410 624 1462 664 L.
1494 624 1677 671 Caesar,

206 682 256 719 ut
283 677 457 720 veniam
488 678 542 717 ad
573 692 632 724 se,
662 681 806 732 rogat,
848 677 894 718 in
924 677 1116 726 Nemus3
1156 684 1231 720 aut
1267 680 1473 731 scribam,
1515 693 1602 734 quo
1632 692 1678 719 se
1700 723 1709 733 .

204 734 355 776 venire
384 734 540 775 velim:
571 734 715 774 Bruto
746 732 864 774 enim
893 734 1070 787 placere
1100 747 1147 774 se
1178 748 1203 774 a
1231 749 1300 776 me
1331 735 1574 778 conveniri.
1635 733 1678 774 Ο

205 803 298 831 rem
336 789 538 830 odiosam
575 793 619 830 et
660 789 1040 844 inexplicabilem!
1099 788 1219 831 Puto
1259 805 1327 831 me
1359 805 1464 845 ergo
1496 792 1678 840 iturum,

202 850 248 887 et
277 845 381 886 inde
409 845 619 894 Romam3
651 844 739 886 nisi
768 844 877 900 quid
905 850 1093 885 mutam.
1154 846 1416 887 summatim
1441 846 1590 887 adhuc
1619 845 1677 885 ad

202 906 258 943 te.
316 901 555 943 Nihildum
591 901 708 941 enim
739 914 765 941 a
793 900 949 941 Balbo.
1006 900 1129 942 Tuas
1168 902 1309 956 igitur
1335 906 1563 956 exspecto,
1599 913 1680 941 nec

203 961 401 1000 actorum
430 958 587 1003 solum,
616 957 694 998 sed
724 955 858 998 etiam
888 955 1152 997 futurorum.

201 1150 400 1191 Antonius,
436 1149 512 1184 wie
539 1147 712 1182 nachher
736 1148 923 1182 wirklich
949 1147 1131 1196 geschah,
1166 1146 1288 1181 dux-ch
1314 1147 1427 1182 ihren
1454 1148 1677 1183 Liebeszau-

200 1199 279 1232 bei-v
295 1198 432 1232 fesseln
459 1197 533 1230 und
559 1208 596 1231 so
622 1196 745 1230 durch
765 1196 834 1230 ihn
860 1198 925 1230 fiir
951 1196 1035 1230 sich
1060 1208 1093 1229 u.
1122 1196 1235 1230 ihren
1261 1196 1436 1231 casarion
1461 1197 1537 1230 alle
1567 1197 1678 1230 Plane.

201 1246 308 1279 ihres
334 1245 545 1293 Ehrgeizes
573 1245 836 1278 durchsetzen.
896 1245 977 1278 Von
1005 1244 1110 1277 einer
1142 1243 1300 1278 solchen
1333 1245 1532 1279 Diversion
1557 1244 1678 1278 hoffte

199 1295 332 1328 Cicero
358 1294 495 1327 Vieles.
523 1312 565 1317 —
601 1293 688 1337 quid
711 1294 818 1326 etiam
844 1292 948 1326 nobis
974 1292 1190 1325 faciendum
1218 1292 1275 1325 sit.
1313 1311 1357 1316 -
1394 1293 1602 1326 obsessurus
1628 1296 1678 1325 est

200 1341 378 1376 Kalendis
403 1341 533 1376 Iuniis.
584 1341 666 1373 Vid.
694 1352 752 1386 ep.
777 1341 858 1382 694,
885 1341 918 1374 4.
948 1358 987 1364 -
1015 1340 1130 1381 illius,
1156 1339 1325 1382 Antonii,
1352 1341 1423 1373 tab.
1462 1361 1503 1366 —
1556 1341 1678 1374 dedita

199 1401 326 1434 opera,
352 1389 475 1423 durch
502 1388 612 1423 einen
638 1389 866 1433 Expressen,
893 1388 1055 1435 eigenen
1080 1389 1211 1422 Boten.

293 1463 327 1497 5.
381 1462 505 1496 Quam.
567 1461 695 1494 Novae
741 1460 926 1505 epistolae
966 1459 1121 1493 initium
1156 1458 1221 1493 hic
1265 1459 1395 1493 statuit
1435 1459 1676 1506 lllongaltius,

200 1510 306 1556 prob.
334 1509 432 1543 Lan.
467 1508 663 1542 ORELLI.
713 1508 784 1541 Est
819 1508 869 1541 ist
895 1507 1108 1551 Postscript.
1143 1526 1186 1532 —
1237 1508 1369 1541 literas
1395 1507 1500 1548 dabo,
1535 1514 1572 1540 te
1600 1513 1676 1540 stu-

199 1559 303 1592 dium
324 1564 430 1592 tuum
456 1556 528 1602 ipsi
555 1567 691 1590 navare
717 1567 791 1590 non
817 1556 982 1601 potuisse
1004 1567 1070 1588 nec
1089 1565 1206 1600 posse.
1230 1573 1272 1578 —-
1299 1556 1430 1597 mand„
1457 1555 1528 1588 mit
1543 1555 1678 1588 miind-

200 1606 332 1640 lichen
358 1606 580 1651 Austr'a'gen.
622 1622 669 1629 —·
710 1605 752 1637 (le
776 1608 986 1638 transverso
1013 1629 1020 1637 .
1050 1628 1058 1636 .
1086 1607 1213 1645 rogat,
1239 1602 1387 1637 kommt
1414 1603 1491 1635 mir
1515 1603 1585 1636 mit
1611 1602 1680 1635 der

200 1656 298 1689 Bitte
324 1654 364 1686 in
390 1653 451 1688 die.
478 1654 632 1696 Queere.
681 1671 728 1677 -
776 1652 818 1686 L.
849 1652 1000 1692 Caesar,
1027 1652 1075 1683 M.
1102 1651 1259 1684 Antonii
1285 1651 1504 1684 avunculus.
1555 1650 1593 1684 S.
1618 1661 1676 1695 ep.

200 1705 282 1745 700,
309 1704 343 1737 3.
372 1720 413 1726 -
457 1702 495 1734 in
518 1700 666 1741 Νεηιαε,
694 1701 735 1733 in
759 1700 957 1745 praedium
985 1699 1025 1731 L.
1047 1698 1214 1732 Caesaris
1240 1700 1474 1732 Nemorense
1500 1698 1599 1743 apud
1619 1698 1693 1733 lu-.

201 1763 286 1784 cum
312 1750 452 1784 Dianae
480 1760 625 1782 sacrum
654 1749 695 1781 in
719 1759 812 1795 agro
839 1748 1001 1781 Aricino.
1030 1747 1138 1781 SCH.
1187 1746 1294 1780 Diess
1322 1745 1519 1780 Landhaus
1545 1745 1678 1780 fiihrte

200 1799 272 1832 den
298 1799 444 1832 Namen
471 1798 609 1831 Nemus
631 1807 770 1843 weg-en
796 1796 864 1830 der
888 1795 995 1830 N'ahe
1030 1795 1092 1828 des
1118 1793 1386 1833 Dianenhains.
1438 1814 1480 1820 —
1531 1804 1570 1827 se
1596 1794 1620 1827 i.
1647 1805 1675 1827 e.

200 1848 241 1881 1..
270 1847 465 1880 Caesarem
491 1856 514 1879 α
539 1855 596 1877 me
619 1844 817 1887 conveniri,
845 1844 923 1877 dass
950 1842 1015 1876 ich
1040 1842 1109 1875 ihu
1136 1842 1323 1887 sprechen
1348 1842 1452 1875 solle.
1490 1861 1532 1865 —
1575 1843 1678 1875 odio-

198 1905 291 1933 sam,
318 1893 406 1939 quia
431 1904 544 1941 cogar
569 1892 673 1925 aliud
698 1892 839 1932 dicere,
864 1891 970 1925 aliud
996 1891 1035 1923 in
1061 1896 1216 1934 pectore
1243 1891 1408 1923 clausum
1432 1889 1594 1933 habere,-
1621 1890 1676 1923 in-

200 1942 466 1987 explicabilem,
493 1940 669 1985 quoniam
694 1940 760 1975 vix
785 1939 867 1974 fieri
893 1950 1003 1985 posse
1028 1938 1150 1979 video,
1176 1944 1217 1971 ut
1244 1949 1263 1971 e
1290 1937 1481 1981 colloquio
1503 1948 1587 1970 cum
1601 1938 1677 1971 An-

198 1990 295 2025 tonii
321 1990 506 2023 avunculo
531 1988 696 2033 undique
722 1995 824 2022 tutus
849 1987 1041 2021 discedam
1068 1997 1138 2018 nec
1163 1984 1324 2019 titubem
1359 1991 1421 2018 aut
1447 1985 1591 2029 aliquid
1617 1987 1676 2019 of-

200 2039 359 2072 fendam.
411 2038 518 2072 SCH.
571 2039 643 2078 „ol
679 2037 755 2071 wie
793 2035 989 2080 'argei-lich
1025 2034 1101 2066 und
1134 2033 1228 2067 (loch
1262 2034 1337 2067 wie
1363 2033 1536 2073 schwer,
1571 2033 1675 2067 mich

199 2085 402 2134 gliicklich
428 2086 472 2118 (la
498 2084 859 2119 hex-auszuwiekeln
887 2084 920 2116 d.
950 2083 973 2114 i.
1000 2081 1105 2114 mich
1131 2081 1251 2115 davon
1280 2081 1563 2125 loszumachen,
1593 2082 1676 2115 dass

200 2127 263 2168 ich
299 2133 410 2166 nicht
454 2146 500 2166 zu
541 2133 622 2165 ihm
664 2145 711 2165 zu
755 2131 880 2179 gehen
924 2129 1100 2163 brauche.
1153 2131 1260 2163 Denn
1298 2141 1336 2162 es
1362 2130 1462 2176 folgt
1497 2140 1596 2172 ergo.
1634 2147 1675 2152 —

199 2184 346 2222 Surum„
372 2182 466 2216 diess
493 2193 564 2215 nur
590 2180 642 2213 im
674 2180 933 2228 Allgemeinen
959 2190 1005 2211 an
1033 2177 1142 2212 Dich1
1184 2197 1223 2202 —
1266 2189 1287 2211 α
1314 2178 1433 2213 Balbo
1459 2178 1595 2223 accepi.
1641 2177 1674 2211 S,

200 2243 255 2276 ep.
284 2232 363 2269 709,
389 2231 422 2265 3.
