1795 3086
480 80 792 126 EPISTOLA
821 80 1125 126 Dccxcvl.
1492 82 1584 131 269

105 192 239 235 tionis
269 197 314 236 et
345 193 606 248 diligentiae
636 192 774 235 fuisse
803 194 958 237 literas
979 200 1102 246 tuas3
1133 194 1290 251 quibus
1312 196 1457 240 literis
1476 211 1580 239 con-

104 254 311 303 gmentes
341 250 521 291 suerunt
559 249 672 290 aliae
702 253 856 304 postea
885 252 1137 293 multorum.
1196 252 1311 294 Nam
1340 256 1385 295 et
1412 253 1580 307 Aquini

102 309 147 346 et
176 305 465 347 Fabrateriae
493 304 683 346 consilia
711 309 815 347 sunt
852 304 965 348 inita
994 307 1051 348 de
1080 321 1163 360 me,
1201 322 1316 363 quae
1360 313 1405 350 te
1444 309 1580 351 video

104 362 346 403 inaudisse:
391 365 449 407 et,
478 360 606 415 quasi
636 360 908 409 divinarent,
948 375 1079 416 quam
1108 364 1165 404 iis
1193 366 1406 406 molestus
1437 378 1578 406 essem

102 416 300 469 futurus,
358 416 473 458 nihil
521 415 645 456 aliud
684 421 890 470 egerunt,
936 419 1025 459 nisi
1063 431 1132 458 me
1170 422 1220 461 ut
1261 421 1577 476 opprimerent.

101 472 234 522 Quod
266 486 348 526 ego
378 485 465 513 non
494 472 726 525 suspicans
755 472 981 514 incautior
1009 473 1211 519 fuissem,
1251 477 1339 518 nisi
1370 490 1395 516 a
1423 480 1467 518 te
1497 475 1576 518 ad-

99 530 295 570 monitus
324 540 477 569 essem.
538 527 838 577 Quamobrem
878 529 965 571 iste
1002 533 1104 571 tuus
1144 530 1314 571 amicus
1353 531 1467 586 apud
1507 545 1577 573 me

98 582 478 625 commendatione
498 595 586 624 non
608 588 724 637 eget.
782 584 964 626 Utinam
994 598 1046 627 ea
1067 584 1247 626 fortuna
1276 585 1343 627 rei
1372 587 1580 641 publicae

97 641 170 692 sit,
200 643 247 679 ut
275 639 353 679 ille
383 653 452 680 me
483 652 612 694 quam
643 638 945 694 gratissimum
973 640 1119 695 possit
1147 648 1440 695 cognoscere!
1486 643 1576 685 Sed
1611 648 1640 687 2

98 695 208 735 haec
236 693 463 736 hactenus.
525 696 594 737 Te
624 696 682 736 ad
712 709 871 738 coenas
899 695 1014 737 itare
1044 695 1227 742 desisse,
1255 698 1438 739 moleste
1457 697 1575 741 fero:

94 763 254 804 magna
282 751 401 791 enim
430 754 474 793 te
505 751 798 793 delectatione
827 754 872 793 et
891 751 1119 806 voluptate
1148 752 1354 807 privasti.
1395 753 1575 796 Deinde

24 834 31 854 „
94 805 230 847 etiam
273 819 436 848 vereor
472 827 527 833 -—
564 808 676 848 licet
713 808 831 847 enim
869 819 1024 848 verum
1062 808 1216 850 dicere
1245 831 1300 837 —
1338 821 1392 850 ne
1420 809 1575 851 nescio

93 860 202 915 quid
233 862 365 913 illud,
395 863 514 917 quod
544 863 728 914 solebas,
759 861 964 903 dediscas
994 866 1040 904 et
1060 863 1331 906 obliviscare
1361 866 1573 907 coenulas

92 919 254 958 facere.
312 917 428 958 Nam
458 919 498 958 si
528 922 635 964 tum,
662 931 796 971 quum
824 917 1034 971 habebas,
1064 933 1175 974 quos
1205 921 1452 975 imitarere,
1481 935 1572 963 non

91 973 274 1013 multum
302 972 592 1026 proficiebas:
623 973 732 1028 quid
762 987 881 1015 nunc
909 977 954 1015 te
983 974 1204 1016 facturum
1231 978 1407 1031 putem?
1457 976 1569 1032 Spu-

24 1039 26 1042 *
92 1027 218 1069 rinna
248 1028 442 1083 quidem,
472 1043 607 1084 quum
636 1029 679 1070 ei
708 1042 803 1070 rem
823 1030 1199 1073 demonstrassem
1220 1036 1266 1074 et
1285 1032 1425 1075 vitam
1449 1035 1570 1074 tuam

90 1084 367 1138 superiorem
398 1085 720 1139 exposuissem,
759 1097 967 1139 magnum
996 1088 1246 1140 periculum
1275 1101 1471 1129 summae
1502 1090 1568 1129 rei

90 1139 292 1193 publicae
322 1140 672 1192 demonstrabat,
701 1139 791 1182 nisi
820 1140 877 1181 ad
906 1143 1183 1195 superiorem
1204 1144 1569 1186 consuetudinem

86 1202 192 1247 tum,
222 1209 356 1250 quum
384 1195 610 1238 Favonius
634 1195 783 1244 flaret,
813 1198 1097 1240 revertisses:
1126 1197 1216 1240 hoc
1234 1202 1433 1255 tempore
1454 1199 1568 1241 ferri

88 1264 231 1305 posse,
266 1251 308 1291 si
346 1250 464 1292 forte
503 1255 552 1293 tu
580 1250 725 1306 frigus
753 1250 875 1294 ferre
904 1267 992 1294 non
1021 1267 1188 1309 posses.
1254 1254 1361 1303 Sed,
1388 1255 1564 1298 meher-
1601 1267 1628 1307 3

34 1330 35 1334 =
87 1307 202 1353 cule,
236 1307 299 1346 mi
327 1306 483 1356 Paete,
526 1311 654 1348 extra
680 1307 845 1361 iocum,
883 1321 1043 1350 moneo
1080 1313 1142 1360 te,
1185 1311 1307 1365 quod
1335 1313 1564 1366 pertinere

34 1362 35 1414 ἶ
84 1362 142 1403 ad
172 1364 298 1403 beate
325 1361 567 1404 vivendum
607 1363 815 1413 arbitror,
855 1367 906 1405 ut
942 1377 1043 1406 cum
1080 1365 1193 1407 viris
1222 1366 1366 1420 bonis,
1408 1367 1564 1408 iucun-

34 1415 36 1453 ἶ
84 1418 170 1465 dis,
207 1418 457 1460 amantibus
492 1419 560 1460 tui
589 1418 728 1461 vivas.
796 1417 928 1460 Nihil
968 1424 1037 1463 est
1071 1421 1218 1476 aptius
1257 1423 1403 1465 vitae:
1443 1423 1564 1464 nihil

82 1474 140 1516 ad
170 1474 296 1516 beate
324 1474 566 1517 vivendum
596 1475 986 1520 accommodatius.
1044 1476 1144 1519 Nec
1182 1477 1232 1518 id
1269 1479 1327 1520 ad
1355 1479 1561 1535 volupta„

29 1682 31 1688 y
81 1651 156 1684 raS,
183 1642 308 1686 quibus
333 1641 465 1678 literis.
514 1641 552 1677 S.
578 1643 728 1679 Ramsh.
757 1644 785 1687 ξ.
813 1645 894 1688 159,
921 1648 955 1688 3,
982 1646 1018 1690 d,
1045 1647 1093 1682 N.
1120 1648 1154 1683 2.
1204 1647 1449 1687 Fabrateria,
1483 1648 1560 1683 wie

30 1685 38 1696 “
82 1689 285 1734 Aquinum,
314 1691 398 1725 eine
422 1690 529 1725 stadt
553 1691 623 1725 der
647 1692 777 1726 Volsci
803 1693 844 1726 in
869 1694 1029 1728 Latium.
1057 1714 1101 1720 —
1127 1706 1221 1730 cona.
1248 1706 1278 1729 s.
1302 1696 1398 1730 inita
1423 1696 1467 1730 de
1489 1707 1558 1740 me,

30 1740 31 1776 j
77 1737 121 1771 ab
148 1737 312 1772 Antonio
337 1739 491 1784 eiusque
516 1739 627 1774 sociis
654 1739 699 1774 de
725 1742 977 1786 opprimendo
1004 1742 1201 1786 Cicerone,
1235 1743 1367 1789 quibus
1393 1744 1438 1778 de
1464 1744 1558 1777 insi-

77 1786 149 1819 diis
175 1786 314 1831 passim
340 1787 382 1819 in
406 1787 633 1834 Philippicis
659 1788 844 1833 loquitur.
870 1789 961 1825 Sch.
991 1809 1032 1814 —
1067 1791 1124 1825 iis.
1158 1791 1221 1826 Sic
1241 1792 1373 1828 Dresd.
1400 1803 1474 1826 sec.
1499 1791 1558 1826 hie

31 1840 32 1845 ¹
77 1833 174 1868 Cett.
203 1846 288 1869 cum
314 1835 387 1868 Md.
407 1834 488 1881 vOR-

32 1906 33 1911 ,
170 1882 205 1917 2.
253 1883 433 1925 coenulas,
464 1883 866 1927 commissatiunculas,
899 1884 1032 1920 kleine
1069 1885 1290 1922 n'dchtliche
1315 1887 1554 1923 Schw‘amne-

31 1934 37 1974 ᾗ
75 1929 194 1964 reien.
221 1948 264 1954 —
291 1941 380 1974 quos
404 1932 612 1974 imitat-ere,
637 1932 725 1966 vivo
753 1933 923 1977 Caesare,
957 1945 1073 1978 quum
1104 1934 1254 1969 Hirtius
1285 1941 1322 1969 et
1353 1937 1554 1972 Dolabella

32 1976 33 2018 ᾖ
74 1989 183 2011 cenas
207 1977 354 2014 darent.
380 1979 580 2014 MANUT.
607 1979 642 2014 S.
670 1991 727 2027 ep.
755 1981 836 2015 430.
862 2001 910 2006 —
932 1992 1004 2015 ηοη
1027 1982 1172 2016 multum
1195 1982 1432 2029 proficiebas,
1459 1985 1554 2020 eben

32 2022 35 2068 ζ
71 2025 184 2059 keine
209 2037 340 2074 grosse
365 2027 622 2062 Fortschritte
648 2027 689 2061 in
715 2028 877 2064 solchen
903 2028 1213 2065 Schmausereien
1239 2032 1438 2076 machtest,
1464 2035 1553 2078 quia

33 2074 39 2111 ἶ,
71 2073 231 2107 illorum
254 2086 367 2109 cenae
392 2075 577 2121 copiosae,
611 2081 696 2110 tuae
721 2082 924 2121 pertenues
953 2084 1071 2114 erant.
1108 2080 1307 2115 MANUT.
1362 2099 1404 2107 —
1456 2082 1551 2126 Spu-

33 2124 35 2127 “
71 2122 177 2155 rinna
203 2123 411 2157 Vestriciae
436 2123 577 2172 gentis,
602 2124 904 2160 utLibr.XV111.
930 2133 1063 2161 auctor
1089 2133 1145 2162 est
1165 2127 1333 2170 Tacitus,
1359 2128 1549 2175 haruspex

39 2189 40 2194 =
72 2170 158 2210 fuit,
192 2170 257 2214 qui
293 2171 421 2205 futura
452 2171 703 2217 praediceret.
765 2173 839 2207 Hic
872 2174 1068 2209 Caesarem
1102 2176 1273 2220 monuit,
1314 2183 1357 2212 ut
1395 2184 1549 2212 caveret

39 2222 40 2249 i
71 2217 157 2251 Idus
183 2218 349 2260 Martias,
375 2220 507 2264 quibus
532 2226 588 2254 est
615 2221 854 2257 interfectus.
880 2223 1083 2258 MANUT.
1133 2223 1170 2259 S.
1196 2224 1243 2259 de
1268 2225 1397 2259 Divin.
1429 2226 1461 2266 Ι,
1489 2227 1546 2262 52.

39 2286 41 2302 ,
70 2264 221 2301 Sueton.
247 2266 349 2301 Caes.
376 2269 432 2303 81.
482 2288 525 2294 -
572 2269 686 2312 peric.
709 2280 831 2304 summ.
856 2271 913 2304 rei
934 2272 1033 2314 publ.
1060 2272 1341 2314 demonstrabat,
1364 2269 1547 2319 'prophe-

40 2321 42 2334 ‘
69 2312 179 2356 zeste,
206 2325 243 2347 es
268 2314 395 2349 werde
418 2315 504 2350 dem
519 2315 644 2350 Staate
669 2317 733 2351 ein
757 2329 904 2366 grosses
932 2319 1111 2367 Ungliick
1136 2320 1402 2355 bevorstehen.
1453 2321 1545 2354 Sua-

36 2377 37 2381 *
69 2360 170 2394 viter
195 2361 352 2403 iocatur,
381 2369 422 2397 ut
446 2364 561 2407 solet,
588 2375 676 2398 cuin
701 2366 827 2401 Paeto.
868 2367 980 2402 SCII.
1031 2387 1078 2394 —
1125 2370 1318 2403 Favonius.
1365 2369 1426 2402 Ex
1451 2367 1490 2401 h.
1519 2370 1544 2402 l.

41 2414 170 2453 patet
205 2408 301 2443 hanc
337 2410 536 2454 epistolam
573 2419 660 2446 ante
693 2413 795 2447 veris
831 2414 986 2449 initium
1019 2416 1201 2463 scriptam
1228 2429 1317 2452 esse.
1353 2417 1463 2451 3011.
1498 2435 1545 2442 -

41 2463 43 2474 ¹
65 2455 133 2489 Ιιοε
158 2455 186 2489 i.
216 2468 247 2489 e·
272 2469 391 2492 verno
417 2465 598 2505 tempore.
645 2478 688 2484 —
727 2462 838 2502 ferri
857 2473 965 2507 posse
990 2464 1031 2498 τὸ
1055 2465 1101 2498 ad
1127 2477 1235 2500 cenas
1262 2465 1376 2499 exiro.
1421 2483 1463 2489 —
1510 2465 1544 2498 si

37 2506 166 2546 nsorte
193 2530 200 2538 .
229 2530 236 2537 .
265 2530 271 2535 .
299 2516 371 2539 non
393 2517 533 2550 posses,
566 2519 680 2542 wenn
716 2509 776 2542 Du
809 2516 906 2545 etwa
939 2512 1032 2547 ietzt
1057 2513 1119 2546 die
1144 2514 1254 2547 Kiilte
1288 2512 1398 2547 nicht
1420 2518 1541 2548 ertra-

41 2547 135 2596 gen
161 2552 339 2587 kb'nntest
363 2554 440 2588 und
465 2555 639 2590 desshalb
665 2556 781 2591 keine
807 2558 1050 2595 Gastm'a'hler
1074 2560 1302 2596 besuchtest.

158 2602 191 2635 3.
219 2604 324 2634 extra
348 2601 480 2646 iocum,
505 2603 649 2638 Scherz
676 2603 735 2638 bei
758 2604 882 2640 Seite!
923 2628 965 2634 -
1003 2613 1043 2642 ut
1069 2635 1076 2641 .
1103 2634 1112 2643 .
1138 2610 1250 2651 vivas,
1277 2608 1360 2642 dass
1386 2609 1445 2643 Du
1469 2609 1542 2644 mit

66 2674 72 2681 .
102 2673 108 2679 .
138 2674 146 2681 .
176 2649 353 2696 Urngang
387 2651 559 2698 pflegest‚
595 2670 637 2676 —
688 2651 798 2687 Nihil
828 2659 892 2691 est,
940 2655 1012 2689 ‘Sic
1051 2657 1123 2689 Md.
1158 2657 1257 2691 Vict.
1286 2659 1317 2690 1.
1342 2657 1373 2691 2.
1411 2657 1539 2690 hamb„

23 2709 26 2712 >
63 2695 136 2728 del.
163 2701 215 2729 est
241 2697 380 2730 Ceteri.
409 2698 485 2733 013.
511 2719 554 2725 —
595 2700 670 2733 Nec
694 2700 736 2733 id
759 2701 809 2734 ad
831 2703 901 2736 vol.
929 2705 1072 2746 resero,
1098 2703 1163 2738 ich
1190 2704 1380 2739 berechne
1405 2705 1541 2738 iedoch

42 2733 133 2812 JD²⁵
158 2743 266 2778 nicht
291 2746 357 2778 auf
379 2746 440 2779 das
467 2746 585 2780 blosse
612 2747 862 2795 Vergniigen3
898 2751 961 2784 ich
995 2751 1092 2785 habe
1129 2751 1265 2787 ie‘doch
1297 2752 1405 2787 dabei
1431 2753 1539 2787 nicht

43 2833 48 2870 'tl
