1795 3086
540 108 854 155 EPISTOLA
892 107 1118 155 DchX.
1475 104 1565 150 201

97 226 285 268 reiectus
314 238 409 267 sum
439 228 586 266 austro
625 221 872 265 vehementi
911 224 967 264 ad
1007 224 1191 266 eandem
1232 221 1568 275 Leucopetram,

92 278 167 323 i'ui
206 296 338 337 quum
375 285 552 324 ventum
589 282 892 333 exspectarem
928 300 981 307 —-
1020 285 1114 321 erat
1150 279 1267 322 enim
1294 279 1407 320 villa
1434 275 1569 337 Vale7

99 340 158 379 rii
187 340 355 386 nostri,
397 341 445 378 ut
483 335 771 377 familiariter
809 346 948 374 essem
990 339 1033 374 et
1071 336 1262 378 libenter
1289 355 1342 366 —-
1372 331 1570 385 Rhegim

98 394 301 449 quidam,
341 394 542 434 illustres
572 390 799 441 homines,
841 403 894 429 eo
922 397 1156 443 venemnt,
1194 391 1338 433 Roma
1366 402 1473 431 sane
1503 400 1571 427 re-

102 455 277 499 centes3
320 450 367 490 in
395 449 451 488 iis
481 447 611 488 Bruti
641 446 781 486 nostri
824 443 1006 498 hospes,
1047 446 1120 499 qui
1160 446 1346 487 Brutum
1381 443 1572 498 Neapoli

103 507 370 560 reliquisset.
427 503 551 543 Haec
580 502 845 543 afferebant:
877 501 1069 541 edictum
1098 499 1228 540 Bruti
1257 506 1301 541 et
1328 501 1499 552 Cassii,
1531 503 1574 540 et

104 562 202 602 sore
233 561 509 615 frequentem
539 563 737 598 senatum
768 556 1009 605 Kalendis3
1040 569 1066 596 a
1095 555 1236 596 Bruto
1265 561 1310 596 et
1332 557 1489 599 Cassio
1519 557 1573 599 Ιίο

106 623 226 658 teras
265 618 422 657 missas
462 614 517 655 ad
558 614 814 654 consulares
858 616 902 652 et
944 611 1219 666 praetorios;
1269 614 1316 651 ut
1355 613 1574 664 adessent,

107 685 279 727 rogare.
339 671 561 713 Summam
594 682 716 723 spem
745 668 1005 708 nuntiabant
1033 666 1155 718 fore,
1185 670 1235 707 ut
1263 666 1478 710 Antonius
1508 683 1580 709 ce-

108 728 257 779 deret,
289 740 357 768 res
387 725 673 775 conveniret,
703 725 847 765 nostri
869 722 1057 765 Romam
1083 722 1293 764 redirent.
1350 722 1579 765 Addebant

109 785 268 835 etiam,
299 797 367 823 me
389 781 663 832 desiderari,
695 780 991 821 subaccusari.
1045 777 1172 828 Quae
1195 791 1326 833 quum
1347 779 1581 832 audissem,

109 841 204 880 sine
236 839 326 878 ulla
363 838 640 878 dubitatione
681 835 824 876 abieci
865 835 1098 875 consilium
1137 834 1457 889 profectionis,
1496 850 1583 889 quo

109 894 363 935 mehercule
394 907 449 934 ne
479 898 607 933 antea
637 890 813 944 quidem
843 890 1112 932 delectabar.
1178 890 1330 931 Lectis
1360 903 1467 932 vero
1496 892 1585 932 tuis

110 951 278 1001 literis,
317 949 560 989 admiratus
590 946 797 1001 equidem
825 959 946 998 sum,
988 952 1031 987 te
1061 952 1151 987 tam
1180 945 1461 988 vehementer
1489 961 1586 988 sen-

111 1006 295 1046 tentiam
335 1008 651 1051 commutasse3
702 1002 806 1054 sed,
855 1015 942 1042 non
980 1002 1076 1043 sine
1116 1015 1275 1054 causa,
1327 1003 1587 1044 arbitrabar.

113 1062 238 1113 Etsi,
277 1059 475 1115 quamvis
505 1072 592 1099 non
624 1057 762 1098 fueris
792 1070 947 1099 suasor
975 1062 1018 1098 et
1047 1058 1264 1113 impulsor
1291 1057 1591 1112 profectionis

113 1130 262 1168 meae,
303 1117 569 1170 approbator
609 1118 732 1154 certe
773 1113 925 1163 fuisti,
966 1113 1202 1154 dummodo
1240 1112 1344 1154 Kal.
1374 1114 1468 1156 Ian.
1498 1113 1591 1156 Ro-

114 1185 211 1212 mae
240 1184 394 1212 essem.
452 1171 524 1211 Ita
544 1169 707 1221 fiebat,
738 1174 812 1215 ut,
843 1168 946 1209 dum
971 1169 1113 1209 minus
1133 1169 1320 1223 periculi
1348 1170 1594 1223 videretur,

116 1229 337 1276 abessem5
377 1228 422 1266 in
463 1225 687 1266 flammam
726 1223 870 1279 ipsam
899 1224 1105 1264 venirem.
1164 1224 1254 1266 Sed
1284 1224 1422 1273 haec,
1461 1228 1596 1268 etiam

117 1285 156 1324 si
187 1296 272 1323 non
294 1281 558 1336 prudenter,
589 1285 735 1320 tamen
755 1278 973 1328 ἀνεμέσητα
1002 1285 1126 1328 sunt;
1155 1280 1369 1334 primum,
1399 1282 1516 1335 quod
1541 1283 1598 1322 de

118 1352 214 1379 mea
249 1338 470 1378 sententia
511 1342 610 1376 acta
651 1340 772 1383 sunt;
827 1334 1012 1386 deinde,
1058 1335 1196 1376 etiam
1233 1336 1271 1376 si
1315 1340 1360 1377 te
1397 1343 1598 1389 auctore,

118 1394 225 1447 quid
253 1393 408 1444 debet,
448 1392 523 1446 qui
562 1391 800 1431 consilium
829 1390 930 1440 dat,
971 1395 1199 1444 praestare
1228 1396 1407 1445 praeter
1435 1393 1598 1434 fidem?

120 1449 245 1490 lllud
274 1449 486 1490 admirari
517 1448 625 1487 satis
655 1461 742 1488 non
771 1446 918 1500 potui,
949 1446 1066 1501 quod
1086 1447 1317 1501 scripsisti.
1331 1447 1403 1489 his
1424 1449 1597 1490 verbis:
1648 1491 1649 1494 Ἴ

128 1504 250 1547 Veni
278 1506 446 1560 iyitur,
477 1506 554 1559 ίιι,
595 1503 673 1555 qui
710 1499 963 1542 εὐθαυασίαν.
1030 1500 1165 1545 Veni.
1221 1502 1481 1557 Relinques
1508 1517 1600 1559 pa-

123 1557 296 1602 triam?
351 1560 419 1599 An
451 1572 532 1612 ego
563 1558 860 1612 relinquebam
890 1562 964 1598 aut
1000 1557 1082 1599 tibi
1121 1564 1215 1600 tum
1255 1559 1505 1614 relinquere
1534 1561 1601 1602 vi-

127 1616 288 1657 debar?
339 1616 412 1658 Tu
442 1615 488 1654 id
519 1627 604 1654 non
644 1613 778 1654 modo
816 1626 903 1654 non
940 1613 1228 1667 prohibebas,
1272 1627 1426 1656 verum
1466 1616 1601 1659 etiam

127 1672 412 1727 approbabas.
473 1670 716 1721 Graviora,
754 1682 867 1724 quae
897 1674 1087 1712 restant:
1145 1668 1293 1713 Velim
1330 1670 1483 1718 σκόλιον
1522 1672 1605 1714 ali-

128 1819 172 1866 Ὶὲ
198 1820 328 1854 Meile.
358 1837 400 1844 —
427 1823 563 1852 austro.
592 1817 672 1864 vgi.
695 1830 751 1864 ep.
779 1821 860 1861 813,
885 1821 918 1854 3.
946 1821 989 1853 ab
1017 1825 1142 1854 austro
1170 1820 1261 1855 Ball.
1287 1821 1407 1855 Oxon.
1434 1823 1467 1857 2.
1494 1824 1601 1868 prob.

129 1870 265 1906 Graev.
293 1888 334 1894 —
362 1872 503 1901 rentum
530 1868 744 1903 secundum.
773 1887 816 1893 —
847 1868 989 1902 Valeria·
1015 1868 1152 1911 nostri,
1179 1869 1253 1903 wol
1279 1869 1340 1902 des
1366 1870 1469 1903 Publ.
1500 1872 1605 1904 Vale-

129 1918 204 1951 rius
227 1917 272 1950 ad
299 1916 410 1950 Attic.
447 1918 477 1956 1,
506 1916 548 1950 12
574 1917 634 1956 (16
663 1915 695 1950 h.
725 1916 815 1959 ed.).
851 1935 894 1942 -—
930 1927 1042 1949 essem
1075 1917 1153 1950 scil.
1187 1917 1250 1950 ibi.
1291 1934 1334 1942 ——
1374 1919 1490 1951 Roma
1521 1930 1608 1953 sane

132 1976 226 2005 rec„
252 1963 376 1998 sicher
400 1973 440 1998 so
468 1963 560 1996 eben
587 1976 656 1998 von
682 1965 793 1998 Rom.
822 1983 865 1990 —-
894 1964 980 1999 Kal.
1006 1965 1220 1998 Sextilibus.
1249 1983 1295 1990 —
1321 1969 1356 1999 ue
1383 1967 1546 2000 adessent
1571 1968 1608 1999 in

131 2019 276 2047 senatu.
304 2031 347 2037 —
374 2022 434 2045 res
459 2022 622 2054 comen„
651 2011 711 2045 die
737 2013 855 2046 Sache
883 2013 963 2047 sich
989 2014 1238 2057 ausgleichen.
1272 2032 1315 2039 —
1349 2015 1490 2056 nostri,
1517 2016 1606 2049 Bru-

132 2069 211 2102 tus,
241 2061 407 2102 Cassius,
437 2062 531 2092 Cett.
556 2079 602 2085 —
627 2061 880 2101 subaccusari,
909 2061 943 2094 d.
968 2062 992 2096 i.
1021 2073 1105 2095 man
1132 2062 1183 2095 sei
1213 2062 1281 2095 mit
1296 2063 1440 2096 meiuer
1458 2064 1611 2100 Abreise

132 2109 241 2143 nicht
265 2121 357 2157 ganz
383 2107 589 2145 zut'rieden.
620 2127 661 2132 —
688 2109 823 2149 abieci,
852 2110 946 2143 wari
970 2109 1032 2144 ich
1061 2122 1162 2154 weg,
1190 2111 1263 2155 gab
1290 2110 1355 2144 ich
1382 2112 1460 2147 auf.

229 2177 265 2211 2.
295 2180 380 2209 sent.
416 2180 599 2214 cummim,
634 2178 695 2221 qui
732 2188 847 2221 quum
882 2184 990 2210 antea
1025 2178 1302 2222 profectionem
1328 2191 1448 2213 meam
1473 2181 1612 2225 proba—

137 2225 250 2263 veris.
277 2224 380 2257 idem
405 2235 504 2256 nunc
531 2225 801 2268 reprehendas.
829 2225 961 2259 MAN.
982 2244 1029 2250 —-
1054 2226 1135 2259 dum
1162 2227 1296 2269 modo,
1323 2239 1430 2262 wenn
1458 2240 1541 2263 nur.
1569 2248 1612 2254 -

138 2273 315 2314 venirem,
341 2271 514 2305 redirem.
540 2289 586 2297 -—-
611 2268 812 2316 ἀνεμέσητα
837 2278 916 2306 sunt
942 2274 966 2308 i.
993 2285 1024 2307 e.
1054 2286 1281 2320 quamquam
1306 2287 1378 2310 non
1404 2284 1487 2309 erat
1510 2289 1529 2310 a
1556 2289 1615 2309 me

137 2321 340 2365 prudenter
366 2321 601 2359 institutum,
628 2327 668 2354 tu
693 2328 816 2355 tamen
842 2322 880 2355 in
906 2333 950 2356 eo
977 2333 1050 2356 non
1078 2334 1115 2356 es
1141 2324 1478 2370 reprehendendus.
1506 2325 1614 2358 SCII.

139 2385 186 2393 —
211 2367 318 2400 eliam
342 2370 374 2400 si
400 2371 435 2402 te
461 2373 608 2401 auclore
634 2370 829 2412 fecissem,
868 2382 976 2403 wenn
1008 2371 1071 2403 ich
1105 2383 1142 2405 es
1168 2373 1264 2406 auch
1291 2373 1356 2406 auf
1379 2373 1477 2405 Dein
1506 2374 1617 2406 Wort

140 2414 277 2459 gethan
305 2416 420 2448 hatte.
447 2434 490 2441 -
513 2421 668 2460 praeter
686 2417 820 2461 fidem,
847 2419 898 2452 als
925 2418 1008 2453 dass
1035 2431 1075 2452 er
1100 2431 1138 2454 es
1164 2421 1312 2455 ehrlich
1339 2423 1490 2455 memte.

166 2523 170 2527 ⁴
237 2484 271 2517 3.
298 2484 357 2526 qui
392 2478 699 2523 εὐθανασίαν,
743 2485 810 2519 der
843 2486 903 2519 Du
937 2487 1008 2519 den
1041 2488 1286 2522 ehrenvollen
1318 2488 1400 2521 'rod
1434 2488 1498 2520 fiir
1532 2487 1618 2520 kein

144 2529 244 2564 Ubel
279 2529 404 2567 haltst.
453 2533 603 2565 *Attikus
641 2532 748 2567 hatte
781 2534 892 2568 dabei
923 2535 1074 2569 Tuscul.
1112 2535 1255 2578 Quaest.
1283 2536 1314 2576 Ι,
1340 2537 1402 2571 45:
1436 2535 1508 2570 Sed
1531 2546 1619 2578 pro·

137 2579 244 2620 secto
271 2589 365 2610 mors
397 2585 470 2614 etc.
504 2580 555 2613 im
589 2581 706 2625 Auge.
741 2599 787 2606 —·
819 2583 1009 2627 Relinques
1038 2586 1219 2628 patriam,
1258 2584 1337 2624 Du,
1372 2585 1431 2616 ein
1468 2584 1619 2617 solchcr

144 2628 282 2667 Manu,
310 2627 368 2657 ein
396 2627 509 2660 Manu
537 2628 601 2661 der
628 2629 877 2673 Grundsiitze,
902 2632 1045 2665 solltest
1071 2633 1133 2664 das
1162 2631 1363 2664 vaterland
1389 2644 1450 2664 ans
1477 2632 1619 2665 Furcht

147 2676 198 2706 im
233 2675 335 2707 Stich
373 2674 516 2707 lassen?
550 2695 595 2700 —
634 2677 871 2720 prohibebas,
906 2680 1035 2721 „Alii“
1068 2682 1103 2712 in
1138 2692 1184 2714 m.
1215 2680 1314 2714 1584.
1350 2679 1544 2713 inhibebas.
1573 2697 1619 2704 -—

149 2723 257 2756 (ἐι-αι’.
287 2734 317 2764 q.
347 2727 451 2762 rest..
486 2725 583 2757 noch
610 2724 740 2759 harter
775 2727 822 2758 ist
857 2727 917 2759 das
953 2722 1103 2772 Ubrige.
1140 2746 1186 2753 —
1217 2723 1401 2769 σχόλιον
1428 2729 1450 2761 i.
1478 2741 1508 2764 e,
1538 2729 1619 2760 bre-

147 2781 228 2804 vem
255 2769 562 2815 explicatione-1113
598 2772 660 2806 ich
689 2775 879 2817 wunsche,
907 2776 963 2811 Du
990 2784 1136 2810 setztcst
1162 2778 1200 2810 in
1237 2777 1338 2810 einer
1369 2777 1518 2810 kleincn
1552 2777 1618 2809 ΖιιΞ
