1795 3086
218 55 303 102 128
491 57 552 99 Μ.
585 58 637 100 Τ.
670 52 1007 98 CICERONIS
1037 54 1405 100 EPISTOLAE.

215 182 270 210 ne
299 168 417 224 quod
446 168 636 210 calidius
667 169 816 210 ineant
843 168 1100 210 consilium!
1176 167 1394 210 Cedentes
1423 169 1540 210 enim
1569 167 1680 210 haec

216 225 281 266 ais
310 225 566 279 scripsisse:
605 226 719 277 quo?
758 227 832 265 aut
861 225 1020 279 quare?
1076 222 1254 277 Retine,
1291 226 1476 265 obsecro
1506 228 1565 275 te,
1603 225 1679 266 Ci-

215 294 332 331 cero,
362 280 488 320 illos:
528 283 571 320 et
601 280 695 320 noli
724 280 868 321 sinere
898 280 1008 322 haec
1047 279 1196 320 omnia
1233 280 1393 334 perire,
1431 282 1542 334 quine
1582 278 1679 320 fun-

214 336 332 377 ditus
371 334 545 375 medius
584 334 717 376 fidius
757 336 940 388 rapinis,
978 335 1213 385 incendiis,
1254 335 1461 376 caedibus
1499 348 1678 388 pewer-

213 394 374 433 tuntur.
432 390 641 442 Tantum,
670 391 709 431 si
738 390 846 444 quid
873 391 1043 443 timent,
1073 394 1279 433 caveant:
1308 390 1421 430 nihil
1450 394 1680 443 praeterea

212 445 462 487 moliantur.
539 445 640 486 Non
688 446 858 486 medius
896 447 1033 487 fidius
1073 446 1300 488 acerrimis
1340 445 1542 487 consiliis
1579 446 1678 498 plus

210 513 340 556 quam
380 501 514 542 etiam
552 501 850 551 inertissimis,
899 502 1135 544 dummodo
1173 501 1476 555 diligentibus,
1523 513 1677 541 conse-

209 560 411 612 quentur.
469 556 596 596 Haec
626 556 757 609 enim,
796 557 907 610 quae
946 557 1103 608 fluunt,
1144 570 1224 609 per
1262 571 1309 597 se
1338 557 1549 597 diuturna
1587 569 1674 597 non

209 616 333 662 sunt3
388 613 434 654 in
483 613 767 653 contentione
816 618 1072 664 praesentes
1122 612 1178 652 ad
1225 613 1468 653 nocendum
1516 611 1679 653 habent

208 668 339 709 vires.
417 667 539 717 Quid
586 680 733 723 speres
774 667 829 707 de
880 667 1000 720 illis,
1053 668 1098 707 in
1150 667 1454 709 Tusculanum
1503 666 1559 708 ad
1604 679 1676 707 me

208 721 394 765 scribe.“

318 779 466 820 Habes
496 778 639 820 Hirtii
668 778 924 832 epistolam:
963 778 1036 819 cui
1077 779 1301 832 rescripsi,
1340 779 1403 818 nil
1433 778 1534 818 illos
1564 778 1676 817 cali-

207 834 307 876 dius
336 835 557 889 cogitare:
587 834 721 887 idque
751 834 1026 876 confirmavi.
1084 834 1186 874 Hoc
1214 835 1516 888 qualecunque
1546 837 1676 884 esset,

207 896 252 931 te
281 890 398 931 scire
426 891 562 931 volui.
629 889 876 944 Obsignata
913 890 1000 930 iam
1039 889 1239 943 epistola,
1290 889 1458 930 Balbus
1497 887 1552 927 ad
1591 902 1675 940 me,

207 946 443 988 Serviliam
473 946 657 997 redisse,
687 946 950 987 confirmare
980 959 1066 987 non
1098 945 1387 986 discessuros.
1439 943 1568 985 Nunc
1596 957 1674 984 ex-

204 1005 356 1058 specto
386 1015 412 1044 a
441 1005 485 1043 te
516 1001 684 1043 literas.

203 1170 306 1199 trare
332 1168 476 1209 possunt
502 1163 585 1197 scil.
613 1174 658 1196 ne
686 1164 765 1208 ipse
791 1163 934 1207 aliquid
963 1163 1119 1196 calidius
1146 1164 1292 1197 faciam.
1325 1186 1363 1191 —
1401 1176 1443 1198 ne
1470 1165 1562 1209 quod
1585 1166 1675 1199 cali-

206 1214 284 1247 dius
308 1214 331 1247 i.
361 1224 390 1246 e.
417 1208 652 1258 θερμότερον,
680 1211 865 1251 audacius,
891 1211 1025 1252 acrius,
1054 1211 1172 1244 subito
1201 1218 1349 1257 captum
1377 1219 1413 1246 et
1439 1213 1541 1257 quasi
1566 1223 1674 1257 prae-

206 1262 416 1307 cipitatum.
444 1279 485 1284 —
516 1259 700 1300 Cedentes,
730 1259 819 1291 eben
846 1260 898 1291 im
924 1259 1077 1305 Begriff
1098 1260 1233 1293 Italien
1260 1272 1305 1292 zu
1332 1261 1534 1294 verlassen.

298 1310 332 1344 3.
381 1307 470 1341 Ilaec
494 1307 627 1347 omnia,
654 1318 736 1339 rem
765 1306 967 1351 publicam.
1003 1326 1048 1331 -—
1084 1317 1172 1350 quae
1201 1333 1208 1340 .
1239 1335 1246 1343 ,
1270 1313 1441 1350 perrert„
1468 1308 1563 1343 VVas
1590 1318 1674 1339 man

204 1356 375 1391 ohnebin
400 1355 516 1388 sehon
543 1354 699 1387 bemiiht
724 1354 771 1387 ist
799 1379 806 1387 .
835 1378 842 1386 .
870 1383 877 1390 ,
904 1365 977 1387 von
1021 1354 1154 1387 Grund
1194 1366 1256 1387 aus
1308 1355 1577 1389 umzukehren.
1627 1373 1674 1380 -

203 1416 308 1449 quam
333 1404 436 1437 inere.
462 1427 471 1435 .
500 1432 507 1439 ,
534 1403 720 1436 dummodo
748 1402 911 1443 diligent.
946 1401 984 1434 h.
1013 1413 1043 1436 e.
1079 1402 1310 1443 lentissimis,
1352 1403 1550 1437 dummodo
1581 1415 1673 1448 pru-

201 1454 337 1487 denter
361 1451 542 1485 institutis
569 1457 605 1484 et
632 1450 747 1495 probe
772 1449 1000 1483 deliberatis
1042 1450 1149 1484 SCH.
1196 1450 1276 1490 „als
1303 1451 1426 1484 durch
1463 1451 1524 1485 die
1551 1451 1673 1495 gelas-

203 1506 361 1540 sensten,
399 1511 513 1533 wenn
545 1510 617 1531 nur
654 1498 723 1531 mit
754 1497 1038 1530 Behutsamkeit
1070 1499 1270 1544 gefassten,
1313 1499 1437 1532 Plane.
1491 1518 1531 1522 —
1581 1509 1673 1542 quae

197 1548 306 1590 fiunt,
339 1559 416 1581 was
442 1547 534 1580 ietzt
567 1558 613 1579 an
640 1546 707 1579 der
733 1545 1030 1591 Tagesordnung
1063 1546 1120 1579 ist.
1172 1564 1215 1569 —
1265 1545 1353 1580 diat.
1380 1557 1413 1579 n.
1439 1550 1532 1588 sunt,
1573 1546 1674 1580 wird

200 1596 284 1630 sich
308 1594 406 1628 nach
432 1594 509 1627 und
533 1594 628 1627 nach
654 1604 729 1627 von
753 1593 868 1627 selbst
893 1592 1097 1626 verlieren.
1134 1611 1177 1616 —
1217 1592 1253 1625 in
1281 1598 1373 1627 cont.
1394 1605 1518 1637 praes.
1545 1599 1615 1627 cet.
1649 1593 1674 1627 i.

201 1656 230 1678 e.
256 1644 371 1677 Bruto
405 1650 441 1677 et
466 1643 589 1676 Cassio
627 1653 707 1675 rem
742 1640 785 1674 ad
823 1640 1103 1674 contentionem
1142 1640 1411 1675 deducentibus
1447 1641 1541 1675 haec
1576 1641 1672 1674 mala

199 1692 376 1725 diuturna
403 1696 526 1732 erunt,
553 1701 645 1735 quae
670 1689 749 1734 ipsa
775 1700 843 1734 per
869 1699 907 1721 se
932 1699 1005 1721 non
1033 1694 1164 1721 essent.
1221 1689 1429 1722 Verebatur
1454 1689 1555 1723 enim
1582 1689 1673 1722 Hir-

199 1740 287 1782 tius,
314 1750 360 1773 ne
387 1738 530 1772 Cassius
556 1744 591 1771 et
618 1738 754 1771 Brutus
781 1746 824 1770 eo
850 1736 1008 1770 consilio
1033 1736 1279 1779 discederent,
1307 1742 1346 1769 ut
1373 1737 1541 1770 exercitu
1567 1747 1670 1770 com-

198 1793 328 1833 parato
354 1786 487 1820 armati
513 1785 683 1819 redirent
707 1785 752 1818 de
779 1795 820 1818 re
847 1784 996 1829 publica
1022 1784 1256 1817 dimicaturi:
1285 1783 1367 1818 ideo
1393 1784 1489 1818 dixit
1514 1784 1670 1818 Cicero:

198 1836 273 1877 isti,
300 1845 471 1876 veremur,
495 1843 538 1866 ne
561 1833 680 1866 nostri
712 1833 794 1876 plus
819 1832 931 1865 animi
961 1831 1128 1871 habeant,
1161 1843 1263 1875 quam
1288 1830 1428 1866 habent.
1469 1832 1670 1867 MANUT.

197 1882 371 1925 „kommt
397 1894 434 1916 es
458 1881 546 1915 aber
571 1892 655 1914 zum
682 1880 853 1925 Kampse,
887 1890 927 1913 so
952 1880 1079 1927 liegen
1105 1879 1213 1912 darin
1238 1880 1443 1926 gewaltige
1468 1880 1598 1914 Kr'eifte
1622 1892 1671 1914 zu

171 1934 173 1937 '
196 1930 398 1965 schaden.“
446 1933 667 1974 praesentes,
693 1927 1064 1976 augenscheinliche,
1091 1927 1357 1975 zuverl‘zissige,
1385 1927 1599 1962 wirksame.
1625 1946 1670 1954 -

194 1989 326 2023 sperae,
352 1983 560 2012 erwartest.

291 2026 324 2060 4.
374 2026 463 2058 illos
486 2030 646 2067 nostros,
682 2026 731 2058 M.
754 2024 910 2057 Brutum
936 2028 973 2057 et
999 2022 1174 2056 cassium.
1227 2041 1266 2046 —
1322 2021 1449 2063 confir.
1483 2021 1566 2056 hab’
1603 2021 1669 2056 ich

196 2073 277 2108 ihm
304 2072 516 2107 betheuert.
545 2092 586 2096 —
616 2073 664 2106 ad
687 2082 741 2105 me
767 2071 934 2116 scripsit.
977 2089 1019 2094 -—
1058 2070 1266 2112 Serviliam,
1292 2072 1338 2104 M.
1366 2070 1479 2104 Bruti.
1497 2076 1669 2111 matrem,

195 2132 359 2156 sororem
386 2120 538 2155 Catonis
565 2120 765 2154 Uticensis.
809 2139 850 2144 —
892 2129 1045 2163 eamque
1082 2117 1313 2158 confirmare.
1361 2118 1495 2152 Balbus
1528 2118 1574 2152 ad
1607 2129 1668 2151 me

195 2169 347 2215 scripsit
373 2168 573 2202 Serviliam
599 2168 781 2207 Lanuvio,
818 2165 881 2198 ubi
915 2167 1073 2199 Brutum
1101 2173 1137 2200 et
1164 2166 1328 2200 Cassium
1354 2165 1500 2200 viderat
1529 2166 1579 2208 (v.
1606 2176 1666 2210 ep.

193 2219 274 2257 680,
302 2219 334 2253 2.
361 2217 519 2259 7⁰4,2.),
546 2216 711 2258 rediisse,
738 2225 891 2259 eamque
918 2213 1141 2248 confirmare
1168 2225 1226 2248 eos
1252 2213 1362 2248 Italia
1387 2224 1462 2247 non
1488 2214 1665 2248 exituros²

192 2265 298 2300 SGH.

1774 94 1779 113 ψ,
1774 0 1786 87 ...q

1749 3028 1754 3086 ὲ
