1795 3086
483 103 801 147 EPISTOLA
844 106 1145 152 DCCXLIX.
1489 112 1574 158 179

106 229 222 256 mum
269 215 380 268 sore,
419 228 504 256 non
536 213 744 256 fecissem
783 216 847 268 id,
888 220 1004 271 quod
1044 221 1242 263 dicturus
1281 235 1386 263 sum.
1447 223 1572 264 Duxi

107 271 221 311 enim
251 285 418 312 mecum
457 270 782 313 adolescentem
821 271 876 311 ad
904 273 1104 316 Brutum.
1163 276 1239 317 Sic
1270 278 1309 317 ei
1341 280 1568 331 probatum

106 331 186 374 est,
218 327 334 380 quod
367 326 422 367 ad
453 330 495 366 te
523 326 685 373 scribo,
724 333 770 367 ut
799 327 893 380 ipse
923 329 1181 384 crediderit,
1220 345 1288 373 me
1317 347 1571 388 sponsorem

105 381 308 436 accipere
338 381 531 423 noluerit
570 395 754 436 eumque
798 383 984 424 laudans
1013 386 1278 428 amicissime
1308 390 1571 430 mentionem

104 438 168 477 tui
219 438 392 483 fecerit,
441 436 694 491 complexus
734 439 1045 494 osculatusque
1082 440 1315 483 dimiserit.
1403 444 1568 493 Quam-

105 494 255 533 obrem
286 493 372 534 etsi
400 493 541 546 magis
571 497 651 544 est,
680 493 799 547 quod
829 496 1029 547 gratuler
1057 495 1153 547 tibi,
1198 510 1325 550 quam
1366 501 1484 553 quod
1524 505 1567 540 te

103 561 277 601 rogem:
308 553 449 588 tamen
480 548 612 588 etiam
644 561 765 602 roge,
795 554 857 601 ut,
897 551 935 590 si
973 563 1084 604 quae
1122 550 1264 592 minus
1305 561 1428 594 antea
1468 569 1567 610 pro-

105 609 206 657 pter
235 603 540 644 infirmitatem
581 606 737 645 aetatis
778 610 1031 648 constanter
1066 607 1120 647 ab
1149 619 1200 647 eo
1230 606 1330 647 fieri
1360 610 1568 650 videban-

103 664 187 710 tur,
219 673 270 700 ea
300 659 472 699 iudices
503 658 630 699 illum
661 661 901 712 abiecisse3
948 661 1147 716 mihique
1185 662 1344 703 eredas
1383 666 1567 705 multum

101 714 337 754 allaturam
366 715 438 755 vel
469 715 704 768 plurimum
743 717 891 769 potius
920 716 976 757 ad
1006 717 1129 758 illius
1160 717 1375 758 iudicium
1407 720 1568 760 confir-

100 769 304 809 mandum
334 769 640 811 auctoritatem
671 775 801 812 tuam.
859 771 1000 813 Bruto
1042 786 1176 827 quum
1217 787 1347 827 saepe
1390 774 1566 814 iniecis-

100 838 190 864 sem
219 825 275 865 de
303 821 507 877 ὁμοπλοίᾳ,
545 839 630 866 non
668 826 865 880 perinde,
904 831 1035 881 atque
1076 842 1158 882 ego
1198 833 1409 883 putaram,
1457 832 1568 870 arri-

100 893 204 934 pere
234 881 354 921 visus
385 885 465 921 est.
524 881 850 921 Existimabam
890 881 1177 933 μετεωρότερον
1214 896 1333 925 esse:
1383 888 1427 925 et
1467 885 1569 925 lier-

101 935 198 976 cule
229 940 339 987 erat,
378 941 421 976 et
449 936 639 976 maxime
670 935 726 977 de
756 937 888 978 ludis.
946 937 1006 978 At
1041 938 1168 985 mihi,
1218 954 1351 993 quum
1391 940 1445 980 ad
1487 942 1569 980 vil-

99 991 186 1030 lam
216 991 444 1040 redissem,
483 991 562 1031 Cn.
606 991 841 1045 Lucceius,
881 992 959 1047 qui
998 995 1184 1034 multum
1229 996 1369 1036 utitur
1413 994 1569 1046 Bruto,

97 1046 296 1087 narravit
324 1046 449 1086 illum
478 1047 609 1087 valde
639 1049 819 1099 morari,
849 1062 936 1090 non
965 1049 1341 1103 tergiversantem,
1380 1050 1460 1091 sed
1491 1064 1569 1091 ex—

97 1105 382 1154 spectantem,
421 1101 459 1142 si
489 1102 565 1156 qui
595 1100 711 1142 sorte
742 1116 881 1144 casus.
940 1103 1098 1158 Itaque
1128 1105 1296 1151 dubito,
1334 1119 1388 1146 an
1418 1106 1570 1146 Venu-

98 1157 207 1197 siam
238 1157 413 1197 tendam
442 1161 484 1197 et
514 1156 578 1197 ibi
608 1163 861 1212 exspectem
892 1158 946 1199 de
975 1159 1245 1212 legionibus:
1291 1160 1331 1200 si
1372 1162 1569 1209 aberunt,

99 1217 147 1252 ut
204 1212 383 1266 quidam
444 1212 730 1260 arbitrantur,
794 1213 1093 1268 Hydruntem,
1150 1215 1188 1255 si
1234 1219 1437 1256 neutrum
1485 1217 1571 1257 erit

97 1266 285 1319 ἀσφαλὲς,
323 1267 478 1308 eodem
518 1272 732 1310 revertar.
790 1267 940 1310 Iocari
978 1282 1046 1310 me
1086 1270 1239 1323 putas?
1297 1269 1484 1318 Moriar,
1531 1270 1570 1312 si

103 1444 144 1450 —
171 1426 344 1469 dicturus,
371 1432 599 1460 narraturus.
651 1445 698 1452 -
747 1427 795 1460 ad
817 1428 981 1462 Brutum.
1019 1426 1056 1461 S.
1085 1438 1143 1472 ep.
1170 1427 1250 1470 748,
1279 1429 1309 1462 1.
1358 1446 1404 1453 -
1454 1429 1515 1463 Sic
1540 1429 1572 1463 ei

96 1475 200 1518 prob.
229 1479 294 1515 est,
320 1484 358 1508 so
383 1474 493 1508 wahr
519 1474 608 1508 fand
634 1486 676 1508 er
701 1475 783 1509 Das.
836 1493 878 1500 —
929 1477 984 1509 tui
1016 1474 1159 1510 Deiner
1195 1475 1247 1508 als
1281 1475 1380 1509 eines
1415 1476 1570 1519 Onkels,

100 1521 166 1554 der
191 1521 272 1554 ihm
299 1533 382 1554 zum
409 1522 589 1555 Vorbilde
616 1522 753 1555 dienen
778 1525 912 1557 iniisse.
954 1541 994 1548 —
1038 1523 1206 1565 gratuler
1220 1523 1306 1568 „tibi
1337 1523 1382 1556 de
1416 1524 1456 1568 Q.
1491 1525 1570 1558 filio

100 1575 337 1602 commutato.
364 1587 409 1594 --
435 1580 564 1611 rogem
589 1580 659 1613 pro
687 1580 740 1603 eo.
775 1589 820 1595 —
853 1571 973 1612 etiam,
997 1582 1045 1604 zu
1069 1570 1184 1603 auem
1209 1570 1410 1604 Uberfluss.
1451 1590 1496 1597 --
1538 1572 1572 1605 si

100 1627 191 1659 qaue
218 1642 225 1649 .
254 1642 261 1649 .
289 1641 296 1649 .
317 1615 410 1656 fieri
435 1617 655 1658 ridebantur,
682 1628 796 1651 wenn
824 1629 864 1651 er
890 1618 1026 1652 friiher
1050 1628 1183 1665 wegen
1210 1618 1476 1666 Fliichtigkeit
1502 1618 1570 1652 der

100 1663 243 1711 lugenti
270 1675 316 1697 zu
342 1665 493 1710 wenige
526 1663 739 1711 Festigkeit
773 1665 812 1698 in
849 1665 976 1699 seinen
1008 1665 1259 1709 Handlungen
1295 1666 1407 1700 sollte
1441 1678 1571 1700 verra·

101 1713 192 1745 then
218 1711 350 1745 haben.
402 1712 521 1754 „Wie
547 1719 623 1746 zart
659 1724 695 1744 u.
732 1713 923 1747 schonend
953 1713 1028 1746 und
1057 1712 1289 1760 versichtig!
1341 1731 1383 1737 -—
1436 1715 1485 1747 ad
1512 1715 1570 1748 ill.

99 1760 172 1793 iud.
213 1758 404 1802 confirma,
446 1760 574 1794 seinen
619 1760 895 1803 Grunds'a'tzen,
941 1760 1227 1806 Gesinnungen,
1272 1760 1486 1809 Festigkeit
1523 1773 1572 1795 zu

99 1808 231 1854 geben.

194 1857 226 1892 3.
278 1855 392 1889 Bruto
420 1880 426 1887 .
452 1878 461 1889 .
489 1880 496 1887 .
524 1856 568 1888 de
595 1851 774 1900 0‘5107120,
809 1854 1038 1902 ungeachtet
1071 1853 1136 1888 ich
1161 1866 1283 1903 gegen
1309 1856 1443 1890 Brutus
1470 1856 1571 1891 efter

100 1903 163 1936 ein
186 1903 302 1937 VVort
329 1903 420 1935 iiber
453 1914 586 1936 unsere
618 1902 999 1951 gemeinschaftliche
1034 1901 1206 1937 Seefahrt
1237 1903 1354 1937 fallen
1385 1904 1484 1938 liess.
1533 1904 1568 1938 S.

101 1962 157 1996 ep.
185 1951 265 1991 748,
289 1952 323 1986 3.
351 1950 396 1983 de
422 1961 503 1984 meo
531 1962 602 1983 una
626 1963 712 1984 cum
739 1962 780 1985 eo
808 1950 1008 1998 navigandi
1033 1951 1241 1996 proposito.
1293 1970 1336 1977 —
1386 1952 1571 1995 arripere,

100 1999 182 2032 Asc.
209 1998 306 2033 Crat.
341 1997 524 2043 accipere,
561 1999 704 2034 Glosse.
745 1999 987 2046 ,‚ergreifen,
1023 1997 1322 2042 aufzunehmen,
1360 1999 1494 2033 darauf
1523 2011 1571 2033 zu

100 2046 232 2084 hiiren,
285 2064 326 2071 -
376 2058 579 2092 μετεωρ.,
615 2047 738 2080 animo
775 2046 1010 2092 suspensiore
1044 2052 1082 2079 et
1117 2046 1287 2080 molestia
1321 2047 1479 2091 quadam
1512 2047 1570 2080 di-

101 2095 245 2135 stricto,
273 2094 343 2128 mit
367 2094 494 2127 seinen
520 2094 726 2128 Gedanken
760 2094 950 2128 zwischen
976 2093 1145 2127 Himmel
1179 2094 1255 2127 und
1280 2094 1395 2137 Erde,
1428 2107 1475 2128 zu
1507 2094 1570 2128 ab·

101 2142 263 2176 wesend.
292 2162 334 2168 —
361 2142 403 2174 de
429 2142 534 2183 ludis,
561 2143 654 2176 iiber
677 2143 779 2176 seine
806 2142 945 2187 Spiele.
1002 2141 1039 2175 S.
1078 2140 1147 2174 den
1179 2141 1264 2175 Anf.
1300 2143 1391 2179 dies.
1426 2144 1489 2177 ΒΡ.
1526 2163 1568 2169 -

101 2191 198 2223 mult.
225 2189 305 2223 utit.
332 2190 449 2229 Brut„
476 2190 703 2224 mit‘Brutus
731 2192 786 2224 oft
811 2190 849 2222 in
871 2188 1128 2223 Gesellschaft
1152 2188 1212 2224 ist.
1240 2208 1283 2215 —
1323 2191 1474 2231 morari,
1500 2189 1571 2223 mit

103 2238 228 2271 seiner
253 2238 405 2271 Abx-eise
427 2238 576 2284 zbgere.
635 2258 678 2264 —
728 2249 799 2271 non
833 2238 965 2280 tergiv.
995 2264 1003 2272 .
1026 2262 1034 2269 .
1061 2247 1176 2278 casus,
1216 2236 1326 2272 nicht
1362 2238 1415 2271 als
1449 2238 1494 2272 ob
1527 2248 1570 2270 er

104 2284 184 2317 sich
211 2285 325 2318 davor
351 2286 524 2324 straubten
563 2285 727 2319 sondern
764 2296 828 2317 um
861 2297 909 2319 zu
945 2291 1152 2327 erwarten‚
1187 2285 1233 2318 ob
1265 2285 1346 2319 sich
1380 2286 1441 2318 das
1471 2286 1570 2318 Blatt

103 2331 210 2366 nicht
235 2332 355 2366 durch
383 2334 490 2366 einen
517 2333 646 2366 Zufall
672 2333 832 2367 wenden
856 2332 1021 2366 mb'chte.
1065 2348 1113 2357 -·
1156 2332 1295 2375 dubito,
1320 2333 1384 2366 bin
1410 2332 1474 2365 ich
1499 2343 1567 2364 un-

104 2379 302 2427 schliissig.
333 2398 372 2405 -
406 2380 578 2420 Venusia,
604 2381 793 2416 Horazens
820 2379 1041 2417 Vaterstadt.
1068 2398 1110 2404 —
1137 2390 1237 2425 exsp.
1261 2381 1304 2414 de
1330 2380 1467 2423 legion.
1493 2377 1569 2411 und

104 2427 188 2460 dort
227 2427 413 2469 abwarte‚
450 2428 496 2461 ob
535 2430 595 2462 die
638 2427 944 2462 Macedonischen
987 2427 1182 2475 Legionen
1220 2428 1444 2463 ankommen
1480 2426 1571 2460 oder

104 2473 233 2514 nicht3
259 2473 346 2507 dum
371 2475 516 2508 audiam
548 2476 832 2510 transiiciantne
857 2476 1028 2523 legiones
1060 2486 1080 2509 e
1105 2475 1278 2519 Graecia,
1318 2488 1376 2516 an,
1408 2480 1448 2507 ut
1484 2474 1568 2517 qui-

103 2523 187 2555 dam
214 2521 456 2563 arbitrantur,
489 2524 618 2557 nullae
653 2523 816 2557 veniant.
881 2523 1089 2557 Verebatur
1120 2524 1292 2564 maxime,
1327 2534 1386 2562 ne,
1422 2521 1453 2554 si
1486 2522 1568 2566 ipse

104 2570 306 2614 Hydrunte
331 2575 391 2602 aut
417 2571 613 2605 Brundisio
639 2570 875 2605 transiiceret
912 2571 951 2603 in
977 2570 1189 2613 Graeciam,
1227 2571 1411 2604 incideret
1447 2569 1487 2602 in
1514 2569 1569 2602 le-

105 2617 233 2664 giones
260 2617 525 2659 Macedonicas,
551 2630 638 2663 quas
665 2617 819 2652 Antonii
847 2618 947 2651 iussu
972 2619 1011 2651 in
1036 2618 1183 2652 Italiam
1209 2618 1412 2652 adventare
1439 2627 1570 2649 rumor

105 2665 354 2699 increbuerat.
395 2664 588 2700 MANUT.
639 2665 675 2699 S.
713 2676 772 2709 ep.
799 2667 878 2700 733.
905 2666 983 2700 750.
1034 2684 1080 2691 —
1130 2666 1282 2698 aberunt
1318 2678 1366 2695 z
1398 2675 1470 2697 non
1504 2664 1568 2697 ad-

105 2713 266 2747 venient.
319 2730 359 2737 -
411 2712 631 2756 Hydruntem
657 2713 817 2749 tendam,
845 2711 940 2746 unde
968 2714 1005 2746 in
1031 2713 1228 2746 Graeciam
1256 2711 1495 2746 transiiciam.
1525 2730 1565 2736 -

108 2761 227 2793 eodem
253 2764 432 2800 refertar,
465 2761 563 2795 unde
599 2762 705 2801 veni3
750 2760 931 2793 nimirum
964 2760 1150 2794 Puteolos.
1201 2761 1273 2794 Um
1307 2760 1367 2793 das
1393 2759 1568 2794 Weitere

1028 2809 1110 2854 12*
