1795 3086
190 26 286 73 278
470 27 536 70 M.
567 29 624 70 T.
656 24 996 69 CICERONIS
1027 24 1402 70 EPISTOLAE.

195 144 243 182 et
271 153 370 181 cum
401 141 579 181 senatus
601 138 870 179 auctoritate
891 137 1192 179 coniunxeris.
1252 138 1443 193 Seiunge
1462 140 1522 185 te,
1549 153 1681 194 quae-

195 210 264 248 so,
295 194 540 249 aliquando
571 195 626 234 ab
657 194 731 242 iis,
773 207 873 235 cum
912 195 1070 248 quibus
1110 197 1154 234 te
1183 207 1270 234 non
1300 198 1423 241 tuum
1452 194 1681 248 iudicium,

199 252 280 294 sed
320 255 569 303 temporum
608 249 760 289 vincla
801 250 1143 290 coniunxerunt.
1213 249 1476 304 Complures
1506 251 1552 290 in
1582 265 1681 305 per-

199 307 457 348 turbatione
489 305 557 344 rei
587 305 793 359 publicae
823 306 1028 345 consules
1049 305 1186 345 dicti:
1217 319 1405 359 quorum
1424 319 1551 346 nemo
1577 321 1679 347 con-

199 363 364 404 sularis
394 360 590 406 habitus,
629 359 717 401 nisi
747 360 826 414 qui
856 361 1002 400 animo
1041 360 1220 402 exstitit
1258 360 1305 401 in
1336 374 1429 401 rem
1458 362 1681 415 publicam

198 415 441 459 consulari.
500 416 659 457 Talem
688 416 829 470 igitur
868 418 911 455 te
943 429 1038 456 esse
1069 419 1260 471 oportet,
1305 416 1383 471 qui
1419 418 1610 472 primum
1639 421 1683 458 te

199 475 255 514 ab
284 471 523 525 impiorum
552 471 719 513 civium
762 472 827 512 tui
858 470 1264 513 dissimillimorum
1292 473 1506 513 societate
1536 472 1682 513 seiun-

200 542 303 582 gas:
335 527 498 568 deinde
528 532 572 568 te
601 528 775 568 senatui
806 528 1019 582 bonisque
1049 528 1249 569 omnibus
1281 532 1524 580 auctorem,
1561 529 1683 582 prin-

201 586 366 638 cipem,
398 583 556 624 ducem
586 584 821 637 praebeas:
852 589 1096 637 postremo,
1124 587 1174 625 ut
1202 597 1356 638 pacem
1387 598 1484 625 esse
1510 585 1683 624 iudices

198 654 290 681 non
319 640 365 679 in
396 640 533 680 armis
563 639 740 693 positis,
771 637 848 678 sed
881 639 928 679 in
958 640 1133 680 abiecto
1164 652 1387 680 armorum
1417 644 1463 682 et
1492 639 1682 682 servitu-

200 697 260 737 tis
289 698 422 736 metu.
481 695 609 735 Haec
639 694 677 734 si
707 697 752 735 et
782 706 885 747 ages
916 697 961 735 et
989 695 1169 746 senties,
1198 698 1292 735 tum
1321 697 1411 736 eris
1441 710 1527 737 non
1548 695 1683 736 modo

197 752 357 793 consul
387 754 432 791 et
463 750 727 803 consularis,
767 750 848 790 sed
877 764 1062 803 magnus
1093 751 1228 790 etiam
1259 752 1411 791 consul
1449 755 1496 792 et
1524 765 1681 792 consu-=

199 808 323 848 laris.
409 805 488 847 Sin
528 806 689 847 aliterz
744 809 837 847 tum
876 806 923 846 in
961 806 1065 847 istis
1105 806 1394 860 amplissimis
1433 807 1683 847 nominibus

200 863 421 904 honorum
465 876 554 903 non
584 861 717 902 modo
759 861 958 916 dignitas
997 862 1125 903 nulla
1155 862 1258 912 erit,
1288 862 1369 903 sed
1400 862 1488 902 erit
1516 876 1683 903 summa

199 919 476 960 deformitas.
545 918 672 958 Haec
717 918 935 971 impulsus
974 918 1285 959 benevolentia
1324 918 1487 972 scripsi
1531 918 1685 973 paullo

198 974 425 1016 severius:
456 987 570 1027 quae
599 977 648 1014 tu
678 973 724 1013 in
754 974 1029 1027 experiendo
1060 987 1112 1014 ea
1133 974 1321 1024 ratione,
1353 987 1464 1027 quae
1483 978 1528 1016 te
1550 974 1686 1029 digna

199 1034 282 1083 est,
310 1043 417 1071 vera
446 1042 544 1071 esse
573 1042 833 1083 cognosces,
892 1029 950 1069 D.
971 1042 1069 1069 xm.
1090 1028 1197 1071 Kal.
1228 1029 1422 1083 Apriles.

422 1199 742 1243 EPISTOLA
772 1199 978 1243 DCCCL
1035 1201 1111 1253 (ad
1141 1201 1248 1244 Div.
1281 1201 1345 1243 Χ.
1377 1199 1466 1251 27.)

369 1279 452 1313 Sor.
478 1280 618 1314 Romae
643 1292 771 1314 mense
796 1281 934 1315 Martio
959 1281 1004 1314 A.
1029 1281 1074 1315 U.
1103 1281 1144 1315 c,
1172 1283 1254 1316 711.
1294 1279 1345 1322 (a.
1374 1280 1416 1315 c.
1442 1283 1522 1323 43.)

202 1351 389 1395 Lepidum
424 1351 695 1396 reprehendit,
729 1352 828 1396 quod
861 1352 1019 1385 summis
1054 1351 1261 1385 honoribus
1297 1351 1341 1384 ab
1378 1357 1508 1384 senatu
1535 1359 1686 1386 ornatus

202 1400 344 1447 gratias
370 1411 444 1434 non
471 1400 610 1447 egerit,
648 1406 698 1444 et,
733 1412 781 1433 ne
815 1412 947 1445 pacem
984 1412 1069 1434 cum
1095 1400 1260 1434 Antonio
1291 1399 1498 1435 conciliare
1531 1401 1685 1442 nitatur,

767 1448 958 1482 admonet.
997 1451 1017 1483 1
1031 1467 1072 1472 —
1086 1450 1118 1483 2.

707 1520 886 1555 CICERO
923 1520 1100 1554 LEPIDO
1139 1519 1176 1554 S.

314 1587 448 1638 Quod
477 1587 591 1628 mihi
619 1601 702 1642 pro
731 1601 903 1628 summa
940 1600 1049 1642 erga
1083 1590 1127 1627 te
1167 1586 1475 1628 benevolentia
1503 1600 1686 1642 magnae

203 1657 337 1685 curae
368 1647 449 1691 est,
479 1647 527 1684 ut
556 1657 688 1701 quam
719 1643 995 1700 amplissima
1024 1642 1247 1697 dignitate
1277 1643 1355 1690 sis,
1383 1643 1571 1685 moleste
1599 1645 1683 1685 tuli

202 1829 365 1862 inneren
391 1828 604 1864 Charakter
625 1839 700 1863 von
725 1828 887 1864 Wiirde.
938 1827 1114 1876 Dignitas
1141 1827 1243 1862 enim
1270 1833 1327 1862 est
1351 1826 1516 1861 virtutis.
1559 1845 1599 1850 —
1640 1828 1686 1861 ab

201 1877 265 1920 εἷς,
292 1878 367 1911 Md.
394 1878 440 1911 ab
463 1877 528 1911 lais.
558 1897 601 1902 —

297 1927 331 1959 3.
357 1926 395 1958 in
418 1925 596 1970 perturb„
623 1924 727 1958 inter
752 1931 873 1959 motus
901 1924 1045 1959 civiles.
1083 1943 1124 1949 --
1162 1923 1379 1964 consularis,
1405 1923 1522 1957 homo
1549 1933 1682 1956 consu-

203 1973 277 2007 lari
301 1973 488 2020 dignitate
514 1973 720 2019 praeditus,
758 1975 822 2006 fiir
848 1974 958 2007 einen
984 1973 1201 2020 wiirdigen‚
1235 1972 1479 2006 wahrhaften
1505 1971 1683 2005 Consula-

205 2033 284 2056 ren.
335 2041 378 2045 —
429 2022 624 2055 consulari.
662 2034 707 2054 ex
733 2025 886 2065 antiqua
913 2028 1073 2055 correct.
1101 2021 1202 2055 Crat.
1228 2022 1323 2054 Man.
1353 2021 1457 2053 vict.
1484 2021 1516 2055 2.
1551 2018 1681 2052 Lamb.

204 2069 410 2103 consulares
435 2070 531 2103 Cett.
559 2082 644 2103 cum
672 2070 742 2103 Md.
772 2070 846 2104 ΟΕ.
876 2071 1042 2110 „animo5
1069 2080 1142 2112 quo
1169 2069 1277 2102 decet
1302 2067 1509 2102 consulem.
1545 2086 1588 2091 —
1622 2068 1683 2111 qui

205 2133 254 2149 Ξ
279 2124 341 2151 ut.
359 2142 388 2151 ..
415 2119 602 2160 seiungas,
629 2118 710 2151 dass
737 2119 796 2152 Du
821 2118 980 2152 Dich...
1008 2117 1228 2151 losreissest.
1248 2135 1295 2141 —
1310 2121 1345 2150 te
1364 2119 1479 2149 senat.
1500 2114 1563 2149 Sic
1583 2116 1680 2148 Man.

204 2166 303 2200 Vict.
328 2167 365 2201 2.
394 2166 519 2202 Lamb.
547 2171 581 2199 el
607 2166 703 2200 Ceu.
728 2179 814 2200 cum
840 2166 912 2199 Md.
941 2167 1015 2200 ΟΒ.
1044 2184 1092 2190 —-
1116 2175 1185 2198 uon
1208 2163 1323 2198 armis
1349 2189 1356 2196 .
1376 2189 1384 2197 .
1404 2189 1413 2197 .
1439 2167 1545 2204 metu,
1571 2162 1683 2197 nicht.

205 2214 328 2256 daria,
354 2214 499 2255 darauf,
526 2214 606 2248 dass
632 2226 718 2248 man
744 2215 805 2249 die
820 2212 978 2249 Waffen
1005 2213 1237 2260 nhzderhzge,
1262 2211 1422 2246 sondern
1443 2211 1556 2244 keine
1570 2211 1680 2246 VVas-

205 2264 269 2296 fen
295 2262 371 2296 und
396 2262 670 2296 Kneehtschaft
707 2263 817 2296 mehr
852 2274 900 2296 zu
924 2261 1104 2295 fiirchten
1130 2260 1239 2294 habe.
1286 2280 1329 2285 —
1379 2259 1446 2293 Sin
1471 2259 1596 2301 aliter,
1623 2270 1684 2292 wo

204 2310 295 2345 aber
318 2311 441 2344 nieht.
494 2330 537 2336 —-
584 2314 655 2344 inm
680 2311 730 2344 in.
766 2311 831 2345 Sic
857 2313 952 2344 Man.
978 2308 1079 2343 Vict.
1106 2311 1138 2344 2.
1173 2308 1298 2342 hamb.
1332 2312 1369 2342 tn
1396 2307 1433 2341 in
1458 2306 1530 2340 Md.
1558 2311 1621 2340 lua
1646 2306 1683 2340 in

206 2359 305 2393 Crat.
331 2359 427 2392 Vict.
455 2360 486 2394 2.
512 2358 650 2392 Graev.
676 2360 769 2392 Ern.
798 2359 936 2392 Bened.
970 2357 1058 2391 Sch.
1093 2358 1188 2391 Liin.
1229 2357 1302 2390 ΟΕ.
1353 2375 1395 2380 -—
1446 2355 1682 2398 deformitas,

205 2407 416 2452 turpitudo,
456 2407 680 2453 ignominia,
712 2406 1034 2452 Entwiirdigung.
1085 2424 1132 2430 —
1181 2416 1310 2446 sever„
1345 2416 1451 2437 zwar
1487 2410 1604 2437 etwas
1638 2415 1683 2436 zu

204 2456 345 2490 scharf.
376 2473 416 2477 —
445 2466 536 2499 quae
561 2461 699 2488 tamen.
727 2474 774 2479 --
797 2455 835 2488 in
861 2466 939 2498 exp.
967 2465 1009 2487 ea
1036 2458 1120 2495 rat„
1145 2464 1260 2488 wonn
1285 2453 1344 2487 Du
1369 2453 1434 2485 auf
1457 2451 1543 2485 dem
1554 2450 1681 2498 Wege

242 2529 250 2537 .
276 2529 284 2537 .
313 2504 422 2537 einen
450 2503 621 2536 Versuch
648 2503 766 2536 damit
791 2504 979 2536 anstellst.
1018 2501 1080 2536 Sic
1106 2504 1203 2536 Man.
1229 2501 1356 2534 hamb.
1385 2499 1523 2534 Bened.
1550 2499 1588 2532 in
1603 2510 1679 2541 exp>

205 2553 244 2584 in
269 2563 311 2584 ece
340 2563 371 2585 r.
399 2551 475 2585 Md.
501 2550 601 2586 Crat.
628 2552 725 2584 Viet.
756 2553 785 2584 1.
812 2552 845 2585 2.
875 2552 1014 2585 Graev.
1050 2550 1261 2593 experiendo
1291 2549 1329 2582 ιίι
1354 2560 1397 2581 ea
1424 2548 1562 2582 ratione
1587 2547 1667 2580 Ern

207 2599 294 2634 Sch.
322 2600 416 2632 Liin.
448 2600 522 2632 ΟΕ.
551 2619 592 2622 -
629 2611 718 2633 xut.
745 2599 830 2631 Ital.
859 2602 965 2643 Αριῑ,
992 2610 1052 2632 am
1078 2600 1135 2633 20.
1165 2600 1274 2631 max-z.

302 2647 503 2680 LEPIDO.
556 2650 600 2681 M.
629 2647 814 2681 Aemilius
839 2647 1020 2691 Lepidus,
1051 2646 1172 2679 durch
1199 2646 1314 2694 kluge
1341 2646 1561 2690 Benutzung
1588 2644 1683 2687 gun-

207 2696 326 2744 etiger
362 2696 565 2730 Umst'einde
599 2695 793 2744 gehoben,
828 2696 917 2729 fand
951 2695 1034 2729 sich
1066 2695 1105 2727 in
1138 2694 1263 2728 sciner
1297 2691 1578 2729 Gemiithsruhe
1613 2702 1680 2738 gar
