1795 3086
221 114 317 162 270
499 117 564 159 Μ.
595 116 651 159 Τ.
681 113 1028 160 CICERONIS
1056 114 1433 161 EPISTOLAE.

222 232 313 269 tem
344 227 509 280 resero,
538 227 621 270 sed
651 228 708 269 ad
738 227 1102 270 communitatem
1141 228 1262 271 vitae
1301 231 1435 285 atque
1461 230 1609 273 victus
1639 243 1705 273 re=

222 283 570 340 missionemque
600 284 862 332 animorum,
901 297 1016 339 quae
1044 284 1244 327 maxime
1270 299 1475 336 sermone
1505 287 1708 328 efficitur

222 340 464 392 familiari,
509 339 588 394 qui
617 343 685 382 est
713 340 761 381 in
790 340 1012 384 conviviis
1041 340 1354 395 dulcissimus,
1383 346 1434 384 ut
1461 343 1707 398 sapientius

223 396 382 450 nostri,
412 408 546 452 quam
577 396 769 447 Graeci,
807 396 884 438 illi
920 396 1122 447 συμπόσια
1161 401 1237 439 aut
1273 397 1499 451 σύνδειπνα,
1535 397 1583 439 id
1624 403 1708 451 est,

222 452 578 508 compotationes
622 456 700 494 aut
744 453 1141 506 concoenationes,
1187 467 1269 495 nos
1305 454 1540 507 convivia,
1586 455 1708 509 quod

221 512 317 549 tum
346 509 545 550 maxime
573 508 707 549 simul
737 507 924 551 vivitur.
981 508 1144 562 Vides,
1183 514 1235 551 ut
1269 513 1314 552 te
1343 509 1709 565 philosophando

222 577 440 607 revocare
480 577 621 606 coner
657 563 716 605 ad
755 564 948 606 coenas!
1005 564 1152 618 Cura,
1198 569 1249 607 ut
1287 567 1459 609 valeas:
1505 566 1555 607 id
1593 565 1708 607 soris

222 620 492 663 coenitando
522 620 744 662 facillime
774 633 1060 675 consequere.
1118 620 1209 662 Sed
1238 634 1362 673 cave,
1404 622 1445 664 si
1473 635 1546 664 me
1575 634 1710 669 amas,

222 676 475 724 existimes,
513 690 600 730 me,
640 676 764 731 quod
801 676 1001 718 iocosius
1039 676 1249 729 scribam,
1297 678 1518 720 abiecisse
1556 691 1710 719 curam

225 732 295 774 rei
324 733 547 788 publicae.
606 731 686 773 Sic
715 733 814 780 tibi,
850 733 914 773 mi
951 732 1110 785 Paete,
1148 734 1385 788 persuade,
1424 747 1496 776 me
1537 733 1636 775 dies
1664 737 1711 775 et

221 792 378 831 noctes
407 788 526 830 nihil
557 788 681 831 aliud
714 801 860 844 agere,
900 787 1018 829 nihil
1050 801 1225 836 curare,
1262 788 1351 831 nisi
1389 794 1438 831 ut
1465 790 1556 830 mei
1586 790 1709 833 cives

221 845 341 888 salvi
388 845 611 899 liberique
658 844 763 887 sint.
838 843 1028 887 Nullum
1076 845 1227 886 locum
1265 846 1576 900 praetermitto
1615 858 1709 886 mo-

223 900 374 948 nendi,
403 901 585 957 agendi,
615 900 911 956 providendis
955 899 1045 942 hoc
1084 901 1281 956 denique
1315 900 1466 943 animo
1495 914 1610 947 sum,
1646 905 1710 951 u't,

223 959 265 1000 si
292 958 340 998 in
369 956 455 999 hac
485 971 594 998 cura
634 961 768 1012 atque
806 956 1197 999 administratione
1235 957 1334 999 vita
1361 956 1477 998 mihi
1505 956 1712 1012 ponenda

222 1015 299 1111 siti
336 1014 571 1069 praeclare
609 1018 757 1056 actum
795 1026 969 1055 mecum
1008 1017 1171 1068 putem.
1229 1013 1383 1056 Etiam
1411 1016 1548 1068 atque
1576 1013 1713 1055 etiam

223 1082 278 1114 va
300 1082 338 1110 e.

403 1239 724 1285 EPISTOLA
755 1239 1084 1284 DCCXCVII.
1144 1241 1223 1294 (ad
1253 1241 1360 1283 Div.
1392 1239 1454 1282 X.
1484 1240 1545 1289 5.)

354 1317 438 1353 Sor.
464 1316 603 1353 Romae
629 1328 758 1351 mense
784 1315 990 1351 Februario
1016 1316 1060 1352 Α.
1085 1315 1132 1350 U.
1158 1317 1202 1352 C.
1235 1318 1314 1352 711.
1367 1315 1415 1356 (a.
1442 1316 1483 1351 C.
1510 1316 1586 1357 43.)

225 1388 356 1423 Denuo
381 1386 564 1421 Plancum
589 1384 635 1419 ad
661 1383 941 1430 suscipiendam
966 1383 1216 1428 tuendamque
1242 1393 1326 1417 rem
1343 1382 1536 1429 publicam
1561 1382 1713 1433 gloriae

710 1433 879 1468 stimulis
908 1432 1078 1478 instigat.
1110 1433 1230 1468 1—3.

734 1499 916 1536 CICERO
950 1499 1143 1535 PLANCO
1177 1497 1215 1532 S.

337 1569 473 1612 Binas
502 1581 530 1610 a
558 1572 604 1611 te
631 1568 788 1623 accepi
811 1568 966 1610 literas
987 1567 1146 1610 eodem
1166 1566 1398 1622 exemploe
1428 1566 1548 1623 quod
1570 1567 1715 1623 ipsum

227 1750 327 1786 bloss
352 1750 416 1785 das
442 1750 676 1798 Vergniigen
700 1747 754 1781 im
772 1750 892 1796 Auge.
914 1768 957 1774 —
983 1758 1114 1782 comm.
1139 1746 1238 1781 vitae
1262 1751 1372 1793 atque
1398 1748 1529 1790 victur,
1556 1746 1620 1782 das
1646 1759 1714 1796 ge-

225 1798 562 1835 meinschaftliche
599 1796 942 1832 zusammenleben
975 1795 1054 1829 und
1079 1795 1298 1830 Geniessen.
1350 1813 1399 1822 —
1447 1795 1713 1837 remissionem,

226 1847 444 1897 Erholung.
495 1846 584 1882 Bild
609 1857 699 1880 vom
725 1846 951 1891 Abspannen
977 1844 1041 1878 des
1066 1844 1225 1889 Bogens.
1277 1842 1316 1878 S.
1334 1843 1496 1878 Phaedr.
1516 1844 1587 1886 ΙΙΙ,
1603 1845 1637 1886 4,
1658 1847 1711 1880 1⁰.

227 1917 272 1923 —-
299 1899 337 1930 ut
358 1906 438 1941 sap.
464 1906 498 1929 n.
524 1907 558 1940 q.
588 1894 734 1937 Graeci,
766 1905 845 1929 was
877 1892 974 1927 auch
1008 1892 1070 1926 die
1096 1892 1237 1927 Rb‘mer
1265 1890 1542 1938 sachgem‘asser
1574 1892 1629 1927 als
1654 1893 1715 1927 die

227 1943 435 1987 Griechen,
460 1943 708 1980 bezeichnen.
744 1961 787 1967 -—
837 1941 897 1976 illi
921 1941 1121 1977 nominant
1154 1936 1416 1985 συμπόσια,
1442 1939 1714 1990 Trinkgelage.

228 2011 273 2018 —-
307 1989 602 2036 σύνδειπνα,
635 1990 855 2040 Essgelage.
894 2009 937 2015 —
989 1989 1299 2023 concoenationes.
1348 1989 1452 2023 Haec
1486 1988 1528 2023 id
1551 1992 1606 2023 est
1633 2015 1641 2023 .
1666 2018 1676 2027 .
1703 2015 1714 2025 .

227 2042 524 2076 concoenationes
549 2040 596 2075 de
621 2038 845 2075 Ruhnkenii
871 2050 971 2085 susp.
997 2037 1044 2072 ad
1073 2037 1208 2073 Vellei.
1235 2038 1318 2073 Pat.
1343 2048 1381 2083 p.
1410 2037 1490 2072 144.
1516 2035 1592 2070 del.
1622 2037 1714 2073 Seh.

229 2089 324 2124 Liin.
350 2089 534 2134 probante
560 2088 772 2125 Wundero.
824 2086 899 2122 Sed
924 2086 1012 2122 vide
1037 2085 1231 2122 Wunderi
1257 2086 1460 2120 Censorem
1486 2084 1716 2120 Heidelber-
1772 2097 1774 2100 ’

229 2148 383 2192 gensem
412 2139 514 2174 1828.
542 2149 630 2184 pag.
658 2138 728 2173 483
752 2136 856 2170 hunc
881 2135 1010 2170 locum
1036 2134 1128 2168 scite
1153 2133 1431 2168 defendentem.
1457 2132 1532 2167 ΟΒ.
1560 2153 1604 2160 —-
1631 2144 1717 2168 cou-

227 2185 342 2229 vwia,
366 2185 663 2234 Lebensgelage.
691 2203 738 2211 —
762 2184 915 2227 vivitur,
939 2183 1004 2219 das
1028 2182 1156 2217 Leben
1181 2193 1364 2228 genossen
1389 2180 1502 2216 wird.
1530 2199 1572 2206 --
1594 2182 1717 2226 sori8‚
1772 2201 1774 2207 ι

228 2245 358 2269 ausser
382 2234 470 2268 dem
495 2234 631 2268 Hause.

323 2283 358 2318 4.
398 2281 584 2324 abiecisse,
622 2280 734 2324 „dass
759 2279 823 2314 ich
849 2278 956 2315 mich
981 2278 1049 2313 der
1074 2278 1196 2328 Sorge
1220 2279 1284 2313 fiir
1309 2277 1373 2312 das
1397 2276 1606 2312 Vaterland
1633 2283 1716 2313 ent-

227 2329 414 2387 schlagen
439 2329 586 2365 hattef‘
635 2330 709 2365 Das
733 2329 846 2364 sollst
869 2329 944 2370 Du,
977 2327 1065 2362 will
1100 2338 1144 2361 er
1179 2325 1304 2361 durch
1330 2325 1570 2372 Vorhaltung
1593 2326 1716 2360 seines

228 2377 415 2424 Beispiels
439 2377 522 2413 ihm
545 2389 675 2427 sagen,
709 2377 806 2412 auch
841 2375 951 2411 nicht
983 2375 1046 2409 bei
1072 2375 1220 2410 Deinen
1244 2374 1611 2422 Frendengeniissen
1645 2375 1718 2409 Dir

229 2440 277 2461 zu
302 2425 501 2462 schulden
526 2425 707 2461 kommen
732 2426 878 2467 lassen3
908 2422 1105 2458 vielmehr
1136 2423 1249 2458 sollst
1273 2424 1332 2458 Du
1358 2423 1418 2457 bei
1443 2422 1518 2456 den
1543 2422 1716 2471 Gelagen

229 2475 351 2510 Deine
375 2475 444 2510 Mit
472 2477 549 2510 'xiste
582 2476 648 2509 fiir
672 2474 735 2507 das
775 2474 886 2508 Beste
921 2472 988 2507 der
1019 2471 1212 2518 Republik
1239 2474 1452 2507 erw'airmen
1485 2470 1563 2504 und
1587 2470 1717 2519 begei-

229 2530 346 2559 stern.
373 2542 421 2549 ——
462 2534 576 2566 ocum,
602 2521 876 2570 Gelegenheit.
903 2540 949 2546 --
977 2532 1080 2565 cura,
1108 2522 1238 2568 Margo
1264 2521 1367 2555 Crat.
1392 2529 1514 2553 causa.
1543 2537 1584 2544 —
1622 2520 1685 2554 si.
1707 2546 1715 2552 .

228 2573 304 2607 vita
327 2570 420 2606 mihi
441 2572 610 2616 ponenda
634 2572 695 2613 sit,
721 2581 838 2604 wenn
862 2569 926 2604 ich
952 2570 1013 2604 bei
1039 2599 1047 2607 ,
1065 2593 1072 2603 .
1092 2595 1102 2603 .
1129 2570 1231 2603 mein
1257 2568 1387 2602 Leben
1413 2568 1536 2602 lassen
1562 2569 1713 2602 miisste.

230 2638 277 2646 —-
299 2621 442 2667 praecl.
469 2625 593 2655 actum
618 2629 770 2662 mecum,
797 2630 837 2653 es
863 2618 916 2654 sei
941 2617 1049 2653 wohl
1075 2618 1147 2654 mit
1172 2617 1251 2652 mir
1274 2616 1428 2666 gethan.

326 2694 544 2730 PLANCO.
594 2692 631 2727 S.
660 2705 707 2728 zu
733 2704 791 2738 ep.
819 2693 891 2728 792
916 2692 969 2726 im
995 2692 1084 2726 Anf.

327 2745 360 2778 1.
389 2744 512 2777 eodem
537 2743 711 2787 exemplo,
741 2741 1034 2784 „vollkommen
1060 2737 1404 2789 gleichlautend;“
1436 2736 1568 2779 damit,
1601 2746 1716 2770 wenn

232 2791 293 2826 die
320 2791 406 2827 eine
432 2791 631 2827 Abschrift
657 2788 956 2838 verungliickte,
989 2788 1052 2823 die
1077 2788 1218 2824 andere
1243 2786 1341 2823 doch
1366 2798 1411 2820 an
1438 2785 1506 2820 Ort
1531 2783 1716 2841 u.¹Stelle
