1795 3086
192 72 277 119 190
462 72 523 113 M.
556 72 611 113 Τ.
643 68 982 111 CICERONIS
1012 69 1379 112 EPISTOLAE.

365 180 677 226 EPISTOLA
708 180 932 222 DCCLV.
997 182 1071 232 (ad
1102 183 1193 225 Λα.
1226 182 1359 224 XVI.
1409 185 1470 233 3.)

327 258 405 291 scr.
435 257 473 288 in
500 255 723 301 Pompeiano
749 255 802 289 1‹1.
831 255 956 298 Quint.
982 256 1023 289 A.
1049 256 1092 290 U.
1121 256 1161 290 e.
1187 258 1266 291 710.
1298 258 1343 298 (a.
1371 256 1409 291 c.
1437 258 1514 299 44.)

184 325 369 361 Rescribit
382 324 497 357 Attici
524 323 647 357 literis
675 329 724 363 et,
751 335 843 368 quae
870 335 907 357 se
936 325 974 356 in
1000 324 1162 358 discessu
1187 325 1251 358 vel
1277 331 1451 358 moveant
1477 325 1540 359 vel
1567 336 1653 359 con·

665 372 848 414 solentur,
875 373 1040 417 exponit.
1073 375 1174 409 1-6.

690 457 867 492 CICERO
895 458 1076 493 ATTICO
1102 459 1138 494 S.

289 525 362 566 Tu
392 538 494 566 vero
524 525 762 579 sapienter.
821 525 951 566 Nunc
988 526 1160 567 demum
1201 528 1316 568 enim
1359 529 1557 568 rescribo
1596 527 1653 566 iis

180 584 340 627 literis,
369 594 475 635 quas
504 581 619 621 mihi
649 580 830 625 misisti,
863 589 1081 623 convento
1112 584 1305 623 Antonio
1336 583 1515 625 Tiburi.
1575 582 1653 623 Sa-

180 637 353 692 pienter
381 637 531 691 igitur,
569 637 688 690 quod
727 649 879 677 manus
919 637 1086 678 dedisti
1116 639 1322 693 quodque
1362 641 1496 680 etiam
1537 638 1653 678 ultro

179 695 347 749 gratias
378 694 523 745 egisti.
583 693 718 733 Certe
748 692 880 737 enim,
918 698 967 732 ut
996 693 1173 739 scribis,
1213 695 1469 735 deseremur
1507 695 1653 748 potius

179 765 205 791 a
235 764 281 790 rc
313 749 491 803 publica
520 760 651 801 quam
683 760 707 787 a
737 761 784 787 re
815 747 1045 788 familiari.
1106 748 1238 798 Quod
1279 764 1385 790 vero
1417 751 1578 789 scribis
1609 753 1652 787 te

178 804 319 859 magis
350 808 392 846 et
422 803 564 856 magis
593 803 826 849 delectari,
856 803 897 844 O
927 804 1086 845 TlTE
1117 804 1172 844 SI
1203 805 1361 853 QUID
1393 805 1547 845 EGO:
1580 817 1652 842 au-

180 875 257 915 ges
286 860 396 900 mihi
428 859 654 900 scribendi
685 859 975 900 alacritatem.
1036 859 1169 908 Quod
1209 861 1392 900 Erotem
1432 873 1518 900 non
1559 858 1654 898 sine

178 916 435 958 munusculo
475 921 737 968 exspectare
777 914 908 964 dicis,
949 915 1121 968 gaudeo
1166 929 1254 955 non
1295 915 1517 956 fefellisse
1558 928 1654 954 eam

178 987 268 1014 rem
298 972 552 1027 opinionem
581 975 722 1011 tuam:
773 970 852 1010 sed
893 974 1038 1011 tamen
1077 970 1195 1010 idem
1236 968 1440 1019 σύνταγμα
1469 970 1568 1010 misi
1597 969 1653 1009 ad

178 1033 221 1071 te
249 1028 550 1072 retractatius,
587 1031 633 1066 et
670 1025 848 1079 quidem
889 1025 1113 1074 ἀρχέτυπον
1151 1027 1294 1079 ipsum
1332 1026 1501 1066 crebris
1542 1025 1652 1065 locis

178 1085 450 1126 inculcatum
490 1087 534 1122 et
573 1080 803 1122 refectum.
882 1080 1015 1120 Hune
1060 1085 1107 1121 tu
1147 1082 1360 1122 tralatum
1396 1081 1442 1121 in
1483 1094 1652 1120 macro-

178 1141 345 1182 collum
375 1139 472 1191 lege
502 1149 664 1176 arcano
694 1135 897 1177 convivis
928 1136 1041 1176 tuisx
1090 1135 1184 1181 sed,
1222 1137 1262 1175 si
1305 1149 1374 1176 me
1415 1149 1548 1182 amas,
1587 1134 1653 1174 hi-

272 1260 304 1292 1.
355 1255 542 1300 sapienter
569 1256 693 1303 egisti.
746 1274 788 1279 —
839 1255 887 1288 iis
913 1257 1050 1289 Manut.
1080 1254 1207 1288 Lamb.
1236 1253 1291 1288 his
1317 1254 1412 1289 cett.
1461 1254 1653 1288 ORELLI.

179 1325 220 1333 -
247 1317 344 1339 conv.
373 1306 461 1338 Ant.
497 1304 639 1345 Tiburi,
685 1303 780 1336 nach
815 1303 961 1337 Deincr
992 1302 1334 1336 Zusammenkunft
1368 1302 1438 1336 mit
1469 1302 1653 1335 Antonius

176 1355 216 1388 in
241 1353 362 1387 Tibur
385 1352 492 1393 (ietzt
519 1351 685 1393 Tivoli);
724 1352 762 1384 in
798 1350 997 1384 Tiburtino
1033 1350 1179 1384 Metelli
1211 1350 1407 1395 Scipionis.
1457 1350 1538 1382 Vid.
1564 1350 1652 1383 Phi-

176 1403 272 1447 lipp.
299 1401 350 1441 11,
375 1401 431 1435 42.
459 1398 503 1440 V,
531 1401 551 1434 7
580 1405 615 1432 et
642 1410 698 1444 ep.
726 1398 764 1431 h.
794 1398 848 1432 ed.
876 1400 956 1438 763,
986 1401 1014 1433 1.
1063 1417 1106 1423 —
1149 1398 1343 1441 Sapienter
1368 1396 1488 1440 igitur
1513 1411 1562 1429 z:
1587 1409 1653 1444 sag

177 1451 252 1483 ich.
302 1446 548 1493 Epanalepsis
580 1446 676 1480 nach
712 1447 780 1480 der
812 1445 1038 1480 Parenthese
1070 1457 1143 1480 von
1182 1446 1285 1479 Nunc
1318 1471 1325 1479 .
1355 1472 1362 1480 .
1392 1471 1399 1478 .
1428 1445 1566 1478 Tiburi.
1607 1463 1649 1469 ——

177 1498 271 1543 quod
294 1506 419 1530 manus
441 1495 588 1533 dedisti,
614 1494 694 1528 dass
719 1496 778 1529 Du
803 1493 903 1528 Dich
928 1495 1081 1541 fiigtest.
1131 1493 1206 1526 Ein
1243 1504 1318 1527 von
1356 1493 1427 1526 den
1463 1492 1652 1526 Fechtern

179 1545 399 1579 entlehnter
423 1542 634 1576 Ausdruck.
671 1560 717 1566 —-
752 1542 900 1584 gratias
925 1542 1037 1583 egisti
1059 1541 1104 1574 (le
1130 1552 1171 1574 re
1195 1541 1402 1575 Buthrotia.
1453 1558 1494 1565 —-
1547 1540 1652 1574 Certe

179 1595 273 1627 enim
313 1618 320 1625 .
347 1617 355 1626 .
384 1618 391 1625 .
441 1602 463 1624 α
497 1601 538 1623 re
573 1590 788 1631 familiari,
843 1589 970 1632 „denn
1007 1589 1134 1623 sicher
1165 1589 1317 1623 werden
1354 1589 1441 1630 wir,
1482 1587 1557 1621 wie
1592 1589 1651 1622 Du

178 1640 379 1681 schreibst‚
420 1650 490 1671 uns
516 1638 610 1673 eher
642 1648 729 1672 vom
762 1637 887 1671 Staate
923 1638 978 1670 als
1012 1648 1084 1671 von
1116 1648 1290 1671 unserem
1324 1637 1535 1679 Vermiigen
1567 1647 1651 1670 vcr-

177 1691 302 1724 lassen
335 1687 495 1729 seben,“
540 1687 575 1720 d.
610 1686 634 1720 i.
680 1685 801 1719 durch
837 1684 1075 1726 Geschenke,
1111 1684 1231 1718 durch
1262 1684 1425 1726 Verlust,
1459 1684 1529 1717 den
1565 1695 1650 1717 man

177 1737 260 1772 sich
295 1735 465 1783 gefallen
507 1734 607 1776 l'a‘sst,
649 1733 798 1767 kommt
836 1744 923 1766 man
962 1732 1135 1780 heutiges
1177 1732 1298 1776 Tages
1335 1732 1411 1766 viel
1448 1731 1540 1765 eher
1565 1743 1651 1765 zum

178 1785 356 1825 Zwecke,
382 1783 437 1817 als
463 1781 587 1816 durch
613 1780 827 1816 recbtliche
851 1780 1077 1826 Anspriiche
1102 1779 1178 1813 und
1203 1778 1324 1813 durch
1350 1779 1651 1823 Unterstiitzung·

177 1843 249 1866 von
274 1832 541 1874 staatswegen.
590 1831 698 1865 Denn
730 1840 766 1862 es
806 1829 887 1877 gibt
920 1828 1061 1863 keinen
1095 1827 1210 1868 stam,
1247 1827 1337 1861 kein
1363 1826 1539 1861 Ansehen
1582 1818 1652 1860 dei·

176 1879 375 1915 Bebiirden
401 1879 476 1911 und
502 1879 610 1911 ihrer
635 1879 795 1912 Decrete
821 1877 932 1910 mehr
957 1889 1003 1909 zu
1030 1888 1205 1911 unserem
1231 1875 1417 1918 schum-23
1442 1874 1537 1909 Was
1565 1886 1650 1907 man

177 1929 362 1975 erlangen
386 1927 485 1970 will,
520 1938 621 1960 muss
649 1937 736 1959 man
761 1925 883 1958 durch
909 1925 1073 1972 Fiigung
1106 1924 1145 1957 in
1171 1924 1242 1958 den
1266 1923 1418 1957 vvillen
1445 1921 1508 1956 des
1535 1923 1650 1956 Anto-

178 1977 261 2009 nius
288 1975 361 2008 und
386 1974 506 2008 durch
532 1975 796 2020 Aufopferung
826 1973 927 2006 eines
953 1972 1087 2007 Theils
1113 1971 1232 2006 seines
1255 1971 1487 2014 Verm'ogens
1524 1971 1648 2004 erlan-

177 2034 264 2071 gen.
313 2022 524 2056 Wirklich
552 2033 650 2056 muss
676 2020 827 2055 Attikus
855 2021 920 2054 auf
942 2021 1043 2054 diese
1068 2020 1138 2053 Art
1162 2020 1224 2052 die
1249 2017 1513 2052 Buthrotische
1527 2017 1649 2051 Sache

177 2069 379 2119 gliicklich
411 2082 537 2118 genug
579 2069 758 2114 beendigt
790 2068 920 2106 haben,
953 2069 997 2102 da
1033 2067 1148 2101 deren
1181 2066 1318 2101 weiter
1347 2065 1455 2099 nicht
1487 2065 1651 2113 gedacht

176 2118 289 2154 wird.
339 2119 449 2152 Auch
479 2124 561 2166 sagt
598 2118 733 2152 cicero
768 2127 825 2161 ep.
853 2118 930 2152 751.
968 2127 1055 2149 vom
1081 2115 1235 2148 Plancus
1274 2113 1348 2146 und
1384 2112 1513 2158 Capito
1547 2124 1648 2157 quum

177 2173 239 2202 tua
262 2177 373 2200 causa
390 2168 558 2209 fecerint
583 2165 701 2198 omnia
726 2170 795 2199 cet.
846 2180 889 2188 -
938 2163 1117 2196 delectari
1144 2162 1173 2195 O
1200 2161 1316 2195 TITE
1350 2160 1372 2192 i.
1408 2171 1438 2194 e.
1481 2160 1579 2194 libro
1604 2160 1648 2194 de

177 2215 390 2252 Senectute,
418 2214 521 2247 cuius
547 2213 699 2247 initium
725 2218 778 2246 est
803 2211 847 2244 ab
872 2210 942 2244 hoc
967 2210 1168 2244 versiculo.
1195 2208 1423 2244 ERNESTI.
1452 2226 1493 2233 -
1521 2219 1649 2250 anges,

176 2269 330 2309 spornst
355 2263 425 2296 Du.
476 2261 581 2294 addis
606 2262 744 2294 Manut.
767 2259 863 2294 Vict.
891 2260 922 2294 2.
948 2259 1027 2295 Bos.
1064 2257 1105 2290 in
1129 2256 1199 2291 Ed.
1227 2256 1339 2300 Seqq.
1388 2274 1432 2280 —
1481 2266 1549 2289 non
1574 2256 1650 2289 sine

177 2311 398 2352 munusculo,
439 2308 547 2343 nicht
579 2309 677 2342 ohne
713 2308 774 2341 ein
800 2306 946 2339 kleines
973 2304 1162 2350 gelehrtes
1189 2303 1405 2338 Geschenk.
1455 2321 1501 2328 -—
1551 2314 1646 2347 exsp.

178 2359 282 2393 dicis.
331 2357 482 2392 Attikus
508 2357 610 2390 haue
637 2353 806 2389 n'zimlich
840 2353 912 2387 den
937 2354 1055 2394 Brief,
1088 2353 1238 2387 worauf
1268 2352 1402 2385 Cicero
1437 2351 1530 2385 ietzt
1568 2358 1647 2385 ant-

178 2412 331 2448 wortet‚
357 2405 495 2439 friiher
520 2403 781 2452 geschrieben‚
807 2401 862 2434 als
888 2413 931 2435 er
963 2401 1036 2435 den
1060 2402 1140 2435 751.
1167 2400 1274 2433 Brief
1300 2399 1371 2432 mit
1404 2398 1488 2432 dem
1519 2399 1647 2432 Buche

179 2455 223 2488 de
246 2454 375 2497 gloria
402 2452 553 2486 erhielt.
602 2469 649 2476 -—
698 2446 959 2494 σύνταγμα,
992 2460 1099 2494 opus,
1135 2447 1274 2480 librum
1300 2446 1345 2480 de
1372 2446 1514 2487 Gloria,
1540 2447 1646 2480 cuius

177 2509 286 2537 antea
310 2500 566 2547 apographum
589 2498 752 2538 miserat,
777 2508 878 2530 nunc
905 2498 1027 2542 ipsum
1051 2492 1249 2541 ἀρχέτυπον
1274 2494 1393 2528 mittit
1418 2494 1523 2528 novis
1543 2495 1644 2527 curis

178 2556 434 2585 retractatum.
455 2548 562 2582 SCH.
613 2546 732 2589 „sehr
755 2544 1034 2588 umgearbeitet.
1084 2561 1126 2567 —
1181 2539 1341 2588 ἇρχέτ.,
1374 2542 1436 2576 das
1470 2542 1644 2586 Concept.

178 2616 222 2623 —
248 2598 394 2640 incu'lc„
437 2596 506 2630 mit
542 2595 666 2629 vielen
701 2592 1006 2627 Einschiebseln.
1057 2609 1099 2615 —
1149 2592 1338 2633 refectum,
1380 2589 1644 2637 ausgebessert.

177 2645 304 2691 Trope
329 2656 415 2680 vom
443 2643 624 2678 Hausbau.
653 2659 695 2666 —
724 2641 810 2675 tral.
834 2641 872 2673 in
893 2640 1159 2681 macrocollum,
1184 2651 1296 2674 wann
1313 2640 1371 2672 Du
1397 2649 1435 2671 es
1467 2637 1550 2671 hast
1574 2637 1642 2669 in's

177 2694 294 2728 Reine
320 2693 518 2728 schreiben
542 2692 676 2726 lassen.
703 2688 741 2722 S.
774 2699 832 2733 ep.
860 2689 940 2724 618.
963 2707 1005 2713 -
1032 2698 1180 2727 arcana,
1205 2687 1283 2734 vgl.
1310 2698 1368 2731 ep.
1396 2685 1475 2726 715,
1501 2686 1543 2719 6:
1573 2684 1643 2717 Cu-

176 2742 310 2775 studies
334 2748 402 2776 cet.
455 2758 499 2767 -—
548 2738 685 2773 hilaris
710 2741 742 2770 et
767 2763 775 2771 .
802 2762 810 2769 .
839 2741 975 2782 accept.
1013 2735 1088 2770 und
1122 2742 1189 2782 gut
1214 2733 1419 2770 bewirthet
1449 2738 1493 2767 st.
1521 2731 1643 2766 durch
