1795 3086
231 116 296 170 84
348 133 355 135 ’
509 115 572 159 Μ.
604 119 659 160 Τ.
692 114 1032 159 CICERONIS
1064 113 1436 158 EPISTOLAE.

169 240 195 278 2
233 228 427 269 mesticis
456 228 485 279 †
517 229 613 268 eius
642 228 869 269 hactenus.
930 227 1001 268 De
1023 227 1213 282 publicis
1240 227 1388 268 omnia
1416 224 1527 267 mihi
1559 229 1706 268 certa:

231 285 339 339 quid
382 284 618 331 Octavius,
665 285 774 338 quid
817 284 1059 331 Antonius;
1107 296 1219 337 quae
1263 283 1489 323 hominum
1529 283 1706 336 opinio3

232 340 340 394 quid
385 338 580 379 futurum
620 343 759 394 putes.
836 340 935 393 Ego
976 340 1056 379 vix
1096 343 1273 389 teneor,
1321 338 1429 392 quin
1466 351 1706 378 accurram.
1778 378 1780 394 ‚

235 395 323 437 Sed
355 398 416 435 st!
449 394 604 435 literas
634 399 730 436 tuas
760 398 999 448 exspecto:
1043 397 1086 434 et
1107 395 1219 434 scito
1242 394 1429 434 Balbum
1451 396 1544 433 tum
1572 392 1710 434 fuisse
1777 399 1780 413 ⁵

233 451 419 504 Aquini,
450 463 580 503 quum
609 451 688 491 tibi
711 457 777 492 est
798 450 991 493 dictum,
1022 454 1065 490 et
1085 449 1305 503 postridie
1324 449 1535 489 Hirtium.
1592 449 1710 490 Puto

234 509 466 559 utrumque
495 505 552 546 ad
581 519 727 560 aquas
797 505 887 546 Sed
926 504 1034 558 quid
1071 506 1255 559 egerint.
1288 537 1298 547 .
1330 536 1339 546 .
1371 536 1379 545 .
1447 503 1709 545 Dolabellae
1772 535 1773 538 η

234 564 545 615 procuratores
575 560 648 602 sac
678 566 726 602 ut
756 561 1090 602 admoneantur.
1163 560 1418 615 Appellabis
1457 559 1591 600 etiam
1621 560 1709 600 Pa-
1773 579 1774 582 ¹

234 616 368 670 piam.
426 616 556 657 Vale.

429 790 743 832 EPISTOLA
782 789 991 832 DCClV.
1051 789 1126 841 (ad
1156 789 1246 830 Att.
1276 789 1405 830 XIV.
1437 788 1522 837 20.)

236 865 313 898 Ser.
344 864 379 897 in
415 865 665 911 Neapolitano
700 865 845 899 Luculli
871 865 912 898 V.
939 864 991 897 Id.
1028 865 1119 899 Mai.
1146 865 1188 901 A.
1217 865 1261 898 U.
1290 865 1329 897 C.
1356 865 1438 898 710.
1490 866 1540 904 (a.
1572 864 1613 899 C.
1641 861 1715 904 44»)

547 932 681 966 Tribus
717 932 834 966 Attici
869 932 1037 978 epistolis
1070 932 1286 978 respondet.
1322 932 1406 966 1-5.

747 999 925 1035 CICERO
961 998 1138 1034 ATTICO
1176 999 1210 1033 S.

350 1069 389 1109 E
428 1067 698 1121 Pompeiano
738 1067 840 1108 navi
881 1066 1090 1106 advectus
1133 1079 1228 1107 sum
1272 1066 1319 1106 in
1358 1065 1536 1106 Luculli
1574 1065 1718 1106 nostri

241 1124 486 1178 hospitium
515 1137 572 1164 vi.
603 1123 733 1174 Idus,
764 1122 873 1163 hora
903 1121 995 1161 fere
1024 1134 1111 1169 111.;
1152 1135 1353 1175 egressus
1392 1126 1536 1162 autem
1566 1134 1589 1160 e
1617 1120 1718 1161 navi

240 1179 392 1233 accepi
432 1183 529 1220 tuas
572 1179 751 1229 literas,
795 1189 904 1231 quas
944 1180 1043 1216 tuus
1081 1177 1344 1218 tabellarius
1384 1177 1431 1217 in
1472 1176 1718 1216 Cumanum

240 1235 445 1275 attulisse
475 1234 731 1285 dicebatur,
761 1232 906 1274 Nonis
937 1230 1046 1273 Mai.
1079 1232 1219 1273 (latas.
1274 1232 1314 1272 A
1333 1231 1527 1273 Lucullo
1556 1232 1718 1286 postri-

241 1289 315 1331 die
356 1290 510 1331 eadem
550 1289 644 1329 sere
683 1288 796 1329 hora
837 1289 938 1329 veni
980 1289 1026 1328 in
1066 1287 1377 1330 Puteolanum.
1454 1288 1525 1328 lbi
1563 1287 1718 1341 accepi

335 1444 368 1478 2.
403 1443 460 1476 De
493 1444 646 1488 publicis
677 1444 818 1484 (rebus)
852 1442 969 1476 omnia
1008 1441 1097 1475 mihi
1130 1446 1234 1476 certa
1268 1442 1409 1478 nuntia.
1447 1462 1490 1468 —
1538 1440 1718 1479 Octavius,

242 1491 408 1525 Caesaris
433 1491 558 1526 heres.
587 1511 630 1516 -—
666 1492 850 1525 Antonius
877 1490 1017 1535 egerit,
1044 1496 1144 1534 agat.
1178 1510 1219 1516 --
1253 1489 1347 1523 hom.
1374 1501 1449 1533 op.‚
1490 1489 1549 1522 die
1584 1490 1716 1523 offent-

241 1540 342 1573 liche
368 1540 565 1584 Meinung.
594 1559 635 1564 —
662 1540 735 1573 Sed
757 1542 812 1572 st!
844 1551 885 1571 ex
912 1538 1055 1571 emend.
1083 1538 1149 1571 Cd.
1177 1537 1303 1571 Ursini
1329 1544 1366 1570 et
1398 1538 1561 1572 Manutii
1595 1538 1718 1583 (prob.

242 1588 442 1629 Victorio).
478 1589 609 1623 Graev.
637 1587 747 1632 Seqq.
774 1587 836 1619 sed
866 1587 901 1619 si
931 1586 1010 1620 Md.
1046 1587 1148 1619 Vict.
1185 1587 1216 1619 1.
1251 1587 1285 1620 2.
1319 1586 1385 1618 sed
1413 1585 1566 1618 scilicet‘
1586 1585 1716 1620 Lemb.

246 1635 441 1670 ORELLI.
476 1654 522 1660 —-
561 1636 609 1669 ad
640 1645 753 1680 aquas
787 1634 865 1667 scil.
900 1635 1055 1668 Baianas
1088 1633 1235 1680 Aquino
1271 1633 1410 1679 oppido
1443 1634 1596 1678 Apuliae
1628 1645 1717 1678 pro-

242 1685 365 1717 fectos
391 1694 476 1716 esse.
503 1702 549 1708 —-—
581 1684 651 1717 Sed
675 1683 761 1727 quid
784 1682 926 1725 egerint
951 1682 1097 1727 Aquini.
1147 1682 1209 1714 Sic
1236 1681 1389 1726 scripsi,
1430 1688 1470 1714 ut
1496 1682 1544 1714 sit
1570 1681 1716 1727 aposio-

241 1732 358 1776 pesis:
394 1732 487 1774 „sed
514 1731 606 1776 quid
631 1731 795 1776 egerint,
831 1730 1000 1763 nescio.“
1033 1740 1163 1773 aquas,
1198 1740 1258 1762 seu
1294 1729 1378 1772 qnid
1411 1729 1551 1771 egerint
1576 1730 1716 1767 Bened.

243 1790 367 1822 aquas,
418 1779 599 1819 Sciemus,
628 1780 710 1822 quid
733 1779 878 1820 egerint
903 1776 991 1812 Sch.
1018 1778 1110 1810 Li'm.
1142 1776 1399 1810 ORELLI.——-
1424 1781 1464 1809 ut
1489 1777 1559 1810 del.
1587 1784 1719 1811 contra

242 1827 324 1863 Md,
353 1827 484 1863 Graev,
512 1827 604 1863 Ern.
632 1826 719 1860 Sch.
746 1827 842 1862 Liin.
873 1825 1069 1859 ORELLI.
1097 1826 1357 1859 admoneantur
1383 1824 1428 1856 de
1452 1826 1634 1869 pecuniae
1659 1838 1733 1859 sou

241 1875 398 1908 lutione.
425 1875 512 1909 Vid.
541 1886 598 1919 ep.
635 1876 715 1916 702,
744 1877 774 1909 1.
808 1893 851 1898 —-
885 1874 1032 1916 Appell.
1061 1877 1106 1906 et.
1133 1874 1245 1916 Pap„
1279 1872 1402 1914 „auch
1429 1872 1488 1905 bei
1515 1873 1579 1906 der
1604 1874 1719 1919 Papia

243 1922 346 1956 wirst
380 1924 440 1956 Du
473 1923 736 1967 vorklopfen.“
790 1922 884 1955 Eine
905 1921 1142 1954 unbekannte
1165 1919 1439 1954 Schuldnerinn
1474 1920 1536 1954 des
1571 1921 1719 1960 Cicero.

242 1972 285 2002 In
311 1971 414 2004 Orat.
436 1971 579 2005 Cluent.
609 1982 641 2007 c,
669 1972 704 2008 9.
732 1969 828 2004 wird
862 1969 943 2002 eine
977 1969 1092 2014 Papia
1117 1968 1170 2001 als
1196 1968 1422 2002 Gemahlinn
1448 1968 1510 2002 des
1538 1969 1718 2015 Oppiani-

243 2029 309 2052 cus
334 2019 512 2054 erwzihnt.

341 2088 373 2120 1.
402 2086 476 2119 Gn.
505 2085 668 2126 Luculli,
701 2098 814 2131 quem
838 2086 880 2120 L.
909 2085 1062 2119 Luculli
1087 2086 1208 2119 filium
1234 2084 1341 2133 infra⁴
1362 2085 1588 2119 familiarem
1614 2097 1720 2119 snum
1764 2084 1766 2088 '

243 2141 352 2169 vocat
379 2145 436 2179 ep·
466 2135 545 2169 707.
573 2152 614 2157 —
643 2133 855 2177 hospitium,
889 2134 1190 2178 Neapolitanum.
1230 2135 1307 2167 Cfr.
1333 2133 1445 2167 Acad.
1472 2134 1622 2178 Quaest.
1650 2135 1715 2168 IV.
1753 2140 1754 2145 ’

245 2195 279 2217 c.
306 2185 339 2218 3.
366 2190 460 2216 extr.
489 2181 596 2215 SCH.
623 2200 666 2206 ——
705 2181 770 2216 VI.
796 2182 852 2214 Id.
878 2183 993 2223 Μειιᾈ,
1028 2193 1087 2214 am
1115 2184 1170 2216 10.
1198 2181 1329 2217 dieses.
1363 2199 1407 2206 ·—
1446 2182 1484 2214 in
1512 2181 1718 2220 Cumanum,

246 2242 304 2264 wo
330 2229 425 2264 Pilia
450 2229 532 2262 sich
558 2229 731 2264 aufhielt.
757 2248 799 2253 ——
834 2229 927 2263 Non.
954 2229 1050 2263 Mai.
1077 2230 1173 2271 dai,
1209 2241 1294 2261 vom
1322 2232 1356 2264 7.
1382 2229 1478 2262 Mai.
1504 2247 1552 2253 —
1583 2230 1618 2263 A
1645 2229 1719 2262 Lu-

245 2279 339 2312 cullo
365 2303 374 2312 .
400 2303 410 2313 .
438 2304 445 2312 .
474 2276 633 2310 Lanuvio
660 2277 778 2311 datas.
804 2276 865 2310 Sic
890 2279 1024 2321 Margo
1053 2279 1150 2310 Crat.
1178 2278 1285 2322 prob.
1312 2277 1468 2313 Corrad.
1518 2277 1718 2311 Lectiones

244 2332 369 2360 autem
394 2328 516 2369 Marg.
545 2327 645 2359 Crat.
674 2323 890 2369 desumptae
921 2332 1004 2358 sunt
1029 2325 1250 2370 plerumque
1277 2336 1318 2358 ex
1346 2325 1488 2369 optimo
1516 2324 1582 2360 cd.
1609 2325 1720 2358 sami-

244 2375 317 2408 liae
344 2374 528 2407 Gallicae:
563 2383 633 2405 nec
659 2383 748 2407 vero
774 2373 869 2406 haec
895 2379 1020 2417 potest
1044 2384 1126 2406 esse
1152 2385 1171 2405 e
1198 2373 1295 2406 coni.
1347 2373 1469 2406 Immo
1495 2372 1610 2406 etiam
1635 2372 1718 2407 Md.

245 2428 432 2457 monstrat
457 2421 564 2466 plura
589 2420 770 2454 excidisse
796 2432 816 2452 e
841 2420 990 2464 vulgata
1008 2422 1185 2454 omittens
1210 2427 1296 2454 ante
1321 2433 1356 2454 v.
1383 2419 1497 2462 hora;
1525 2427 1562 2453 et
1588 2433 1620 2454 v.
1649 2431 1719 2464 qua
1761 2445 1768 2454 ,,

245 2471 418 2515 vulgatae
448 2470 626 2502 insertum
660 2476 734 2507 est,
773 2479 845 2513 quo
881 2469 1137 2503 occultaretur
1164 2469 1345 2503 defectus.
1394 2470 1478 2503 Una
1516 2468 1719 2502 difficultas
1764 2490 1766 2494 -

244 2525 362 2552 restat
387 2518 426 2550 in
451 2523 577 2550 nostra
602 2516 788 2558 lectione,
815 2517 914 2561 quod
940 2517 1034 2550 duae
1058 2518 1238 2562 epistolae
1263 2516 1380 2551 Nonis
1400 2516 1519 2550 Maiis
1545 2516 1720 2549 dicuntur
1746 2553 1747 2559 ἵ

244 2578 323 2600 esse
350 2565 477 2607 datae3
510 2564 574 2597 sed
599 2575 707 2609 saepe
735 2565 822 2598 duas
848 2576 924 2598 uno
950 2572 1058 2610 atque
1083 2565 1213 2599 eodem
1240 2564 1300 2597 die
1327 2564 1489 2609 scriptas
1514 2564 1718 2596 memorari
1744 2567 1747 2576 ¹

245 2614 434 2651 videmus,
461 2612 520 2646 vel
545 2611 685 2646 excidit
709 2623 882 2645 numerus
909 2619 994 2645 ante
1018 2613 1120 2657 prius
1145 2613 1273 2647 Nonis.
1300 2612 1397 2646 Edd.
1421 2618 1508 2645 ante
1522 2610 1610 2647 Sch.
1633 2623 1717 2644 cum
1743 2633 1744 2639 η

244 2662 326 2697 Md.
353 2661 440 2703 (nisi
467 2660 570 2705 quod
593 2660 624 2693 is
651 2671 724 2693 om.
751 2659 832 2703 qua)
860 2661 983 2703 accepi
1008 2664 1090 2693 tuas
1115 2661 1265 2701 literas,
1293 2671 1381 2703 quas
1405 2664 1485 2693 tuus
1509 2659 1718 2692 tabellarius

245 2709 412 2743 attulisse
444 2708 654 2750 dicebatur,
687 2708 806 2741 Nonis
837 2707 955 2741 Maiis
986 2708 1108 2747 datas;
1149 2720 1172 2742 a
1204 2709 1354 2742 Lucullo
1386 2707 1567 2750 postridie
1599 2707 1717 2740 eadem

236 2760 327 2799 sere
351 2755 462 2795 hora,
488 2767 556 2800 qua
583 2755 679 2796 veui,
718 2755 805 2789 VII.
831 2755 918 2789 Idus
955 2755 1114 2790 Lanuvio
1148 2757 1264 2790 datas.
1322 2756 1422 2797 Quae
1453 2766 1586 2800 parum
1627 2766 1717 2788 con-
