1795 3086
567 61 873 104 EPISTULA
907 62 1134 105 DCCXL.
1513 53 1593 101 lGl

122 178 257 216 tatum
301 179 364 213 est
416 179 459 214 et
508 173 634 213 multi
680 178 914 227 praeterea
964 174 1109 214 libelli
1159 172 1364 213 Caesaris
1415 172 1595 225 prolati.

123 230 339 270 Consules
371 230 426 269 (le
458 228 636 270 consilii
667 227 885 269 sententia
915 228 1212 270 decreverunt
1240 226 1482 268 secundum
1505 226 1595 267 Bu-

121 284 340 333 throtios3
380 286 596 326 Plancum
627 283 861 324 dederunt.
947 282 1092 330 Nunc,
1132 284 1193 324 nii
1223 284 1384 338 Capito
1414 306 1467 312 -—
1498 283 1593 322 scio
1613 285 1661 324 12

121 342 254 387 enim,
297 346 509 394 quantum
546 353 723 393 semper
763 337 876 393 apud
920 351 1009 383 eos,
1047 341 1306 392 quibuscum
1350 340 1427 385 sis,
1466 351 1596 392 posse

123 398 284 446 solcas,
331 410 381 435 co
421 397 520 450 plus
552 395 667 449 apud
697 394 921 435 hominem
963 393 1226 434 facillimum
1267 400 1401 448 atque
1441 392 1596 435 huma-

123 452 368 502 nissimum,
408 452 622 492 Plancum
651 474 705 479 —
735 450 920 501 enitere,
953 449 1136 489 elabora
1163 450 1235 489 vel
1267 452 1414 503 potius
1446 451 1597 490 eblan-

124 508 237 558 (ἰὴ-ο,
278 508 424 558 οἱῖίορ,
466 512 514 546 ut
550 506 762 552 Plancus,
801 519 932 558 quem
970 518 1099 559 spero
1140 505 1354 557 optimum
1393 519 1503 557 esse,
1540 506 1599 546 sit

125 564 259 604 etiam
289 563 448 603 melior
478 575 615 616 opera
642 566 731 602 tua.
801 560 997 602 Omnino
1028 574 1100 601 res
1130 559 1390 600 huiusmodi
1419 561 1601 603 videtur

125 633 235 670 csse,
265 623 314 659 ut
343 618 437 658 sine
469 618 730 671 cuiusquam
761 616 909 672 gratia
950 616 1151 657 Plancus
1182 616 1279 669 ipse
1309 629 1389 669 pro
1419 616 1599 670 ingenio

125 680 169 715 et
199 673 435 728 prudentia
464 687 543 714 sua
572 687 659 714 non
689 672 751 713 sit
780 672 1076 725 dubitaturus,
1107 670 1215 725 quin
1236 670 1465 711 decretum
1496 686 1600 713 con-

124 730 284 780 sulum,
325 743 513 784 quorum
553 733 597 769 et
636 729 737 782 lege
777 733 822 769 et
857 732 1034 769 senatus
1079 727 1285 768 consulto
1327 726 1527 780 cognitio
1557 732 1602 768 et

126 784 341 825 iudicium
380 784 482 836 fuit,
520 788 777 833 conservet3
817 783 1082 837 praesertim
1122 796 1270 836 quum,
1311 781 1401 823 hoc
1441 796 1604 836 genere

125 840 430 894 cognitionum
459 839 745 885 labefactato,
774 843 874 880 acta
895 839 1104 879 Caesaris
1134 839 1181 878 in
1213 837 1395 878 dubium
1415 842 1603 879 ventura

124 897 380 937 videantur:
412 910 524 950 quae
553 909 639 935 non
668 894 800 935 modo
831 893 880 939 ii,
910 908 1097 948 quorum
1126 894 1329 946 interest,
1359 893 1439 935 sed
1470 895 1603 934 etiam

127 952 183 1003 ii,
232 952 310 1005 qui
349 952 432 991 illa
471 965 558 991 non
597 951 805 1004 probant,
857 949 940 990 otii
979 963 1112 991 causa
1151 949 1411 991 confirmari
1445 950 1602 992 velint.

127 1007 261 1056 Quod
289 1020 426 1060 quum
455 1006 519 1047 ita
556 1006 629 1051 sit,
666 1010 813 1046 tamen
843 1005 1032 1047 interest
1061 1011 1229 1057 nostra,
1267 1005 1488 1046 Plancum
1517 1005 1604 1046 hoc
1618 1008 1669 1049 13

128 1063 272 1103 animo
303 1061 462 1103 libenti
492 1061 760 1116 prolixoque
801 1059 967 1102 facere.
1039 1061 1175 1110 Quod
1212 1067 1333 1103 certe
1373 1061 1526 1114 saciet,
1565 1061 1605 1102 si

126 1124 172 1158 tu
203 1119 413 1159 nervulos
442 1122 541 1158 tuos
571 1116 685 1157 mihi
715 1130 847 1170 saepe
877 1116 1083 1171 cognitos
1113 1118 1480 1171 suavitatemque,
1518 1130 1605 1170 qua

127 1187 253 1214 nemo
283 1174 367 1214 tibi
396 1186 477 1227 par
507 1176 588 1225 est,
619 1171 894 1214 adhibueris.
955 1172 1087 1222 Quod
1119 1177 1168 1212 ut
1199 1171 1354 1219 facias,
1396 1178 1439 1213 te
1468 1172 1604 1214 vehe-

126 1233 296 1270 menter
326 1242 447 1283 rogo.

129 1417 243 1455 Alles,
270 1428 346 1450 was
375 1416 486 1450 C'risar
512 1428 545 1448 u.
574 1428 599 1449 s.
628 1428 676 1450 w.
709 1434 746 1439 -
786 1416 959 1449 Consules
986 1439 994 1449 .
1024 1442 1029 1448 .
1060 1442 1067 1449 .
1095 1415 1324 1458 Buthrotios,
1351 1417 1411 1450 die
1438 1417 1607 1452 Consuln

129 1467 266 1498 sassten
292 1464 377 1498 dem
398 1464 590 1497 Resultate
615 1464 684 1498 der
708 1463 1067 1513 Berathschlagung·
1093 1467 1239 1511 gem‘a'ss
1270 1477 1317 1498 zu
1344 1465 1513 1499 Gunsten
1539 1466 1607 1500 der

131 1513 339 1546 Buthroter
365 1512 475 1546 einen
500 1511 714 1545 Besehluss.
759 1531 805 1536 —-
854 1512 1031 1545 Plancum
1057 1513 1238 1547 dederunt.
1265 1513 1309 1546 de
1334 1515 1474 1547 Manut.
1503 1525 1605 1558 susp.

133 1559 220 1593 Sch.
246 1561 343 1595 Liin.
379 1560 510 1593 literas
545 1560 594 1592 ad
626 1560 802 1593 Plancum
836 1560 954 1593 «leder.
1000 1560 1112 1594 Certe
1138 1561 1277 1594 excidit
1301 1562 1358 1597 ad,
1398 1561 1479 1606 >Vix
1508 1562 1608 1594 enim

135 1607 319 1652 explicari
344 1614 465 1652 potest
490 1618 576 1640 cum
601 1607 716 1640 Ern.:
756 1607 962 1650 „Plancum
987 1608 1160 1642 dederunt
1185 1609 1370 1643 arbitrum
1399 1615 1435 1642 et
1459 1616 1609 1643 curato--

134 1667 214 1690 rem
242 1655 346 1688 illius
374 1655 444 1697 rei,
478 1667 592 1700 quem
619 1655 753 1689 Caesar
778 1656 852 1688 iam
879 1656 1114 1700 praefecerat
1144 1658 1338 1705 negotio.“
1389 1657 1463 1691 OR.
1520 1657 1606 1705 Vgl.

131 1714 189 1748 ep.
218 1703 298 1744 738,
324 1705 364 1739 6:
391 1714 497 1746 seque
523 1704 572 1737 ad
595 1707 630 1736 te
656 1703 784 1737 literas
810 1704 958 1736 daturos
986 1714 1062 1737 esse
1086 1705 1268 1741 dixerunt.

227 1772 282 1805 12.
322 1770 440 1813 Nunc,
467 1767 546 1814 νῦν,
573 1771 671 1806 Nun.
707 1789 747 1794 —
801 1781 841 1803 co
867 1770 962 1813 plns,
990 1781 1053 1803 um
1080 1781 1119 1804 so
1145 1771 1268 1806 mehr.
1314 1792 1352 1798 —
1407 1772 1609 1814 eblandire,

133 1817 413 1852 orscbmeichle
450 1829 499 1851 es.
552 1837 595 1842 —
648 1819 820 1861 optimwn
846 1829 932 1860 esse,
970 1818 1054 1851 dass
1090 1829 1132 1851 er
1168 1818 1305 1854 hochst
1337 1820 1492 1867 geneigt
1530 1820 1610 1854 sein

133 1866 271 1899 werde.
300 1884 341 1889 —
391 1866 535 1908 gratia,
563 1865 839 1913 Empfehlung.
880 1885 921 1889 -
962 1877 1031 1899 non
1056 1867 1104 1899 sit
1130 1867 1251 1908 dubit„
1277 1867 1417 1901 keinen
1441 1868 1609 1901 Anstand

133 1913 299 1948 nehmen
323 1913 433 1947 wird.
483 1932 529 1938 --
580 1925 731 1958 quorum
758 1938 765 1945 .
796 1942 802 1947 .
833 1939 840 1945 .
866 1914 1041 1947 iudicium
1063 1915 1167 1956 fuit,
1202 1915 1261 1948 die
1296 1917 1478 1964 verm'dge
1512 1916 1612 1949 eines

134 1961 453 1996 ausdriicklichen
486 1962 662 1996 Gesetzes
695 1962 773 1995 und
802 1961 1111 1996 Rathsschlusses
1146 1963 1307 1997 dariiber
1342 1964 1504 1998 erkannt
1536 1963 1613 1997 und

134 2022 180 2042 zu
206 2009 328 2043 Recht
354 2009 592 2057 gesprochen
627 2009 761 2044 haben.
797 2028 844 2034 -—
894 2021 1033 2043 causer.
1059 2009 1181 2058 heilig
1206 2023 1253 2044 zu
1278 2011 1418 2045 halten.
1457 2031 1499 2036 —
1546 2010 1612 2045 Ιιοε

136 2084 142 2089 .
173 2082 179 2089 .
210 2083 216 2089 .
245 2058 429 2100 labefact,
456 2070 568 2092 wenn
595 2070 682 2091 man
706 2058 769 2091 das
797 2057 973 2091 Ansehen
1000 2058 1122 2091 dieser
1147 2070 1184 2092 so
1211 2060 1529 2108 gesetzm'zissigen
1542 2059 1613 2093 Art

133 2116 205 2138 von
230 2106 470 2152 Erkennung
497 2118 584 2139 zum
609 2106 791 2141 Wanken
819 2106 977 2153 bring-en
1005 2106 1152 2140 wollte.
1183 2126 1224 2130 —
1264 2112 1358 2150 acta,
1387 2107 1612 2141 Anordnun-

134 2165 218 2199 gen.
245 2173 291 2178 —
325 2155 362 2187 in
391 2155 468 2187 dub.
496 2165 586 2197 ren„
615 2154 854 2188 zweifelhast
882 2153 1058 2196 gemacht
1083 2154 1249 2188 werden.
1303 2174 1343 2179 —
1396 2156 1462 2189 olii
1487 2166 1611 2197 causa,

134 2201 196 2234 des
224 2202 405 2236 Friedens
430 2214 577 2250 wegen.
628 2202 722 2237 Wie
748 2202 827 2236 sein
855 2202 989 2236 Cicero
1015 2201 1078 2236 das
1105 2202 1281 2237 Ansehen
1320 2202 1388 2237 der
1412 2210 1494 2238 acia
1520 2203 1610 2237 Cae-

136 2249 226 2283 saris
252 2251 316 2283 sm·
341 2250 521 2284 Dasmahl
547 2250 723 2284 benutzt!

232 2317 288 2351 13.
339 2329 443 2361 quum
471 2332 520 2348 z
547 2317 737 2364 obgleich.
765 2337 811 2343 —
859 2319 1020 2360 prolixo,
1047 2315 1292 2351 liebreichen.
1325 2336 1367 2341 -—-
1406 2316 1543 2351 nerrul.
1570 2319 1609 2353 Α,

138 2362 256 2397 Deine
282 2364 439 2398 kl‹›inen
466 2365 856 2411 Tausendkiinste.u—
908 2366 1000 2399 mila·
1023 2377 1050 2398 s.
1077 2374 1195 2406 cogn„
1223 2364 1284 2399 die
1312 2366 1375 2399 ich
1402 2377 1440 2400 so
1468 2365 1524 2397 oft
1551 2374 1611 2396 er-

138 2410 247 2454 probt
270 2412 367 2445 saud.
395 2431 440 2437 --
467 2413 610 2455 suavia,
638 2414 758 2448 Deine
785 2412 1157 2461 Uberredungsgabe.

212 2804 259 2826 me
297 2802 387 2827 {irim
420 2812 433 2817 ¹*
468 2802 581 2827 Billerb
630 2804 662 2825 ΙΨ
1166 2779 1213 2814 ll
