<?xml version="1.0" encoding="UTF-8"?>
<!DOCTYPE html PUBLIC "-//W3C//DTD XHTML 1.0 Transitional//EN"
    "http://www.w3.org/TR/xhtml1/DTD/xhtml1-transitional.dtd">
<html xmlns="http://www.w3.org/1999/xhtml" xml:lang="en" lang="en">
 <head>
  <title>
</title>
<meta http-equiv="Content-Type" content="text/html;charset=utf-8" />
  <meta name='ocr-system' content='tesseract 3.04.00' />
  <meta name='ocr-capabilities' content='ocr_page ocr_carea ocr_par ocr_line ocrx_word'/>
</head>
<body>
  <div class='ocr_page' id='page_1' title='image "./epistolaeadattic04ciceuoft_0363.png"; bbox 0 0 1795 3086; ppageno 0'>
   <div class='ocr_carea' id='block_1_1' title="bbox 435 85 1534 145">
    <p class='ocr_par' dir='ltr' id='par_1_1' title="bbox 435 85 1534 145">
     <span class='ocr_line' id='line_1_1' title="bbox 435 85 1534 145; baseline 0.014 -15"><span class='ocrx_word' id='word_1_1' title='bbox 435 85 754 142; x_wconf 73' lang='lat' dir='ltr'><strong>EPISTULA</strong></span> <span class='ocrx_word' id='word_1_2' title='bbox 786 88 1133 135; x_wconf 84' lang='lat' dir='ltr'>DCCCXLIII.</span> <span class='ocrx_word' id='word_1_3' title='bbox 1442 96 1534 145; x_wconf 83' lang='lat'>353</span> 
     </span>
    </p>
   </div>
   <div class='ocr_carea' id='block_1_2' title="bbox 0 199 1527 375">
    <p class='ocr_par' dir='ltr' id='par_1_2' title="bbox 0 199 1527 375">
     <span class='ocr_line' id='line_1_2' title="bbox 0 199 1527 261; baseline 0.009 -24"><span class='ocrx_word' id='word_1_4' title='bbox 0 217 1 237; x_wconf 65' lang='grc'>;</span> <span class='ocrx_word' id='word_1_5' title='bbox 37 206 150 255; x_wconf 85' lang='lat' dir='ltr'>quae</span> <span class='ocrx_word' id='word_1_6' title='bbox 179 199 308 241; x_wconf 82' lang='lat' dir='ltr'>extra</span> <span class='ocrx_word' id='word_1_7' title='bbox 337 199 492 241; x_wconf 86' lang='lat' dir='ltr'>urbem</span> <span class='ocrx_word' id='word_1_8' title='bbox 520 202 613 252; x_wconf 88' lang='lat' dir='ltr'>est,</span> <span class='ocrx_word' id='word_1_9' title='bbox 642 205 915 254; x_wconf 80' lang='lat' dir='ltr'><strong>commeatu,</strong></span> <span class='ocrx_word' id='word_1_10' title='bbox 946 216 1062 258; x_wconf 87' lang='lat' dir='ltr'>aqua</span> <span class='ocrx_word' id='word_1_11' title='bbox 1090 204 1284 259; x_wconf 86' lang='lat' dir='ltr'>denique</span> <span class='ocrx_word' id='word_1_12' title='bbox 1312 207 1527 261; x_wconf 81' lang='lat' dir='ltr'>prohibe--</span> 
     </span>
     <span class='ocr_line' id='line_1_3' title="bbox 0 254 1525 319; baseline 0.007 -23"><span class='ocrx_word' id='word_1_13' title='bbox 0 305 1 310; x_wconf 15' lang='lat'>¹</span> <span class='ocrx_word' id='word_1_14' title='bbox 39 260 195 297; x_wconf 88' lang='lat' dir='ltr'>rentur</span> <span class='ocrx_word' id='word_1_15' title='bbox 222 255 367 297; x_wconf 84' lang='lat' dir='ltr'>nostri</span> <span class='ocrx_word' id='word_1_16' title='bbox 396 254 591 303; x_wconf 88' lang='lat' dir='ltr'>milites;</span> <span class='ocrx_word' id='word_1_17' title='bbox 629 269 711 296; x_wconf 87' lang='lat' dir='ltr'>nos</span> <span class='ocrx_word' id='word_1_18' title='bbox 739 255 822 297; x_wconf 75' lang='lat' dir='ltr'>&#39;vix</span> <span class='ocrx_word' id='word_1_19' title='bbox 852 258 941 311; x_wconf 91' lang='lat' dir='ltr'>ipsi</span> <span class='ocrx_word' id='word_1_20' title='bbox 971 260 1162 315; x_wconf 84' lang='lat' dir='ltr'>singulis</span> <span class='ocrx_word' id='word_1_21' title='bbox 1192 274 1291 302; x_wconf 88' lang='lat' dir='ltr'>cum</span> <span class='ocrx_word' id='word_1_22' title='bbox 1320 266 1525 319; x_wconf 79' lang='lat' dir='ltr'>navigio-</span> 
     </span>
     <span class='ocr_line' id='line_1_4' title="bbox 0 309 1524 375; baseline 0.009 -26"><span class='ocrx_word' id='word_1_23' title='bbox 0 323 2 349; x_wconf 81' lang='lat'><em>:</em></span> <span class='ocrx_word' id='word_1_24' title='bbox 36 311 93 352; x_wconf 88' lang='lat' dir='ltr'>lis</span> <span class='ocrx_word' id='word_1_25' title='bbox 140 312 454 366; x_wconf 77' lang='lat' dir='ltr'>reciperemur.</span> <span class='ocrx_word' id='word_1_26' title='bbox 511 309 682 360; x_wconf 79' lang='lat' dir='ltr'>.Quam</span> <span class='ocrx_word' id='word_1_27' title='bbox 731 311 1048 366; x_wconf 81' lang='lat' dir='ltr'>indignitatem</span> <span class='ocrx_word' id='word_1_28' title='bbox 1087 316 1524 375; x_wconf 81' lang='lat' dir='ltr'>deminutionemque</span> 
     </span>
    </p>
   </div>
   <div class='ocr_carea' id='block_1_3' title="bbox 37 365 1525 431">
    <p class='ocr_par' dir='ltr' id='par_1_3' title="bbox 37 365 1525 431">
     <span class='ocr_line' id='line_1_5' title="bbox 37 365 1525 431; baseline 0.007 -23"><span class='ocrx_word' id='word_1_29' title='bbox 37 367 286 408; x_wconf 85' lang='lat' dir='ltr'>maiestatis</span> <span class='ocrx_word' id='word_1_30' title='bbox 315 381 401 408; x_wconf 86' lang='lat' dir='ltr'>non</span> <span class='ocrx_word' id='word_1_31' title='bbox 428 366 572 408; x_wconf 87' lang='lat' dir='ltr'>solum</span> <span class='ocrx_word' id='word_1_32' title='bbox 601 365 714 408; x_wconf 86' lang='lat' dir='ltr'>iuris</span> <span class='ocrx_word' id='word_1_33' title='bbox 754 370 898 410; x_wconf 86' lang='lat' dir='ltr'>nostri</span> <span class='ocrx_word' id='word_1_34' title='bbox 937 371 1016 411; x_wconf 89' lang='lat' dir='ltr'>sed</span> <span class='ocrx_word' id='word_1_35' title='bbox 1054 372 1189 413; x_wconf 83' lang='lat' dir='ltr'>etiam</span> <span class='ocrx_word' id='word_1_36' title='bbox 1228 374 1410 429; x_wconf 81' lang='lat' dir='ltr'>imperii</span> <span class='ocrx_word' id='word_1_37' title='bbox 1448 391 1525 431; x_wconf 88' lang='lat' dir='ltr'>po—</span> 
     </span>
    </p>
   </div>
   <div class='ocr_carea' id='block_1_4' title="bbox 0 418 1524 485">
    <p class='ocr_par' dir='ltr' id='par_1_4' title="bbox 0 418 1524 485">
     <span class='ocr_line' id='line_1_6' title="bbox 0 418 1524 485; baseline 0.009 -23"><span class='ocrx_word' id='word_1_38' title='bbox 0 438 1 442; x_wconf 50' lang='lat'><em>*</em></span> <span class='ocrx_word' id='word_1_39' title='bbox 36 423 217 478; x_wconf 87' lang='lat' dir='ltr'>pulique</span> <span class='ocrx_word' id='word_1_40' title='bbox 245 418 440 464; x_wconf 86' lang='lat' dir='ltr'>Romani</span> <span class='ocrx_word' id='word_1_41' title='bbox 469 421 645 463; x_wconf 89' lang='lat' dir='ltr'>idcirco</span> <span class='ocrx_word' id='word_1_42' title='bbox 675 422 886 472; x_wconf 88' lang='lat' dir='ltr'>tulimus,</span> <span class='ocrx_word' id='word_1_43' title='bbox 935 426 1055 480; x_wconf 87' lang='lat' dir='ltr'>quod</span> <span class='ocrx_word' id='word_1_44' title='bbox 1086 428 1346 485; x_wconf 85' lang='lat' dir='ltr'>interceptis</span> <span class='ocrx_word' id='word_1_45' title='bbox 1377 432 1524 475; x_wconf 89' lang='lat' dir='ltr'>literis</span> 
     </span>
    </p>
   </div>
   <div class='ocr_carea' id='block_1_5' title="bbox 0 472 1524 655">
    <p class='ocr_par' dir='ltr' id='par_1_5' title="bbox 0 472 1524 655">
     <span class='ocr_line' id='line_1_7' title="bbox 0 472 1523 545; baseline 0.009 -28"><span class='ocrx_word' id='word_1_46' title='bbox 0 472 2 517; x_wconf 69' lang='grc' dir='ltr'>ἰ</span> <span class='ocrx_word' id='word_1_47' title='bbox 36 492 330 533; x_wconf 78' lang='lat' dir='ltr'>cognoramus</span> <span class='ocrx_word' id='word_1_48' title='bbox 358 477 666 531; x_wconf 78' lang='lat' dir='ltr'>Dolabellam,</span> <span class='ocrx_word' id='word_1_49' title='bbox 705 478 747 520; x_wconf 86' lang='lat' dir='ltr'>si</span> <span class='ocrx_word' id='word_1_50' title='bbox 775 480 1056 534; x_wconf 83' lang='lat' dir='ltr'>desperasset</span> <span class='ocrx_word' id='word_1_51' title='bbox 1096 483 1153 523; x_wconf 88' lang='lat' dir='ltr'>de</span> <span class='ocrx_word' id='word_1_52' title='bbox 1193 485 1333 540; x_wconf 85' lang='lat' dir='ltr'>Syria</span> <span class='ocrx_word' id='word_1_53' title='bbox 1371 487 1523 545; x_wconf 80' lang='lat' dir='ltr'>Aegy-</span> 
     </span>
     <span class='ocr_line' id='line_1_8' title="bbox 0 534 1524 590; baseline 0.008 -15"><span class='ocrx_word' id='word_1_54' title='bbox 0 570 3 590; x_wconf 48' lang='lat'>3</span> <span class='ocrx_word' id='word_1_55' title='bbox 37 538 226 590; x_wconf 86' lang='lat' dir='ltr'>ptoque,</span> <span class='ocrx_word' id='word_1_56' title='bbox 267 534 388 588; x_wconf 84' lang='lat' dir='ltr'>quod</span> <span class='ocrx_word' id='word_1_57' title='bbox 427 547 607 575; x_wconf 87' lang='lat' dir='ltr'>necesse</span> <span class='ocrx_word' id='word_1_58' title='bbox 646 538 743 576; x_wconf 80' lang='lat' dir='ltr'>erat</span> <span class='ocrx_word' id='word_1_59' title='bbox 772 535 901 588; x_wconf 84' lang='lat' dir='ltr'>fieri,</span> <span class='ocrx_word' id='word_1_60' title='bbox 940 537 987 580; x_wconf 89' lang='lat' dir='ltr'>in</span> <span class='ocrx_word' id='word_1_61' title='bbox 1024 550 1160 579; x_wconf 86' lang='lat' dir='ltr'>naves</span> <span class='ocrx_word' id='word_1_62' title='bbox 1190 553 1290 581; x_wconf 89' lang='lat' dir='ltr'>cum</span> <span class='ocrx_word' id='word_1_63' title='bbox 1321 544 1524 588; x_wconf 90' lang='lat' dir='ltr'>omnibus</span> 
     </span>
     <span class='ocr_line' id='line_1_9' title="bbox 0 590 1523 655; baseline 0.009 -26"><span class='ocrx_word' id='word_1_64' title='bbox 0 617 3 624; x_wconf 68' lang='lat'><em>=</em></span> <span class='ocrx_word' id='word_1_65' title='bbox 35 590 127 631; x_wconf 88' lang='lat' dir='ltr'>suis</span> <span class='ocrx_word' id='word_1_66' title='bbox 160 591 408 632; x_wconf 82' lang='lat' dir='ltr'>latronibus</span> <span class='ocrx_word' id='word_1_67' title='bbox 436 594 571 645; x_wconf 81' lang='lat' dir='ltr'>atque</span> <span class='ocrx_word' id='word_1_68' title='bbox 600 591 721 631; x_wconf 90' lang='lat' dir='ltr'>omni</span> <span class='ocrx_word' id='word_1_69' title='bbox 760 593 947 645; x_wconf 90' lang='lat' dir='ltr'>pecunia</span> <span class='ocrx_word' id='word_1_70' title='bbox 977 595 1276 638; x_wconf 85' lang='lat' dir='ltr'>conscendere</span> <span class='ocrx_word' id='word_1_71' title='bbox 1317 612 1413 641; x_wconf 90' lang='lat' dir='ltr'>esse</span> <span class='ocrx_word' id='word_1_72' title='bbox 1444 615 1523 655; x_wconf 84' lang='lat' dir='ltr'>pa-</span> 
     </span>
    </p>
   </div>
   <div class='ocr_carea' id='block_1_6' title="bbox 0 742 24 3086">
    <p class='ocr_par' dir='ltr' id='par_1_6' title="bbox 0 742 24 3086">
     <span class='ocr_line' id='line_1_10' title="bbox 0 742 24 3086; baseline 0 0"><span class='ocrx_word' id='word_1_73' title='bbox 0 742 24 3086; x_wconf 95' lang='lat' dir='ltr'> </span> 
     </span>
    </p>
   </div>
   <div class='ocr_carea' id='block_1_7' title="bbox 34 646 1568 1037">
    <p class='ocr_par' dir='ltr' id='par_1_7' title="bbox 34 646 1568 1037">
     <span class='ocr_line' id='line_1_11' title="bbox 36 646 1525 709; baseline 0.007 -22"><span class='ocrx_word' id='word_1_74' title='bbox 36 650 182 687; x_wconf 89' lang='lat' dir='ltr'>ratum</span> <span class='ocrx_word' id='word_1_75' title='bbox 210 646 477 701; x_wconf 85' lang='lat' dir='ltr'>Italiamque</span> <span class='ocrx_word' id='word_1_76' title='bbox 505 649 682 701; x_wconf 83' lang='lat' dir='ltr'>petere:</span> <span class='ocrx_word' id='word_1_77' title='bbox 723 647 897 690; x_wconf 85' lang='lat' dir='ltr'>idcirco</span> <span class='ocrx_word' id='word_1_78' title='bbox 927 650 1064 690; x_wconf 86' lang='lat' dir='ltr'>etiam</span> <span class='ocrx_word' id='word_1_79' title='bbox 1103 663 1237 692; x_wconf 79' lang='lat' dir='ltr'>naves</span> <span class='ocrx_word' id='word_1_80' title='bbox 1278 659 1525 709; x_wconf 75' lang='lat' dir='ltr'>onerarias,</span> 
     </span>
     <span class='ocr_line' id='line_1_12' title="bbox 34 702 1522 760; baseline 0.008 -18"><span class='ocrx_word' id='word_1_81' title='bbox 34 715 222 757; x_wconf 88' lang='lat' dir='ltr'>quarum</span> <span class='ocrx_word' id='word_1_82' title='bbox 252 702 397 744; x_wconf 87' lang='lat' dir='ltr'>minor</span> <span class='ocrx_word' id='word_1_83' title='bbox 425 702 546 744; x_wconf 87' lang='lat' dir='ltr'>nulla</span> <span class='ocrx_word' id='word_1_84' title='bbox 577 706 674 743; x_wconf 85' lang='lat' dir='ltr'>erat</span> <span class='ocrx_word' id='word_1_85' title='bbox 703 702 837 744; x_wconf 72' lang='lat' dir='ltr'>duum</span> <span class='ocrx_word' id='word_1_86' title='bbox 866 705 1062 745; x_wconf 87' lang='lat' dir='ltr'>millium</span> <span class='ocrx_word' id='word_1_87' title='bbox 1091 706 1381 760; x_wconf 69' lang='lat' dir='ltr'>ampliorum,</span> <span class='ocrx_word' id='word_1_88' title='bbox 1418 726 1522 753; x_wconf 87' lang='lat' dir='ltr'>con-</span> 
     </span>
     <span class='ocr_line' id='line_1_13' title="bbox 35 757 1568 814; baseline 0.007 -16"><span class='ocrx_word' id='word_1_89' title='bbox 35 760 203 799; x_wconf 81' lang='lat' dir='ltr'>tractas</span> <span class='ocrx_word' id='word_1_90' title='bbox 232 757 279 798; x_wconf 90' lang='lat' dir='ltr'>in</span> <span class='ocrx_word' id='word_1_91' title='bbox 307 758 459 814; x_wconf 83' lang='lat' dir='ltr'>Lycia</span> <span class='ocrx_word' id='word_1_92' title='bbox 496 772 523 800; x_wconf 83' lang='lat' dir='ltr'>a</span> <span class='ocrx_word' id='word_1_93' title='bbox 562 758 706 799; x_wconf 85' lang='lat' dir='ltr'>classe</span> <span class='ocrx_word' id='word_1_94' title='bbox 747 760 843 800; x_wconf 87' lang='lat' dir='ltr'>eius</span> <span class='ocrx_word' id='word_1_95' title='bbox 885 760 1097 801; x_wconf 83' lang='lat' dir='ltr'>obsideri.</span> <span class='ocrx_word' id='word_1_96' title='bbox 1168 763 1318 806; x_wconf 90' lang='lat' dir='ltr'>Huius</span> <span class='ocrx_word' id='word_1_97' title='bbox 1361 768 1426 808; x_wconf 89' lang='lat' dir='ltr'>rei</span> <span class='ocrx_word' id='word_1_98' title='bbox 1467 770 1522 808; x_wconf 87' lang='lat' dir='ltr'>ti-</span> <span class='ocrx_word' id='word_1_99' title='bbox 1561 804 1568 813; x_wconf 76' lang='grc'><strong>.</strong></span> 
     </span>
     <span class='ocr_line' id='line_1_14' title="bbox 34 813 1522 873; baseline 0.005 -20"><span class='ocrx_word' id='word_1_100' title='bbox 34 826 171 866; x_wconf 82' lang='lat' dir='ltr'>more,</span> <span class='ocrx_word' id='word_1_101' title='bbox 200 813 364 855; x_wconf 85' lang='lat' dir='ltr'>Patres</span> <span class='ocrx_word' id='word_1_102' title='bbox 394 813 654 868; x_wconf 87' lang='lat' dir='ltr'>conscripti,</span> <span class='ocrx_word' id='word_1_103' title='bbox 689 816 887 868; x_wconf 87' lang='lat' dir='ltr'>percitus</span> <span class='ocrx_word' id='word_1_104' title='bbox 923 816 1114 857; x_wconf 88' lang='lat' dir='ltr'>iniurias</span> <span class='ocrx_word' id='word_1_105' title='bbox 1144 821 1319 873; x_wconf 86' lang='lat' dir='ltr'>perpeti</span> <span class='ocrx_word' id='word_1_106' title='bbox 1349 826 1394 863; x_wconf 85' lang='lat' dir='ltr'>et</span> <span class='ocrx_word' id='word_1_107' title='bbox 1424 837 1522 863; x_wconf 84' lang='lat' dir='ltr'>cum</span> 
     </span>
     <span class='ocr_line' id='line_1_15' title="bbox 35 869 1521 928; baseline 0.003 -18"><span class='ocrx_word' id='word_1_108' title='bbox 35 869 309 911; x_wconf 86' lang='lat' dir='ltr'>contumelia</span> <span class='ocrx_word' id='word_1_109' title='bbox 356 869 489 910; x_wconf 83' lang='lat' dir='ltr'>etiam</span> <span class='ocrx_word' id='word_1_110' title='bbox 547 872 700 909; x_wconf 84' lang='lat' dir='ltr'>nostra</span> <span class='ocrx_word' id='word_1_111' title='bbox 751 871 901 911; x_wconf 84' lang='lat' dir='ltr'>omnia</span> <span class='ocrx_word' id='word_1_112' title='bbox 949 872 1075 925; x_wconf 88' lang='lat' dir='ltr'>prius</span> <span class='ocrx_word' id='word_1_113' title='bbox 1124 875 1324 928; x_wconf 83' lang='lat' dir='ltr'>experiri</span> <span class='ocrx_word' id='word_1_114' title='bbox 1372 879 1521 919; x_wconf 81' lang='lat' dir='ltr'>malui.</span> 
     </span>
     <span class='ocr_line' id='line_1_16' title="bbox 36 925 1521 979; baseline 0.007 -15"><span class='ocrx_word' id='word_1_115' title='bbox 36 925 195 979; x_wconf 84' lang='lat' dir='ltr'>Itaque</span> <span class='ocrx_word' id='word_1_116' title='bbox 225 925 284 967; x_wconf 89' lang='lat' dir='ltr'>ad</span> <span class='ocrx_word' id='word_1_117' title='bbox 313 925 498 965; x_wconf 85' lang='lat' dir='ltr'>illorum</span> <span class='ocrx_word' id='word_1_118' title='bbox 526 925 801 965; x_wconf 78' lang='lat' dir='ltr'>voluntatem</span> <span class='ocrx_word' id='word_1_119' title='bbox 830 926 1113 969; x_wconf 89' lang='lat' dir='ltr'>introductus</span> <span class='ocrx_word' id='word_1_120' title='bbox 1143 930 1189 970; x_wconf 91' lang='lat' dir='ltr'>in</span> <span class='ocrx_word' id='word_1_121' title='bbox 1219 931 1373 972; x_wconf 86' lang='lat' dir='ltr'>urbem</span> <span class='ocrx_word' id='word_1_122' title='bbox 1404 938 1449 975; x_wconf 89' lang='lat' dir='ltr'>et</span> <span class='ocrx_word' id='word_1_123' title='bbox 1478 935 1521 974; x_wconf 87' lang='lat' dir='ltr'>in</span> 
     </span>
     <span class='ocr_line' id='line_1_17' title="bbox 34 979 1521 1037; baseline 0.004 -16"><span class='ocrx_word' id='word_1_124' title='bbox 34 984 234 1021; x_wconf 88' lang='lat' dir='ltr'>senatum</span> <span class='ocrx_word' id='word_1_125' title='bbox 262 993 443 1033; x_wconf 82' lang='lat' dir='ltr'>eorum,</span> <span class='ocrx_word' id='word_1_126' title='bbox 490 993 622 1034; x_wconf 90' lang='lat' dir='ltr'>quam</span> <span class='ocrx_word' id='word_1_127' title='bbox 651 979 998 1035; x_wconf 80' lang='lat' dir='ltr'>diligentissime</span> <span class='ocrx_word' id='word_1_128' title='bbox 1035 984 1183 1037; x_wconf 84' lang='lat' dir='ltr'>potui,</span> <span class='ocrx_word' id='word_1_129' title='bbox 1233 999 1409 1029; x_wconf 85' lang='lat' dir='ltr'>causam</span> <span class='ocrx_word' id='word_1_130' title='bbox 1457 989 1521 1030; x_wconf 81' lang='lat' dir='ltr'>rei</span> 
     </span>
    </p>
   </div>
   <div class='ocr_carea' id='block_1_8' title="bbox 5 1036 1524 1094">
    <p class='ocr_par' dir='ltr' id='par_1_8' title="bbox 5 1036 1524 1094">
     <span class='ocr_line' id='line_1_18' title="bbox 5 1036 1524 1094; baseline 0.007 -18"><span class='ocrx_word' id='word_1_131' title='bbox 5 1056 6 1060; x_wconf 61' lang='lat'><em>=</em></span> <span class='ocrx_word' id='word_1_132' title='bbox 33 1036 240 1090; x_wconf 81' lang='lat' dir='ltr'>publicae</span> <span class='ocrx_word' id='word_1_133' title='bbox 269 1037 366 1090; x_wconf 81' lang='lat' dir='ltr'>egi:</span> <span class='ocrx_word' id='word_1_134' title='bbox 395 1036 733 1090; x_wconf 84' lang='lat' dir='ltr'>periculumque</span> <span class='ocrx_word' id='word_1_135' title='bbox 763 1050 916 1089; x_wconf 82' lang='lat' dir='ltr'>omne,</span> <span class='ocrx_word' id='word_1_136' title='bbox 949 1040 1069 1092; x_wconf 88' lang='lat' dir='ltr'>quod</span> <span class='ocrx_word' id='word_1_137' title='bbox 1098 1040 1313 1094; x_wconf 83' lang='lat' dir='ltr'>instaret,</span> <span class='ocrx_word' id='word_1_138' title='bbox 1361 1046 1401 1085; x_wconf 92' lang='lat' dir='ltr'>si</span> <span class='ocrx_word' id='word_1_139' title='bbox 1443 1045 1524 1086; x_wconf 89' lang='lat' dir='ltr'>ille</span> 
     </span>
    </p>
   </div>
   <div class='ocr_carea' id='block_1_9' title="bbox 31 1092 1521 1592">
    <p class='ocr_par' dir='ltr' id='par_1_9' title="bbox 31 1092 1521 1592">
     <span class='ocr_line' id='line_1_19' title="bbox 33 1092 1518 1154; baseline 0.005 -22"><span class='ocrx_word' id='word_1_140' title='bbox 33 1093 152 1132; x_wconf 86' lang='lat' dir='ltr'>latro</span> <span class='ocrx_word' id='word_1_141' title='bbox 202 1105 302 1133; x_wconf 82' lang='lat' dir='ltr'>cum</span> <span class='ocrx_word' id='word_1_142' title='bbox 343 1094 436 1133; x_wconf 89' lang='lat' dir='ltr'>suis</span> <span class='ocrx_word' id='word_1_143' title='bbox 485 1092 688 1132; x_wconf 88' lang='lat' dir='ltr'>omnibus</span> <span class='ocrx_word' id='word_1_144' title='bbox 733 1105 868 1134; x_wconf 86' lang='lat' dir='ltr'>naves</span> <span class='ocrx_word' id='word_1_145' title='bbox 917 1096 1271 1150; x_wconf 64' lang='lat' dir='ltr'>conscendisset,</span> <span class='ocrx_word' id='word_1_146' title='bbox 1323 1103 1518 1154; x_wconf 69' lang='lat' dir='ltr'>exposui</span> 
     </span>
     <span class='ocr_line' id='line_1_20' title="bbox 31 1146 1521 1202; baseline 0.007 -14"><span class='ocrx_word' id='word_1_147' title='bbox 31 1146 241 1189; x_wconf 88' lang='lat' dir='ltr'>Rhodios</span> <span class='ocrx_word' id='word_1_148' title='bbox 271 1150 419 1188; x_wconf 85' lang='lat' dir='ltr'>autem</span> <span class='ocrx_word' id='word_1_149' title='bbox 447 1149 574 1188; x_wconf 86' lang='lat' dir='ltr'>tanta</span> <span class='ocrx_word' id='word_1_150' title='bbox 602 1147 648 1186; x_wconf 92' lang='lat' dir='ltr'>in</span> <span class='ocrx_word' id='word_1_151' title='bbox 678 1148 901 1201; x_wconf 86' lang='lat' dir='ltr'>pravitate</span> <span class='ocrx_word' id='word_1_152' title='bbox 931 1151 1252 1202; x_wconf 81' lang='lat' dir='ltr'>animadverti,</span> <span class='ocrx_word' id='word_1_153' title='bbox 1292 1159 1339 1195; x_wconf 88' lang='lat' dir='ltr'>ut</span> <span class='ocrx_word' id='word_1_154' title='bbox 1369 1170 1521 1198; x_wconf 84' lang='lat' dir='ltr'>omnes</span> 
     </span>
     <span class='ocr_line' id='line_1_21' title="bbox 32 1203 1521 1258; baseline 0.005 -14"><span class='ocrx_word' id='word_1_155' title='bbox 32 1203 254 1244; x_wconf 85' lang='lat' dir='ltr'>firmiores</span> <span class='ocrx_word' id='word_1_156' title='bbox 284 1207 505 1258; x_wconf 87' lang='lat' dir='ltr'>putarent,</span> <span class='ocrx_word' id='word_1_157' title='bbox 545 1216 677 1256; x_wconf 87' lang='lat' dir='ltr'>quam</span> <span class='ocrx_word' id='word_1_158' title='bbox 708 1204 870 1249; x_wconf 87' lang='lat' dir='ltr'>bonos;</span> <span class='ocrx_word' id='word_1_159' title='bbox 911 1210 961 1246; x_wconf 85' lang='lat' dir='ltr'>ut</span> <span class='ocrx_word' id='word_1_160' title='bbox 1000 1205 1117 1247; x_wconf 84' lang='lat' dir='ltr'>hane</span> <span class='ocrx_word' id='word_1_161' title='bbox 1157 1206 1445 1255; x_wconf 75' lang='lat' dir='ltr'>concordiam</span> <span class='ocrx_word' id='word_1_162' title='bbox 1476 1217 1521 1253; x_wconf 88' lang='lat' dir='ltr'>et</span> 
     </span>
     <span class='ocr_line' id='line_1_22' title="bbox 32 1257 1519 1313; baseline 0.005 -12"><span class='ocrx_word' id='word_1_163' title='bbox 32 1257 404 1313; x_wconf 85' lang='lat' dir='ltr'>conspirationem</span> <span class='ocrx_word' id='word_1_164' title='bbox 444 1258 639 1300; x_wconf 90' lang='lat' dir='ltr'>omnium</span> <span class='ocrx_word' id='word_1_165' title='bbox 679 1259 887 1300; x_wconf 84' lang='lat' dir='ltr'>ordinum</span> <span class='ocrx_word' id='word_1_166' title='bbox 927 1261 985 1302; x_wconf 86' lang='lat' dir='ltr'>ad</span> <span class='ocrx_word' id='word_1_167' title='bbox 1023 1261 1348 1306; x_wconf 85' lang='lat' dir='ltr'>defendendam</span> <span class='ocrx_word' id='word_1_168' title='bbox 1386 1268 1519 1308; x_wconf 56' lang='lat' dir='ltr'>liber-2</span> 
     </span>
     <span class='ocr_line' id='line_1_23' title="bbox 31 1314 1518 1373; baseline 0.005 -17"><span class='ocrx_word' id='word_1_169' title='bbox 31 1320 168 1356; x_wconf 85' lang='lat' dir='ltr'>tatem</span> <span class='ocrx_word' id='word_1_170' title='bbox 197 1327 414 1369; x_wconf 85' lang='lat' dir='ltr'>propense</span> <span class='ocrx_word' id='word_1_171' title='bbox 444 1326 533 1356; x_wconf 88' lang='lat' dir='ltr'>non</span> <span class='ocrx_word' id='word_1_172' title='bbox 563 1314 801 1355; x_wconf 85' lang='lat' dir='ltr'>crederent</span> <span class='ocrx_word' id='word_1_173' title='bbox 830 1329 927 1356; x_wconf 89' lang='lat' dir='ltr'>esse</span> <span class='ocrx_word' id='word_1_174' title='bbox 957 1316 1147 1360; x_wconf 86' lang='lat' dir='ltr'>factam:</span> <span class='ocrx_word' id='word_1_175' title='bbox 1178 1325 1227 1360; x_wconf 93' lang='lat' dir='ltr'>ut</span> <span class='ocrx_word' id='word_1_176' title='bbox 1256 1323 1518 1373; x_wconf 84' lang='lat' dir='ltr'>patientiam</span> 
     </span>
     <span class='ocr_line' id='line_1_24' title="bbox 32 1369 1517 1425; baseline 0.005 -13"><span class='ocrx_word' id='word_1_177' title='bbox 32 1374 210 1412; x_wconf 87' lang='lat' dir='ltr'>senatus</span> <span class='ocrx_word' id='word_1_178' title='bbox 240 1375 285 1411; x_wconf 88' lang='lat' dir='ltr'>et</span> <span class='ocrx_word' id='word_1_179' title='bbox 315 1370 475 1425; x_wconf 89' lang='lat' dir='ltr'>optimi</span> <span class='ocrx_word' id='word_1_180' title='bbox 503 1369 718 1424; x_wconf 85' lang='lat' dir='ltr'>cuiusque</span> <span class='ocrx_word' id='word_1_181' title='bbox 747 1384 926 1412; x_wconf 87' lang='lat' dir='ltr'>manere</span> <span class='ocrx_word' id='word_1_182' title='bbox 958 1374 1212 1421; x_wconf 81' lang='lat' dir='ltr'>etiamnunc</span> <span class='ocrx_word' id='word_1_183' title='bbox 1241 1376 1517 1419; x_wconf 82' lang='lat' dir='ltr'>confiderent</span> 
     </span>
     <span class='ocr_line' id='line_1_25' title="bbox 32 1426 1517 1481; baseline 0.005 -13"><span class='ocrx_word' id='word_1_184' title='bbox 32 1440 117 1468; x_wconf 89' lang='lat' dir='ltr'>nec</span> <span class='ocrx_word' id='word_1_185' title='bbox 144 1426 343 1481; x_wconf 85' lang='lat' dir='ltr'>potuisse</span> <span class='ocrx_word' id='word_1_186' title='bbox 372 1426 537 1468; x_wconf 84' lang='lat' dir='ltr'>audere</span> <span class='ocrx_word' id='word_1_187' title='bbox 567 1439 830 1480; x_wconf 87' lang='lat' dir='ltr'>quemquam</span> <span class='ocrx_word' id='word_1_188' title='bbox 861 1427 1146 1470; x_wconf 87' lang='lat' dir='ltr'>Dolabellam</span> <span class='ocrx_word' id='word_1_189' title='bbox 1186 1430 1361 1473; x_wconf 89' lang='lat' dir='ltr'>hostem</span> <span class='ocrx_word' id='word_1_190' title='bbox 1400 1435 1517 1475; x_wconf 76' lang='lat' dir='ltr'>iudi-</span> 
     </span>
     <span class='ocr_line' id='line_1_26' title="bbox 33 1481 1516 1544; baseline 0.005 -20"><span class='ocrx_word' id='word_1_191' title='bbox 33 1496 155 1524; x_wconf 85' lang='lat' dir='ltr'>care:</span> <span class='ocrx_word' id='word_1_192' title='bbox 184 1485 234 1523; x_wconf 88' lang='lat' dir='ltr'>ut</span> <span class='ocrx_word' id='word_1_193' title='bbox 262 1481 449 1537; x_wconf 86' lang='lat' dir='ltr'>denique</span> <span class='ocrx_word' id='word_1_194' title='bbox 480 1482 651 1535; x_wconf 85' lang='lat' dir='ltr'>omnia,</span> <span class='ocrx_word' id='word_1_195' title='bbox 694 1495 806 1537; x_wconf 89' lang='lat' dir='ltr'>quae</span> <span class='ocrx_word' id='word_1_196' title='bbox 846 1483 1039 1537; x_wconf 88' lang='lat' dir='ltr'>improbi</span> <span class='ocrx_word' id='word_1_197' title='bbox 1083 1485 1331 1540; x_wconf 79' lang='lat' dir='ltr'>fingebant,</span> <span class='ocrx_word' id='word_1_198' title='bbox 1377 1491 1516 1544; x_wconf 75' lang='lat' dir='ltr'>magis</span> 
     </span>
     <span class='ocr_line' id='line_1_27' title="bbox 31 1537 1517 1592; baseline 0.003 -12"><span class='ocrx_word' id='word_1_199' title='bbox 31 1552 138 1580; x_wconf 77' lang='lat' dir='ltr'>vera</span> <span class='ocrx_word' id='word_1_200' title='bbox 167 1537 507 1590; x_wconf 73' lang='lat' dir='ltr'>existimarent,</span> <span class='ocrx_word' id='word_1_201' title='bbox 545 1551 677 1592; x_wconf 90' lang='lat' dir='ltr'>quam</span> <span class='ocrx_word' id='word_1_202' title='bbox 717 1551 829 1592; x_wconf 88' lang='lat' dir='ltr'>quae</span> <span class='ocrx_word' id='word_1_203' title='bbox 862 1553 961 1580; x_wconf 80' lang='lat' dir='ltr'>vere</span> <span class='ocrx_word' id='word_1_204' title='bbox 1001 1539 1123 1582; x_wconf 86' lang='lat' dir='ltr'>facta</span> <span class='ocrx_word' id='word_1_205' title='bbox 1152 1547 1281 1583; x_wconf 84' lang='lat' dir='ltr'>erant</span> <span class='ocrx_word' id='word_1_206' title='bbox 1311 1548 1355 1584; x_wconf 90' lang='lat' dir='ltr'>et</span> <span class='ocrx_word' id='word_1_207' title='bbox 1385 1559 1410 1586; x_wconf 86' lang='lat' dir='ltr'>a</span> <span class='ocrx_word' id='word_1_208' title='bbox 1440 1560 1517 1588; x_wconf 79' lang='lat' dir='ltr'>no-</span> 
     </span>
    </p>
   </div>
   <div class='ocr_carea' id='block_1_10' title="bbox 31 1732 1519 2024">
    <p class='ocr_par' dir='ltr' id='par_1_10' title="bbox 31 1732 1519 2024">
     <span class='ocr_line' id='line_1_28' title="bbox 34 1732 1519 1782; baseline 0.006 -18"><span class='ocrx_word' id='word_1_209' title='bbox 34 1751 72 1757; x_wconf 89' lang='lat'>-</span> <span class='ocrx_word' id='word_1_210' title='bbox 109 1732 280 1772; x_wconf 73' lang='lat' dir='ltr'>statione,</span> <span class='ocrx_word' id='word_1_211' title='bbox 306 1732 390 1765; x_wconf 87' lang='lat' dir='ltr'>loco</span> <span class='ocrx_word' id='word_1_212' title='bbox 418 1737 525 1766; x_wconf 82' lang='lat' dir='ltr'>extra</span> <span class='ocrx_word' id='word_1_213' title='bbox 551 1738 723 1777; x_wconf 80' lang='lat' dir='ltr'>portum,</span> <span class='ocrx_word' id='word_1_214' title='bbox 759 1743 832 1776; x_wconf 84' lang='lat' dir='ltr'>quo</span> <span class='ocrx_word' id='word_1_215' title='bbox 859 1745 971 1767; x_wconf 85' lang='lat' dir='ltr'>naves</span> <span class='ocrx_word' id='word_1_216' title='bbox 997 1735 1193 1780; x_wconf 79' lang='lat' dir='ltr'>appellere</span> <span class='ocrx_word' id='word_1_217' title='bbox 1219 1745 1398 1782; x_wconf 56' lang='lat' dir='ltr'>possunn·</span> <span class='ocrx_word' id='word_1_218' title='bbox 1441 1739 1519 1773; x_wconf 80' lang='lat' dir='ltr'>cine</span> 
     </span>
     <span class='ocr_line' id='line_1_29' title="bbox 33 1778 1515 1828; baseline 0.006 -16"><span class='ocrx_word' id='word_1_219' title='bbox 33 1778 163 1813; x_wconf 74' lang='lat' dir='ltr'>Rhede.</span> <span class='ocrx_word' id='word_1_220' title='bbox 197 1779 308 1815; x_wconf 81' lang='lat' dir='ltr'><strong><em>SCH.</em></strong></span> <span class='ocrx_word' id='word_1_221' title='bbox 363 1798 403 1804; x_wconf 97' lang='lat'><strong>—</strong></span> <span class='ocrx_word' id='word_1_222' title='bbox 457 1790 551 1823; x_wconf 74' lang='lat' dir='ltr'>aqna</span> <span class='ocrx_word' id='word_1_223' title='bbox 591 1779 637 1813; x_wconf 90' lang='lat' dir='ltr'>ad</span> <span class='ocrx_word' id='word_1_224' title='bbox 670 1780 896 1823; x_wconf 83' lang='lat' dir='ltr'>bibendum,</span> <span class='ocrx_word' id='word_1_225' title='bbox 939 1790 1258 1828; x_wconf 72' lang='lat' dir='ltr'>quampeterent</span> <span class='ocrx_word' id='word_1_226' title='bbox 1293 1786 1332 1818; x_wconf 88' lang='lat' dir='ltr'>in</span> <span class='ocrx_word' id='word_1_227' title='bbox 1375 1793 1515 1821; x_wconf 81' lang='lat' dir='ltr'>terram</span> 
     </span>
     <span class='ocr_line' id='line_1_30' title="bbox 34 1827 1516 1881; baseline 0.006 -22"><span class='ocrx_word' id='word_1_228' title='bbox 34 1827 190 1875; x_wconf 78' lang='lat' dir='ltr'>egressi.</span> <span class='ocrx_word' id='word_1_229' title='bbox 216 1827 446 1862; x_wconf 79' lang='lat' dir='ltr'><strong><em>ERNESTI.</em></strong></span> <span class='ocrx_word' id='word_1_230' title='bbox 482 1846 530 1852; x_wconf 90' lang='lat'>-—-</span> <span class='ocrx_word' id='word_1_231' title='bbox 562 1828 737 1871; x_wconf 59' lang='lat' dir='ltr'>reaper„</span> <span class='ocrx_word' id='word_1_232' title='bbox 764 1829 923 1862; x_wconf 80' lang='lat' dir='ltr'>wurden</span> <span class='ocrx_word' id='word_1_233' title='bbox 951 1830 1027 1864; x_wconf 83' lang='lat' dir='ltr'>wir</span> <span class='ocrx_word' id='word_1_234' title='bbox 1051 1830 1163 1864; x_wconf 77' lang='lat' dir='ltr'>kanni</span> <span class='ocrx_word' id='word_1_235' title='bbox 1193 1833 1442 1881; x_wconf 79' lang='lat' dir='ltr'>eingelassen.</span> <span class='ocrx_word' id='word_1_236' title='bbox 1474 1855 1516 1859; x_wconf 91' lang='lat'>-—</span> 
     </span>
     <span class='ocr_line' id='line_1_31' title="bbox 31 1875 1516 1922; baseline 0.005 -14"><span class='ocrx_word' id='word_1_237' title='bbox 31 1886 116 1920; x_wconf 82' lang='lat' dir='ltr'>pop.</span> <span class='ocrx_word' id='word_1_238' title='bbox 143 1875 315 1909; x_wconf 78' lang='lat' dir='ltr'>Romani.</span> <span class='ocrx_word' id='word_1_239' title='bbox 343 1875 437 1910; x_wconf 85' lang='lat' dir='ltr'>Ern.</span> <span class='ocrx_word' id='word_1_240' title='bbox 465 1875 552 1909; x_wconf 86' lang='lat' dir='ltr'>Sch.</span> <span class='ocrx_word' id='word_1_241' title='bbox 578 1876 673 1910; x_wconf 79' lang='lat' dir='ltr'>Liin.</span> <span class='ocrx_word' id='word_1_242' title='bbox 725 1876 1073 1922; x_wconf 79' lang='lat' dir='ltr'>deminutionemque</span> <span class='ocrx_word' id='word_1_243' title='bbox 1098 1890 1167 1912; x_wconf 79' lang='lat' dir='ltr'>non</span> <span class='ocrx_word' id='word_1_244' title='bbox 1193 1883 1308 1914; x_wconf 78' lang='lat' dir='ltr'>solum</span> <span class='ocrx_word' id='word_1_245' title='bbox 1332 1883 1428 1916; x_wconf 70' lang='lat' dir='ltr'>iuris</span> <span class='ocrx_word' id='word_1_246' title='bbox 1452 1895 1516 1917; x_wconf 78' lang='lat' dir='ltr'>no-</span> 
     </span>
     <span class='ocr_line' id='line_1_32' title="bbox 32 1923 1515 1970; baseline 0.005 -14"><span class='ocrx_word' id='word_1_247' title='bbox 32 1924 117 1967; x_wconf 81' lang='lat' dir='ltr'>stri,</span> <span class='ocrx_word' id='word_1_248' title='bbox 139 1924 203 1956; x_wconf 84' lang='lat' dir='ltr'>sed</span> <span class='ocrx_word' id='word_1_249' title='bbox 227 1924 336 1956; x_wconf 83' lang='lat' dir='ltr'>etiam</span> <span class='ocrx_word' id='word_1_250' title='bbox 362 1923 568 1957; x_wconf 68' lang='lat' dir='ltr'>maiestatis</span> <span class='ocrx_word' id='word_1_251' title='bbox 591 1923 806 1968; x_wconf 77' lang='lat' dir='ltr'>imperiique</span> <span class='ocrx_word' id='word_1_252' title='bbox 831 1925 873 1959; x_wconf 89' lang='lat' dir='ltr'>P.</span> <span class='ocrx_word' id='word_1_253' title='bbox 901 1926 945 1960; x_wconf 77' lang='lat' dir='ltr'>R.</span> <span class='ocrx_word' id='word_1_254' title='bbox 984 1926 1125 1970; x_wconf 82' lang='lat' dir='ltr'>partim</span> <span class='ocrx_word' id='word_1_255' title='bbox 1160 1928 1205 1962; x_wconf 87' lang='lat' dir='ltr'>de</span> <span class='ocrx_word' id='word_1_256' title='bbox 1240 1929 1399 1964; x_wconf 85' lang='lat' dir='ltr'>Rubenii</span> <span class='ocrx_word' id='word_1_257' title='bbox 1427 1943 1515 1965; x_wconf 89' lang='lat' dir='ltr'>con-</span> 
     </span>
     <span class='ocr_line' id='line_1_33' title="bbox 32 1971 1516 2024; baseline 0.005 -19"><span class='ocrx_word' id='word_1_258' title='bbox 32 1971 186 2006; x_wconf 78' lang='lat' dir='ltr'>iectura.</span> <span class='ocrx_word' id='word_1_259' title='bbox 215 1971 412 2006; x_wconf 82' lang='lat' dir='ltr'><em>ORELLI.</em></span> <span class='ocrx_word' id='word_1_260' title='bbox 460 1972 601 2014; x_wconf 80' lang='lat' dir='ltr'>„Diese</span> <span class='ocrx_word' id='word_1_261' title='bbox 627 1971 817 2006; x_wconf 83' lang='lat' dir='ltr'>Schmach</span> <span class='ocrx_word' id='word_1_262' title='bbox 851 1973 927 2007; x_wconf 84' lang='lat' dir='ltr'>und</span> <span class='ocrx_word' id='word_1_263' title='bbox 961 1974 1244 2024; x_wconf 67' lang='lat' dir='ltr'>Schm&#39;dlerung·</span> <span class='ocrx_word' id='word_1_264' title='bbox 1267 2003 1274 2010; x_wconf 95' lang='lat'><strong><em>.</em></strong></span> <span class='ocrx_word' id='word_1_265' title='bbox 1302 2001 1312 2010; x_wconf 90' lang='lat'><strong><em>.</em></strong></span> <span class='ocrx_word' id='word_1_266' title='bbox 1341 2005 1348 2011; x_wconf 93' lang='lat'><strong><em>.</em></strong></span> <span class='ocrx_word' id='word_1_267' title='bbox 1379 1979 1516 2013; x_wconf 84' lang='lat' dir='ltr'>liessen</span> 
     </span>
    </p>
   </div>
   <div class='ocr_carea' id='block_1_11' title="bbox 12 2018 1519 2116">
    <p class='ocr_par' dir='ltr' id='par_1_11' title="bbox 12 2018 1519 2116">
     <span class='ocr_line' id='line_1_34' title="bbox 12 2018 1519 2067; baseline 0.006 -15"><span class='ocrx_word' id='word_1_268' title='bbox 12 2020 109 2054; x_wconf 49' lang='grc' dir='ltr'>Ἰινὶῐ·</span> <span class='ocrx_word' id='word_1_269' title='bbox 134 2031 203 2053; x_wconf 89' lang='lat' dir='ltr'>uns</span> <span class='ocrx_word' id='word_1_270' title='bbox 229 2020 327 2064; x_wconf 61' lang='lat' dir='ltr'>bloss</span> <span class='ocrx_word' id='word_1_271' title='bbox 353 2018 576 2067; x_wconf 78' lang='lat' dir='ltr'>‹lesswegen</span> <span class='ocrx_word' id='word_1_272' title='bbox 602 2021 782 2067; x_wconf 78' lang='lat' dir='ltr'>gesallen.</span> <span class='ocrx_word' id='word_1_273' title='bbox 810 2040 853 2045; x_wconf 97' lang='lat'><strong>—</strong></span> <span class='ocrx_word' id='word_1_274' title='bbox 891 2022 926 2054; x_wconf 69' lang='grc' dir='ltr'>εἰ</span> <span class='ocrx_word' id='word_1_275' title='bbox 950 2023 1172 2065; x_wconf 77' lang='lat' dir='ltr'>desperasset</span> <span class='ocrx_word' id='word_1_276' title='bbox 1198 2027 1239 2058; x_wconf 76' lang='lat' dir='ltr'>de</span> <span class='ocrx_word' id='word_1_277' title='bbox 1263 2025 1315 2065; x_wconf 87' lang='lat' dir='ltr'>S.‚</span> <span class='ocrx_word' id='word_1_278' title='bbox 1337 2038 1450 2060; x_wconf 78' lang='lat' dir='ltr'>werin</span> <span class='ocrx_word' id='word_1_279' title='bbox 1477 2039 1519 2061; x_wconf 82' lang='lat' dir='ltr'>er</span> 
     </span>
     <span class='ocr_line' id='line_1_35' title="bbox 12 2067 1518 2116; baseline 0.005 -16"><span class='ocrx_word' id='word_1_280' title='bbox 12 2067 173 2112; x_wconf 61' lang='lat' dir='ltr'>1Syrien</span> <span class='ocrx_word' id='word_1_281' title='bbox 201 2067 277 2100; x_wconf 88' lang='lat' dir='ltr'>und</span> <span class='ocrx_word' id='word_1_282' title='bbox 294 2068 472 2115; x_wconf 74' lang='lat' dir='ltr'>Agypten</span> <span class='ocrx_word' id='word_1_283' title='bbox 499 2069 683 2116; x_wconf 82' lang='lat' dir='ltr'>ausgeben</span> <span class='ocrx_word' id='word_1_284' title='bbox 709 2071 861 2106; x_wconf 70' lang='lat' dir='ltr'>miisste.</span> <span class='ocrx_word' id='word_1_285' title='bbox 898 2069 934 2103; x_wconf 90' lang='lat' dir='ltr'>S.</span> <span class='ocrx_word' id='word_1_286' title='bbox 966 2081 1023 2114; x_wconf 79' lang='lat' dir='ltr'>ep.</span> <span class='ocrx_word' id='word_1_287' title='bbox 1051 2073 1129 2106; x_wconf 77' lang='lat'><strong>798.</strong></span> <span class='ocrx_word' id='word_1_288' title='bbox 1160 2093 1201 2098; x_wconf 91' lang='lat'><strong>—</strong></span> <span class='ocrx_word' id='word_1_289' title='bbox 1229 2073 1336 2107; x_wconf 61' lang='lat' dir='ltr'>clusam</span> <span class='ocrx_word' id='word_1_290' title='bbox 1362 2076 1518 2108; x_wconf 75' lang='lat' dir='ltr'>millium</span> 
     </span>
    </p>
   </div>
   <div class='ocr_carea' id='block_1_12' title="bbox 32 2115 1517 2305">
    <p class='ocr_par' dir='ltr' id='par_1_12' title="bbox 32 2115 1517 2305">
     <span class='ocr_line' id='line_1_36' title="bbox 33 2115 1516 2162; baseline 0.005 -15"><span class='ocrx_word' id='word_1_291' title='bbox 33 2115 247 2162; x_wconf 47' lang='lat' dir='ltr'>simphoriam</span> <span class='ocrx_word' id='word_1_292' title='bbox 272 2116 298 2151; x_wconf 86' lang='lat' dir='ltr'>i.</span> <span class='ocrx_word' id='word_1_293' title='bbox 328 2127 358 2148; x_wconf 88' lang='lat' dir='ltr'>e.</span> <span class='ocrx_word' id='word_1_294' title='bbox 384 2116 676 2161; x_wconf 81' lang='lat' dir='ltr'>amphorarum,</span> <span class='ocrx_word' id='word_1_295' title='bbox 705 2117 757 2150; x_wconf 87' lang='lat' dir='ltr'>als</span> <span class='ocrx_word' id='word_1_296' title='bbox 791 2128 861 2150; x_wconf 86' lang='lat' dir='ltr'>von</span> <span class='ocrx_word' id='word_1_297' title='bbox 898 2120 989 2152; x_wconf 87' lang='grc'>2000</span> <span class='ocrx_word' id='word_1_298' title='bbox 1015 2119 1173 2152; x_wconf 84' lang='lat' dir='ltr'>Eimern</span> <span class='ocrx_word' id='word_1_299' title='bbox 1201 2135 1248 2151; x_wconf 89' lang='lat'><strong><em>=</em></strong></span> <span class='ocrx_word' id='word_1_300' title='bbox 1273 2124 1319 2157; x_wconf 82' lang='lat'>56</span> <span class='ocrx_word' id='word_1_301' title='bbox 1346 2122 1516 2157; x_wconf 70' lang='lat' dir='ltr'>Tonnenr</span> 
     </span>
     <span class='ocr_line' id='line_1_37' title="bbox 34 2163 1517 2212; baseline 0.003 -14"><span class='ocrx_word' id='word_1_302' title='bbox 34 2164 138 2198; x_wconf 88' lang='lat' dir='ltr'>Uber</span> <span class='ocrx_word' id='word_1_303' title='bbox 167 2164 230 2198; x_wconf 82' lang='lat' dir='ltr'>die</span> <span class='ocrx_word' id='word_1_304' title='bbox 261 2163 491 2211; x_wconf 73' lang='lat' dir='ltr'>Auslassung</span> <span class='ocrx_word' id='word_1_305' title='bbox 522 2175 597 2198; x_wconf 86' lang='lat' dir='ltr'>von</span> <span class='ocrx_word' id='word_1_306' title='bbox 631 2175 733 2209; x_wconf 78' lang='lat' dir='ltr'>quam</span> <span class='ocrx_word' id='word_1_307' title='bbox 767 2164 863 2198; x_wconf 82' lang='lat' dir='ltr'>nach</span> <span class='ocrx_word' id='word_1_308' title='bbox 897 2166 1016 2199; x_wconf 76' lang='lat' dir='ltr'>minor</span> <span class='ocrx_word' id='word_1_309' title='bbox 1047 2179 1075 2201; x_wconf 86' lang='lat' dir='ltr'>s.</span> <span class='ocrx_word' id='word_1_310' title='bbox 1114 2167 1266 2202; x_wconf 75' lang='lat' dir='ltr'>Ramsh.</span> <span class='ocrx_word' id='word_1_311' title='bbox 1304 2170 1337 2212; x_wconf 83' lang='lat'>§.</span> <span class='ocrx_word' id='word_1_312' title='bbox 1374 2173 1454 2212; x_wconf 74' lang='lat'>155,</span> <span class='ocrx_word' id='word_1_313' title='bbox 1481 2174 1517 2207; x_wconf 85' lang='lat'>2.</span> 
     </span>
     <span class='ocr_line' id='line_1_38' title="bbox 35 2210 1517 2266; baseline 0.005 -21"><span class='ocrx_word' id='word_1_314' title='bbox 35 2211 182 2247; x_wconf 83' lang='lat' dir='ltr'>Grotes.</span> <span class='ocrx_word' id='word_1_315' title='bbox 208 2212 237 2254; x_wconf 86' lang='lat'>§.</span> <span class='ocrx_word' id='word_1_316' title='bbox 263 2210 345 2247; x_wconf 81' lang='lat'><strong>387.</strong></span> <span class='ocrx_word' id='word_1_317' title='bbox 374 2233 415 2239; x_wconf 89' lang='lat'><strong>—</strong></span> <span class='ocrx_word' id='word_1_318' title='bbox 445 2217 652 2246; x_wconf 77' lang='lat' dir='ltr'>contractas</span> <span class='ocrx_word' id='word_1_319' title='bbox 678 2213 714 2246; x_wconf 81' lang='lat' dir='ltr'>in</span> <span class='ocrx_word' id='word_1_320' title='bbox 741 2212 867 2258; x_wconf 78' lang='lat' dir='ltr'>Lycia,</span> <span class='ocrx_word' id='word_1_321' title='bbox 894 2214 954 2247; x_wconf 88' lang='lat' dir='ltr'>die</span> <span class='ocrx_word' id='word_1_322' title='bbox 979 2226 1020 2248; x_wconf 82' lang='lat' dir='ltr'>er</span> <span class='ocrx_word' id='word_1_323' title='bbox 1045 2215 1083 2248; x_wconf 89' lang='lat' dir='ltr'>in</span> <span class='ocrx_word' id='word_1_324' title='bbox 1097 2215 1243 2261; x_wconf 86' lang='lat' dir='ltr'>Lycien</span> <span class='ocrx_word' id='word_1_325' title='bbox 1269 2219 1517 2266; x_wconf 73' lang='lat' dir='ltr'>ansgebracht</span> 
     </span>
     <span class='ocr_line' id='line_1_39' title="bbox 32 2259 644 2305; baseline 0.002 -12"><span class='ocrx_word' id='word_1_326' title='bbox 32 2259 153 2294; x_wconf 82' lang='lat' dir='ltr'>hatte.</span> <span class='ocrx_word' id='word_1_327' title='bbox 181 2279 222 2284; x_wconf 96' lang='lat'><strong>—</strong></span> <span class='ocrx_word' id='word_1_328' title='bbox 251 2260 424 2305; x_wconf 72' lang='lat' dir='ltr'>obsideri,</span> <span class='ocrx_word' id='word_1_329' title='bbox 450 2260 644 2295; x_wconf 83' lang='lat' dir='ltr'>custodiri.</span> 
     </span>
    </p>
   </div>
   <div class='ocr_carea' id='block_1_13' title="bbox 35 2327 1518 2424">
    <p class='ocr_par' dir='ltr' id='par_1_13' title="bbox 35 2327 1518 2424">
     <span class='ocr_line' id='line_1_40' title="bbox 130 2327 1518 2377; baseline 0.004 -15"><span class='ocrx_word' id='word_1_330' title='bbox 130 2328 164 2362; x_wconf 88' lang='grc'>3.</span> <span class='ocrx_word' id='word_1_331' title='bbox 214 2327 264 2360; x_wconf 81' lang='lat' dir='ltr'>ad</span> <span class='ocrx_word' id='word_1_332' title='bbox 285 2327 392 2362; x_wconf 78' lang='lat' dir='ltr'>illor.</span> <span class='ocrx_word' id='word_1_333' title='bbox 416 2328 566 2369; x_wconf 62' lang='lat' dir='ltr'>volunt„</span> <span class='ocrx_word' id='word_1_334' title='bbox 594 2327 690 2361; x_wconf 79' lang='lat' dir='ltr'>sicut</span> <span class='ocrx_word' id='word_1_335' title='bbox 717 2328 791 2374; x_wconf 87' lang='lat' dir='ltr'>ipsi</span> <span class='ocrx_word' id='word_1_336' title='bbox 827 2329 1014 2364; x_wconf 80' lang='lat' dir='ltr'>volebant.</span> <span class='ocrx_word' id='word_1_337' title='bbox 1043 2350 1085 2357; x_wconf 83' lang='lat'>-—</span> <span class='ocrx_word' id='word_1_338' title='bbox 1123 2342 1270 2365; x_wconf 78' lang='lat' dir='ltr'>cansam</span> <span class='ocrx_word' id='word_1_339' title='bbox 1296 2334 1352 2367; x_wconf 83' lang='lat' dir='ltr'>rei</span> <span class='ocrx_word' id='word_1_340' title='bbox 1375 2345 1410 2377; x_wconf 82' lang='lat' dir='ltr'>p.</span> <span class='ocrx_word' id='word_1_341' title='bbox 1439 2335 1518 2377; x_wconf 75' lang='lat' dir='ltr'>egi,</span> 
     </span>
     <span class='ocr_line' id='line_1_41' title="bbox 35 2375 1516 2424; baseline 0.004 -15"><span class='ocrx_word' id='word_1_342' title='bbox 35 2375 99 2409; x_wconf 78' lang='lat' dir='ltr'>das</span> <span class='ocrx_word' id='word_1_343' title='bbox 126 2375 314 2409; x_wconf 79' lang='lat' dir='ltr'>Interesse</span> <span class='ocrx_word' id='word_1_344' title='bbox 339 2375 409 2409; x_wconf 83' lang='lat' dir='ltr'>der</span> <span class='ocrx_word' id='word_1_345' title='bbox 433 2375 627 2421; x_wconf 83' lang='lat' dir='ltr'>Republik</span> <span class='ocrx_word' id='word_1_346' title='bbox 651 2384 821 2424; x_wconf 67' lang='lat' dir='ltr'>vorti-ug.</span> <span class='ocrx_word' id='word_1_347' title='bbox 864 2396 911 2402; x_wconf 89' lang='lat'>—</span> <span class='ocrx_word' id='word_1_348' title='bbox 952 2380 1061 2415; x_wconf 79' lang='lat' dir='ltr'>latro,</span> <span class='ocrx_word' id='word_1_349' title='bbox 1089 2379 1298 2413; x_wconf 76' lang='lat' dir='ltr'>Dolabella.</span> <span class='ocrx_word' id='word_1_350' title='bbox 1342 2393 1389 2406; x_wconf 66' lang='lat'><em>—</em></span> <span class='ocrx_word' id='word_1_351' title='bbox 1433 2393 1516 2415; x_wconf 77' lang='lat' dir='ltr'>eon-</span> 
     </span>
    </p>
   </div>
   <div class='ocr_carea' id='block_1_14' title="bbox 14 2420 1515 2564">
    <p class='ocr_par' dir='ltr' id='par_1_14' title="bbox 14 2420 1515 2564">
     <span class='ocr_line' id='line_1_42' title="bbox 14 2420 1515 2473; baseline 0.005 -19"><span class='ocrx_word' id='word_1_352' title='bbox 14 2420 168 2464; x_wconf 65' lang='lat' dir='ltr'>‹Jscend.‚</span> <span class='ocrx_word' id='word_1_353' title='bbox 192 2429 235 2456; x_wconf 88' lang='lat' dir='ltr'>ut</span> <span class='ocrx_word' id='word_1_354' title='bbox 260 2423 406 2457; x_wconf 83' lang='lat' dir='ltr'>Italiam</span> <span class='ocrx_word' id='word_1_355' title='bbox 432 2430 592 2468; x_wconf 85' lang='lat' dir='ltr'>peteret.</span> <span class='ocrx_word' id='word_1_356' title='bbox 628 2443 671 2448; x_wconf 92' lang='lat'>—</span> <span class='ocrx_word' id='word_1_357' title='bbox 707 2429 808 2458; x_wconf 73' lang='lat' dir='ltr'>tanta</span> <span class='ocrx_word' id='word_1_358' title='bbox 830 2426 868 2458; x_wconf 78' lang='lat' dir='ltr'>in</span> <span class='ocrx_word' id='word_1_359' title='bbox 892 2427 1074 2470; x_wconf 76' lang='lat' dir='ltr'>pravitate</span> <span class='ocrx_word' id='word_1_360' title='bbox 1097 2433 1142 2462; x_wconf 79' lang='lat' dir='ltr'>st.</span> <span class='ocrx_word' id='word_1_361' title='bbox 1170 2435 1245 2462; x_wconf 75' lang='lat' dir='ltr'>tam</span> <span class='ocrx_word' id='word_1_362' title='bbox 1272 2441 1419 2473; x_wconf 79' lang='lat' dir='ltr'>pravos,</span> <span class='ocrx_word' id='word_1_363' title='bbox 1459 2426 1515 2462; x_wconf 73' lang='lat' dir='ltr'>b‘oi</span> 
     </span>
     <span class='ocr_line' id='line_1_43' title="bbox 14 2470 1502 2521; baseline 0.004 -17"><span class='ocrx_word' id='word_1_364' title='bbox 14 2482 76 2517; x_wconf 58' lang='lat' dir='ltr'>qso</span> <span class='ocrx_word' id='word_1_365' title='bbox 102 2470 333 2505; x_wconf 79' lang='lat' dir='ltr'>verkehrter</span> <span class='ocrx_word' id='word_1_366' title='bbox 356 2472 516 2505; x_wconf 82' lang='lat' dir='ltr'>Ansicht</span> <span class='ocrx_word' id='word_1_367' title='bbox 549 2472 625 2505; x_wconf 82' lang='lat' dir='ltr'>und</span> <span class='ocrx_word' id='word_1_368' title='bbox 659 2472 890 2521; x_wconf 83' lang='lat' dir='ltr'>Gesinnung.</span> <span class='ocrx_word' id='word_1_369' title='bbox 925 2476 1029 2508; x_wconf 75' lang='lat' dir='ltr'>tanta</span> <span class='ocrx_word' id='word_1_370' title='bbox 1064 2477 1138 2508; x_wconf 70' lang='lat' dir='ltr'>esse</span> <span class='ocrx_word' id='word_1_371' title='bbox 1167 2478 1354 2519; x_wconf 72' lang='lat' dir='ltr'>prm-itate</span> <span class='ocrx_word' id='word_1_372' title='bbox 1387 2479 1502 2510; x_wconf 67' lang='lat' dir='ltr'>Lat-nb</span> 
     </span>
     <span class='ocr_line' id='line_1_44' title="bbox 15 2519 1514 2564; baseline 0.005 -12"><span class='ocrx_word' id='word_1_373' title='bbox 15 2523 141 2556; x_wconf 58' lang='lat' dir='ltr'>dania</span> <span class='ocrx_word' id='word_1_374' title='bbox 164 2519 438 2562; x_wconf 80' lang='lat' dir='ltr'>importunitate</span> <span class='ocrx_word' id='word_1_375' title='bbox 463 2520 557 2554; x_wconf 83' lang='lat' dir='ltr'>Cdd.</span> <span class='ocrx_word' id='word_1_376' title='bbox 594 2520 684 2564; x_wconf 82' lang='lat' dir='ltr'>aliq.</span> <span class='ocrx_word' id='word_1_377' title='bbox 711 2521 809 2555; x_wconf 77' lang='lat' dir='ltr'>Crat.</span> <span class='ocrx_word' id='word_1_378' title='bbox 846 2522 979 2556; x_wconf 88' lang='lat' dir='ltr'>Bened.</span> <span class='ocrx_word' id='word_1_379' title='bbox 1016 2522 1106 2556; x_wconf 76' lang='lat' dir='ltr'>Sch.</span> <span class='ocrx_word' id='word_1_380' title='bbox 1145 2523 1183 2556; x_wconf 88' lang='lat' dir='ltr'>in</span> <span class='ocrx_word' id='word_1_381' title='bbox 1210 2524 1280 2557; x_wconf 83' lang='lat' dir='ltr'>Ed.</span> <span class='ocrx_word' id='word_1_382' title='bbox 1308 2526 1395 2558; x_wconf 82' lang='lat' dir='ltr'>mai.</span> <span class='ocrx_word' id='word_1_383' title='bbox 1441 2526 1514 2559; x_wconf 64' lang='lat' dir='ltr'>ost,</span> 
     </span>
    </p>
   </div>
   <div class='ocr_carea' id='block_1_15' title="bbox 35 2567 1515 2805">
    <p class='ocr_par' dir='ltr' id='par_1_15' title="bbox 35 2567 1515 2805">
     <span class='ocr_line' id='line_1_45' title="bbox 35 2567 1514 2615; baseline 0.004 -14"><span class='ocrx_word' id='word_1_384' title='bbox 35 2577 97 2611; x_wconf 82' lang='lat' dir='ltr'>ep.</span> <span class='ocrx_word' id='word_1_385' title='bbox 125 2568 205 2608; x_wconf 75' lang='lat'>844,</span> <span class='ocrx_word' id='word_1_386' title='bbox 231 2569 266 2602; x_wconf 88' lang='grc'>3.</span> <span class='ocrx_word' id='word_1_387' title='bbox 292 2567 391 2601; x_wconf 85' lang='lat' dir='ltr'>steht</span> <span class='ocrx_word' id='word_1_388' title='bbox 416 2569 700 2613; x_wconf 76' lang='lat' dir='ltr'>improbitatem.</span> <span class='ocrx_word' id='word_1_389' title='bbox 753 2588 799 2594; x_wconf 93' lang='grc'>-</span> <span class='ocrx_word' id='word_1_390' title='bbox 847 2581 968 2604; x_wconf 82' lang='lat' dir='ltr'>omnes</span> <span class='ocrx_word' id='word_1_391' title='bbox 986 2570 1179 2610; x_wconf 74' lang='lat' dir='ltr'>firmiores</span> <span class='ocrx_word' id='word_1_392' title='bbox 1211 2576 1390 2615; x_wconf 75' lang='lat' dir='ltr'>putarent,</span> <span class='ocrx_word' id='word_1_393' title='bbox 1433 2574 1514 2607; x_wconf 78' lang='lat' dir='ltr'>dass</span> 
     </span>
     <span class='ocr_line' id='line_1_46' title="bbox 35 2615 1513 2657; baseline 0.004 -8"><span class='ocrx_word' id='word_1_394' title='bbox 35 2615 90 2649; x_wconf 86' lang='lat' dir='ltr'>sie</span> <span class='ocrx_word' id='word_1_395' title='bbox 117 2615 201 2648; x_wconf 79' lang='lat' dir='ltr'>iede</span> <span class='ocrx_word' id='word_1_396' title='bbox 226 2615 363 2648; x_wconf 80' lang='lat' dir='ltr'>andere</span> <span class='ocrx_word' id='word_1_397' title='bbox 386 2616 521 2657; x_wconf 66' lang='lat' dir='ltr'>Fami,</span> <span class='ocrx_word' id='word_1_398' title='bbox 548 2617 619 2649; x_wconf 81' lang='lat' dir='ltr'>den</span> <span class='ocrx_word' id='word_1_399' title='bbox 645 2617 852 2657; x_wconf 78' lang='lat' dir='ltr'>Dolabella,</span> <span class='ocrx_word' id='word_1_400' title='bbox 888 2619 1073 2652; x_wconf 68' lang='lat' dir='ltr'>Antonius</span> <span class='ocrx_word' id='word_1_401' title='bbox 1098 2621 1163 2651; x_wconf 80' lang='lat' dir='ltr'>fiir·</span> <span class='ocrx_word' id='word_1_402' title='bbox 1186 2621 1335 2653; x_wconf 78' lang='lat' dir='ltr'>st&#39;a&#39;rker</span> <span class='ocrx_word' id='word_1_403' title='bbox 1359 2621 1513 2655; x_wconf 82' lang='lat' dir='ltr'>hielten.</span> 
     </span>
     <span class='ocr_line' id='line_1_47' title="bbox 37 2663 1514 2709; baseline 0.005 -14"><span class='ocrx_word' id='word_1_404' title='bbox 37 2681 80 2688; x_wconf 90' lang='lat'>--</span> <span class='ocrx_word' id='word_1_405' title='bbox 109 2664 230 2704; x_wconf 76' lang='lat' dir='ltr'>bonos,</span> <span class='ocrx_word' id='word_1_406' title='bbox 259 2663 318 2696; x_wconf 85' lang='lat' dir='ltr'>die</span> <span class='ocrx_word' id='word_1_407' title='bbox 343 2665 545 2698; x_wconf 79' lang='lat' dir='ltr'>Patrioten.</span> <span class='ocrx_word' id='word_1_408' title='bbox 575 2684 618 2689; x_wconf 86' lang='lat'>—-</span> <span class='ocrx_word' id='word_1_409' title='bbox 643 2676 824 2709; x_wconf 80' lang='lat' dir='ltr'>propense</span> <span class='ocrx_word' id='word_1_410' title='bbox 848 2677 914 2699; x_wconf 77' lang='lat' dir='ltr'>non</span> <span class='ocrx_word' id='word_1_411' title='bbox 938 2690 945 2700; x_wconf 74' lang='grc'><em>,</em></span> <span class='ocrx_word' id='word_1_412' title='bbox 975 2692 981 2698; x_wconf 91' lang='grc'><em>.</em></span> <span class='ocrx_word' id='word_1_413' title='bbox 1008 2668 1248 2707; x_wconf 43' lang='lat' dir='ltr'>esse-factam</span> <span class='ocrx_word' id='word_1_414' title='bbox 1276 2668 1298 2701; x_wconf 86' lang='grc' dir='ltr'>ἱ.</span> <span class='ocrx_word' id='word_1_415' title='bbox 1329 2679 1359 2701; x_wconf 88' lang='lat' dir='ltr'>e.</span> <span class='ocrx_word' id='word_1_416' title='bbox 1386 2671 1514 2703; x_wconf 76' lang='lat' dir='ltr'>saven-</span> 
     </span>
     <span class='ocr_line' id='line_1_48' title="bbox 37 2710 1515 2762; baseline 0.005 -19"><span class='ocrx_word' id='word_1_417' title='bbox 37 2710 147 2754; x_wconf 82' lang='lat' dir='ltr'>tibus,</span> <span class='ocrx_word' id='word_1_418' title='bbox 182 2711 372 2745; x_wconf 74' lang='lat' dir='ltr'>inclinatis</span> <span class='ocrx_word' id='word_1_419' title='bbox 407 2713 552 2753; x_wconf 82' lang='lat' dir='ltr'>animis,</span> <span class='ocrx_word' id='word_1_420' title='bbox 587 2712 705 2747; x_wconf 82' lang='lat' dir='ltr'>riihre</span> <span class='ocrx_word' id='word_1_421' title='bbox 738 2714 846 2747; x_wconf 79' lang='lat' dir='ltr'>nicht</span> <span class='ocrx_word' id='word_1_422' title='bbox 886 2727 948 2748; x_wconf 74' lang='lat' dir='ltr'>aus</span> <span class='ocrx_word' id='word_1_423' title='bbox 973 2715 1239 2762; x_wconf 79' lang='lat' dir='ltr'>freiwilligem</span> <span class='ocrx_word' id='word_1_424' title='bbox 1267 2715 1515 2751; x_wconf 67' lang='lat' dir='ltr'>Entschlusse</span> 
     </span>
     <span class='ocr_line' id='line_1_49' title="bbox 36 2759 1514 2805; baseline 0.006 -14"><span class='ocrx_word' id='word_1_425' title='bbox 36 2759 112 2792; x_wconf 82' lang='lat' dir='ltr'>und</span> <span class='ocrx_word' id='word_1_426' title='bbox 137 2771 200 2792; x_wconf 85' lang='lat' dir='ltr'>aus</span> <span class='ocrx_word' id='word_1_427' title='bbox 228 2759 472 2805; x_wconf 74' lang='lat' dir='ltr'>Geneigtheit</span> <span class='ocrx_word' id='word_1_428' title='bbox 498 2762 561 2794; x_wconf 77' lang='lat' dir='ltr'>fur</span> <span class='ocrx_word' id='word_1_429' title='bbox 586 2761 647 2794; x_wconf 76' lang='lat' dir='ltr'>die</span> <span class='ocrx_word' id='word_1_430' title='bbox 673 2761 792 2795; x_wconf 79' lang='lat' dir='ltr'>Sache</span> <span class='ocrx_word' id='word_1_431' title='bbox 819 2762 903 2796; x_wconf 78' lang='lat' dir='ltr'>lier.</span> <span class='ocrx_word' id='word_1_432' title='bbox 955 2782 996 2788; x_wconf 84' lang='lat'>-—</span> <span class='ocrx_word' id='word_1_433' title='bbox 1045 2764 1278 2805; x_wconf 72' lang='lat' dir='ltr'>patientiam,</span> <span class='ocrx_word' id='word_1_434' title='bbox 1316 2765 1514 2800; x_wconf 64' lang='lat' dir='ltr'>Gelassen-</span> 
     </span>
    </p>
   </div>
   <div class='ocr_carea' id='block_1_16' title="bbox 104 2818 1106 2867">
    <p class='ocr_par' dir='ltr' id='par_1_16' title="bbox 104 2818 1106 2867">
     <span class='ocr_line' id='line_1_50' title="bbox 104 2818 1106 2867; baseline -0.001 -4"><span class='ocrx_word' id='word_1_435' title='bbox 104 2839 162 2866; x_wconf 65' lang='lat' dir='ltr'>eie.</span> <span class='ocrx_word' id='word_1_436' title='bbox 184 2839 286 2867; x_wconf 79' lang='lat' dir='ltr'>Brieso</span> <span class='ocrx_word' id='word_1_437' title='bbox 305 2849 333 2865; x_wconf 84' lang='lat' dir='ltr'>v.</span> <span class='ocrx_word' id='word_1_438' title='bbox 356 2839 479 2867; x_wconf 64' lang='lat' dir='ltr'>nmen-h.</span> <span class='ocrx_word' id='word_1_439' title='bbox 499 2840 549 2864; x_wconf 78' lang='lat' dir='ltr'>IV.</span> <span class='ocrx_word' id='word_1_440' title='bbox 1046 2818 1106 2857; x_wconf 82' lang='lat'>23</span> 
     </span>
    </p>
   </div>
  </div>
 </body>
</html>
