1795 3086
513 116 515 118 ·
561 99 874 149 EPISTOLA
908 98 1139 143 DCCVII.
1529 93 1590 142 93

119 213 368 256 Redeamus
398 213 454 254 ad
483 218 680 253 nostros:
720 211 774 252 de
797 212 956 266 quibus
979 216 1025 252 tu
1047 213 1203 253 bonam
1232 222 1354 263 spem
1386 212 1428 249 te
1456 208 1588 262 signi-

120 270 229 310 ficas
260 269 422 310 habere
449 273 632 322 propter
660 268 906 308 edictorum
936 267 1263 308 humanitatem.
1325 265 1424 318 Ego
1444 270 1591 305 autem

120 327 348 379 perspexi,
393 337 522 378 quum
560 337 586 364 a
621 338 691 365 me
730 336 832 364 xvii.
862 322 964 362 Kal.
996 322 1049 362 de
1077 322 1320 364 Puteolano
1359 319 1592 373 Neapolim

119 382 295 422 Pansae
324 379 612 421 conveniendi
642 392 773 420 causa
801 377 1156 433 proficisceretur
1191 378 1388 427 Hirtius,
1419 388 1591 417 omnem

120 438 212 477 eius
242 449 427 478 sensum.
486 434 658 475 Seduxi
687 436 802 475 enim
833 437 877 473 et
906 432 962 472 ad
990 445 1142 486 pacem
1187 446 1281 473 sum
1321 432 1590 474 cohortatus.

120 492 220 533 Non
249 496 420 546 poterat
448 490 621 531 scilicet
659 503 820 545 negare
850 502 896 529 se
924 488 1035 530 velle
1064 500 1244 542 pacem3
1289 488 1368 529 sed
1395 501 1480 529 non
1511 486 1593 527 mi-

121 562 201 588 nus
230 562 277 589 se
306 552 554 589 nostrorum
601 558 724 586 arma
761 546 917 586 timere
956 557 1086 597 quam
1125 544 1326 584 Antonii:
1365 547 1409 584 et
1447 547 1594 584 (amen

120 611 328 658 utrosque
365 615 453 643 non
491 602 586 642 sine
626 613 758 642 causa
805 600 1075 654 praesidium
1123 598 1308 646 habere3
1359 612 1405 638 se
1443 603 1590 639 autem

120 663 301 713 utraque
339 671 462 698 arma
499 662 708 699 metuere.
776 655 899 705 Quid
939 654 1138 709 quaeris?
1184 653 1306 694 Οὐδὲν
1341 650 1452 701 ὑγιές.
1520 653 1592 694 De

120 714 176 763 Q.
208 715 302 755 filio
332 715 412 754 tibi
441 713 678 754 assentior:
719 714 835 767 patri
872 711 1048 764 quidem
1089 713 1207 750 certe
1246 708 1522 763 gratissimae
1551 713 1594 749 et

120 770 384 810 bellissimae
425 773 526 809 tuae
564 770 719 808 literae
759 769 949 809 fuerunt.
1029 765 1275 807 Caerelliae
1314 777 1420 805 vero
1460 763 1592 804 facile

120 826 342 873 satisfeci3
386 838 465 865 nec
504 824 630 865 valde
668 824 869 864 laborare
908 821 1019 862 mihi
1062 822 1157 863 visa
1202 825 1291 861 est:
1332 825 1399 870 et,
1430 820 1469 860 si
1499 820 1592 871 illa,

122 895 204 934 ego
245 886 362 922 certe
401 894 487 921 non
527 880 785 921 laborarem.
852 878 992 919 Istam
1029 891 1161 928 vero,
1214 889 1345 930 quam
1383 875 1465 916 tibi
1502 888 1594 916 mo-

127 938 285 978 lestam
314 937 474 976 scribis
505 949 622 987 esse,
663 934 857 975 auditam
886 947 913 974 a
951 938 994 974 te
1034 946 1129 974 esse
1168 932 1345 974 omnino
1385 931 1593 972 demiror.

122 992 238 1032 Nam
274 990 391 1045 quod
428 1005 523 1032 eam
558 990 806 1031 collaudavi
839 988 953 1042 apud
982 989 1172 1042 amicos,
1212 988 1486 1029 audientibus
1515 987 1595 1027 tri-

124 1049 204 1088 bus
233 1046 338 1087 filiis
368 1046 461 1088 eius
500 1051 544 1087 et
584 1045 703 1098 filiag.
742 1047 789 1087 ου>
824 1045 947 1086 τοέυτὸ
983 1048 1025 1085 ἐκ
1060 1048 1133 1086 τοῦ
1172 1043 1303 1086 αὐτοῦ.
1370 1042 1494 1093 Quid
1531 1047 1597 1083 est

122 1167 243 1200 Hause
275 1165 381 1199 sein“
417 1164 451 1198 d.
484 1164 509 1198 i.
546 1164 621 1198 mir
656 1162 849 1198 hezahlen.
906 1165 1012 1197 Denn
1044 1161 1238 1197 schlechte
1269 1162 1480 1197 Schuldner
1515 1172 1597 1196 ver-

120 1214 283 1259 laugnen
303 1214 385 1246 sich
410 1224 514 1261 gern.

218 1264 252 1297 3.
279 1262 327 1295 ad
349 1266 508 1301 nostros,
542 1261 697 1294 Brutum
724 1267 761 1294 et
796 1260 975 1294 Cassium.
1010 1281 1050 1286 -
1088 1261 1290 1296 edictorum.
1324 1259 1358 1292 S.
1384 1270 1425 1293 zu
1451 1258 1532 1296 704,
1558 1259 1595 1293 3.

124 1321 161 1344 u.
188 1310 221 1344 4.
247 1327 294 1333 —
327 1309 456 1343 XVII.
487 1308 572 1341 Kal.
608 1310 708 1348 Ilm„
745 1320 805 1342 ani
842 1309 894 1343 16.
929 1308 1020 1341 Mai.
1053 1307 1089 1341 S.
1117 1320 1175 1353 ep.
1203 1309 1283 1349 706,
1314 1310 1346 1343 1.
1383 1326 1427 1332 -—
1460 1306 1597 1344 seduxi,

124 1357 187 1390 ich
213 1367 279 1401 zog
303 1357 365 1390 ihn
392 1356 451 1389 bei
479 1357 539 1389 die
563 1355 678 1390 Seite.
706 1375 749 1381 —
781 1357 844 1389 secl
873 1356 988 1398 dixit,
1022 1356 1123 1389 Was
1157 1356 1194 1388 in
1225 1355 1376 1396 negavit
1409 1354 1599 1387 versteckt

123 1406 228 1451 liegt.
252 1406 287 1438 ὃ.
315 1404 465 1438 Ramsh.
492 1404 527 1448 §.
557 1404 639 1444 205,
665 1405 700 1447 3,
727 1417 758 1438 c.
785 1423 825 1429 -
853 1403 1095 1448 praesidium,
1120 1403 1375 1437 beideliessen
1393 1402 1472 1435 sich
1491 1401 1599 1435 nicht

125 1455 223 1487 ohne
259 1452 496 1498 begriindete
532 1450 692 1487 Ursache
725 1464 794 1486 von
827 1452 1077 1486 Leibwachen
1113 1451 1314 1496 begleiten.
1348 1471 1390 1476 -
1434 1455 1598 1493 utraque,

124 1508 161 1534 et
186 1507 400 1534 nostrorum
425 1507 463 1533 et
488 1501 654 1534 Antonii.
681 1520 724 1526 —
750 1505 917 1537 metuere.
968 1501 1074 1533 Denn
1100 1501 1247 1534 Waffen
1273 1499 1338 1532 auf
1361 1499 1495 1532 beiden
1521 1499 1600 1531 sei-

124 1556 189 1582 ten
222 1550 337 1582 lassen
379 1549 513 1581 immer
544 1549 649 1581 einen
687 1549 878 1582 Ausbruch
921 1548 983 1581 des
1020 1548 1172 1591 Krieges
1209 1547 1449 1581 befiirchten.
1507 1547 1599 1579 Man
1641 1568 1643 1574 ·

126 1596 242 1636 sieht,
282 1597 362 1629 dass
389 1608 426 1629 es
452 1597 584 1629 beiden
610 1597 698 1629 keiu
725 1597 840 1630 Ernst
873 1596 942 1630 mit
977 1596 1059 1629 dem
1096 1596 1256 1630 Frieden
1289 1595 1348 1629 ist.
1376 1614 1418 1620 -
1455 1590 1601 1629 Οὐδὲν

128 1641 273 1689 ἑγιὲς,
301 1645 395 1677 nihil
420 1655 570 1687 sanum;
594 1645 658 1678 ich
684 1644 780 1677 abne
805 1644 943 1677 Nichts
970 1645 1100 1679 Gutes.

222 1694 255 1726 4.
282 1692 338 1724 De
364 1693 402 1727 Q.
424 1691 523 1731 filio.
557 1693 593 1729 S.
622 1704 677 1738 ep.
707 1694 785 1732 704,
811 1694 846 1727 3.
873 1694 954 1734 699,
980 1694 1012 1727 3.
1041 1711 1084 1717 -
1118 1691 1348 1726 bellissimae.
1385 1690 1448 1724 Sic
1483 1691 1601 1724 Oxon.

128 1742 161 1775 2.
188 1740 217 1772 si
244 1740 336 1773 fides
370 1740 553 1773 collatori.
590 1741 675 1776 Bos.
714 1742 823 1786 Seqq.
857 1740 1093 1781 gratissimae
1128 1745 1162 1773 et
1194 1741 1308 1773 bellae
1339 1739 1418 1773 Md.
1451 1740 1531 1772 Asc.
1566 1742 1599 1774 l.

131 1790 230 1821 Crat.
258 1789 356 1820 Vict.
387 1790 416 1821 l.
444 1790 475 1823 2.
505 1790 609 1823 Man.
634 1789 766 1823 Lamb.
793 1788 1010 1830 gratissima
1047 1792 1080 1820 et
1113 1788 1212 1821 bella
1247 1788 1363 1820 Oxou.
1401 1789 1431 1821 1.
1463 1787 1600 1821 Malim

128 1836 365 1877 gratissimae
389 1836 607 1869 bellissimae
632 1841 715 1870 tuae
741 1837 886 1871 literae.
935 1837 1018 1869 Non
1048 1836 1147 1869 enim
1175 1835 1312 1869 dicitur
1337 1835 1450 1868 bellus
1473 1836 1598 1869 alicui.

131 1883 325 1918 ORELLI.
378 1884 499 1917 Allein
533 1885 633 1917 bloss
664 1883 902 1926 gratissimae
927 1885 1077 1917 bezieht
1102 1883 1184 1917 sich
1209 1885 1277 1916 auf
1295 1883 1397 1927 patri
1423 1883 1500 1916 und
1526 1884 1599 1916 bel-

130 1931 290 1965 lissimae
313 1932 361 1965 ist
386 1932 448 1964 das
484 1931 635 1966 Urtheil
667 1943 821 1965 unseres
857 1932 1013 1967 Cicero:
1050 1932 1152 1974 „und
1185 1931 1361 1965 wirklich
1395 1942 1470 1963 war
1502 1933 1601 1965 Dein

129 1979 234 2012 Brief
257 1979 502 2014 allerliebst.“
555 1982 643 2014 Man
677 1980 844 2025 supplire
876 1980 1001 2013 himer
1037 1985 1071 2013 el
1097 1980 1160 2013 das
1186 1979 1406 2014 vvfirtchen
1433 1990 1529 2012 sane.
1556 2001 1598 2006 —

131 2027 351 2070 Caerelliae,
385 2039 477 2073 quae
511 2040 530 2061 a
566 2029 723 2062 Publilia
756 2034 794 2061 et
830 2035 950 2061 matre
984 2030 1107 2062 fuerat
1137 2029 1259 2073 legata
1287 2028 1335 2061 ad
1363 2028 1602 2069 Ciceronem,

129 2082 170 2108 ut
195 2075 239 2107 de
271 2077 579 2110 reconciliatione
613 2082 743 2124 ageret
777 2075 878 2117 (Vid.
904 2088 960 2121 ep.
996 2079 1077 2115 701,
1103 2077 1153 2119 4).
1189 2075 1381 2110 POPMA.
1409 2094 1453 2099 —
1477 2077 1604 2118 facile

129 2123 299 2164 satisfeci
323 2125 346 2157 i.
373 2136 403 2157 e.
430 2125 465 2157 ei
489 2127 673 2170 persuasi,
699 2123 794 2157 mihi
820 2125 1018 2158 Publiliam
1044 2125 1233 2158 dimissam
1258 2124 1297 2156 in
1322 2124 1602 2157 matrimonium

129 2172 302 2215 recipere
327 2184 394 2207 nec
421 2174 543 2206 libere
567 2184 636 2206 nec
662 2173 790 2206 licere.
815 2172 923 2207 SCH.
955 2191 1001 2197 —
1034 2173 1225 2211 laborare,
1253 2172 1334 2205 sich
1361 2173 1448 2206 Viel
1475 2172 1603 2206 darum

132 2230 175 2251 zu
199 2219 414 2263 kiimmern,
442 2221 574 2255 daraus
599 2233 642 2254 zu
667 2221 836 2254 macheu.
852 2239 900 2244 ——
923 2221 957 2254 si
979 2222 1048 2254 illa
1074 2220 1268 2254 laborarit.
1297 2239 1338 2244 -—
1364 2221 1479 2254 Istam
1503 2230 1601 2256 vero.

130 2267 346 2311 Intelligunt
376 2269 555 2303 Publiliae
591 2277 763 2303 matrem.
819 2271 959 2302 Verum
994 2269 1048 2308 ei,
1083 2281 1176 2314 quae
1212 2275 1434 2313 sequuntur,
1469 2280 1599 2313 parum

132 2316 372 2350 conveniunt.
421 2317 577 2363 Accipio
603 2318 648 2351 de
674 2318 746 2351 alia
771 2317 942 2357 muliere,
971 2328 1081 2363 quae,
1117 2328 1230 2362 quum
1256 2317 1388 2353 Cicero
1415 2328 1496 2350 eam
1523 2317 1602 2350 col·
1639 2352 1641 2355 Α

132 2362 331 2404 laudasset,
359 2365 429 2398 sibi
455 2372 687 2411 persuaserat
712 2377 796 2398 eum
821 2366 875 2398 sui
902 2376 1029 2399 amore
1056 2372 1207 2410 captum
1235 2376 1331 2406 esse,
1366 2365 1603 2408 Atticumque

134 2418 345 2453 rogaverat,
379 2420 418 2445 ut
446 2414 620 2447 Ciceroni
646 2414 849 2454 scriberet,
876 2425 922 2447 ne
947 2414 1168 2460 ambagibus
1191 2420 1379 2454 uteretur,
1404 2412 1467 2444 sed
1493 2413 1603 2456 plane

135 2468 172 2489 se
198 2458 273 2490 eius
297 2461 577 2495 matrimonium
611 2462 758 2494 ambire
794 2462 1015 2496 ostenderet.
1048 2461 1157 2495 SCH.
1193 2482 1233 2487 —
1272 2462 1355 2493 aud.
1391 2471 1413 2492 a
1447 2464 1480 2492 te
1513 2471 1600 2498 esse,

134 2506 215 2558 dass
241 2506 300 2558 D—11
324 2506 385 2540 ihr
411 2510 625 2554 iiberhaupt
651 2509 776 2543 Geh'or
801 2513 982 2554 vergbnnt
1008 2510 1102 2543 hast.
1128 2528 1174 2533 ——
1201 2506 1252 2542 οὖ
1277 2505 1410 2541 trivio
1447 2508 1491 2541 ἐκ
1525 2506 1603 2540 τοῦ

134 2564 295 2593 αυῖΟῑ·,
332 2566 406 2588 non
432 2557 529 2591 idem
555 2570 598 2590 ex
626 2558 754 2590 eodem
780 2559 967 2602 sequitur5
1000 2559 1097 2590 denn
1131 2570 1169 2590 es
1202 2556 1297 2600 folgt
1328 2556 1432 2588 nieht
1469 2555 1603 2588 innner

133 2601 284 2641 daraus,
312 2602 394 2636 dass
419 2616 503 2637 man
529 2606 730 2639 Absicliten
757 2606 834 2640 hat.
893 2608 1020 2640 Potest
1055 2605 1242 2638 interdum
1269 2604 1371 2645 fieri,
1403 2609 1443 2636 ut
1469 2604 1603 2649 aliquis

133 2649 332 2682 mulierem
357 2651 569 2686 collaudans
595 2654 696 2686 idem
722 2654 770 2687 sit
797 2655 876 2687 eius
911 2661 1077 2694 aniator3
1116 2652 1314 2685 ridiculum
1347 2658 1468 2685 autem
1495 2658 1601 2691 esset,

133 2697 346 2742 quicunque
374 2710 456 2733 eam
493 2702 779 2744 collaudaverit,
819 2713 902 2736 eum
940 2702 1118 2736 continuo
1154 2709 1313 2744 procum
1347 2700 1423 2732 eius
1458 2706 1598 2744 putare.

134 2744 237 2777 SCH.
266 2747 326 2778 Sic
355 2748 434 2780 Bos.
463 2750 560 2782 coni.
598 2751 755 2782 incerta.
808 2751 897 2796 Legi
932 2751 1032 2785 forte
1064 2748 1198 2792 possit:
1234 2747 1275 2779 τί
1311 2748 1408 2781 ἐστι
1445 2758 1601 2788 τουτο,-
