1795 3086
475 93 794 138 EPISTOLA
824 93 1191 139 DcchLVII.
1452 95 1546 143 365

184 268 501 313 EPISTOLA
530 268 905 312 DCCCXLVII.
964 270 1042 322 (ad
1071 270 1180 313 Div.
1210 268 1296 311 XI.
1327 270 1415 320 24.)
1447 306 1449 309 .

226 344 306 379 Ser.
332 345 471 380 Romae
495 343 600 378 vm.
627 342 683 376 ld.
710 343 792 376 Iun.
824 343 869 377 A.
895 343 941 378 U.
968 343 1010 379 c,
1048 346 1129 380 711.
1158 343 1207 386 (a.
1234 343 1277 378 c,
1303 344 1378 385 43.)

220 439 432 486 Respondet
457 439 658 485 Epistolae
683 439 805 483 Bruti,
830 449 924 484 quae
951 446 1006 475 est
1031 439 1070 473 h.
1097 439 1153 474 ed.
1179 440 1263 476 839.
1289 440 1396 476 1-2.

248 530 296 563 M.
324 529 502 564 CICERO
538 529 577 566 S.
603 531 648 565 D.
675 531 718 565 D.
745 529 907 566 BRUTO
934 531 1032 566 IMP.
1060 529 1159 566 COS.
1181 529 1351 567 DESIG.

167 615 317 657 Narro
348 617 454 658 tibi:
492 621 625 659 antea
652 618 966 659 subirascebar
992 616 1206 659 brevitati
1236 620 1414 658 tuarum
1444 615 1544 657 lite-

59 685 230 714 rarum:
259 685 374 714 nunc
403 672 516 713 mihi
548 674 718 728 loquax
748 687 846 716 esse
875 674 1058 722 videon
1089 677 1134 714 te
1162 671 1303 727 igitur
1321 672 1541 713 imitabor.

58 728 203 778 Quam
232 729 370 769 multa
398 742 531 784 quam
570 731 750 783 paucis!
808 729 879 771 Te
920 734 1044 770 recte
1082 729 1235 770 valere
1275 741 1544 784 operamque

57 784 180 836 dare,
233 788 283 824 ut
332 784 537 838 quotidie
581 786 771 827 melius:
820 785 1044 838 Lepidum
1081 783 1312 825 commode
1350 785 1540 825 sentire:

55 840 196 880 tribus
226 840 504 881 exercitibus
547 841 728 894 quidvis
757 854 838 882 nos
866 843 1078 894 oportere
1107 839 1347 880 confidere.
1407 839 1457 880 Si
1486 838 1543 880 ti-

55 895 201 935 midus
232 908 389 947 essem,
429 899 576 936 tamen
605 895 694 936 ista
721 895 914 949 epistola
949 893 1011 936 mi
1049 907 1223 937 omnem
1251 898 1415 936 metum
1445 895 1539 935 abs-

57 951 280 992 tersisses.
337 949 441 1000 Sed,
481 954 531 991 ut
569 964 737 1002 mones,
766 950 942 992 frenum
970 951 1213 992 momordi:
1254 951 1419 992 etenim
1448 951 1543 1005 qui,

55 1011 99 1048 te
129 1007 320 1057 incluso,
359 1019 533 1048 omnem
562 1019 685 1060 spem
713 1006 947 1048 habuerim
985 1008 1033 1047 in
1072 1011 1132 1059 te⁷
1179 1006 1288 1062 quid
1318 1019 1435 1047 nunc
1463 1020 1542 1061 pu-

54 1063 148 1104 tas?
205 1061 471 1116 Cupioviam
499 1061 705 1118 vigiliam
733 1076 891 1116 meam,
919 1062 1071 1116 Brute,
1102 1063 1186 1104 tibi
1214 1062 1418 1104 tradere:
1463 1060 1542 1102 sed

55 1119 133 1166 ita,
161 1124 211 1159 ut
239 1131 294 1159 ne
321 1117 465 1158 desim
495 1117 774 1159 constantiae
803 1131 940 1159 meae.
998 1117 1133 1168 Quod
1171 1118 1335 1160 scribis
1373 1118 1421 1159 in
1450 1118 1542 1158 Ita-

54 1175 118 1215 lia
146 1177 191 1215 te
220 1176 511 1226 moraturum,
541 1173 646 1214 dum
674 1174 760 1215 tibi
789 1174 951 1216 literae
979 1188 1104 1216 meae
1130 1174 1336 1217 veniant:
1379 1175 1420 1215 si
1461 1183 1544 1228 per

55 1230 231 1271 hostem
260 1229 382 1275 licet,
419 1242 507 1270 non
547 1228 744 1279 erraris3
785 1231 929 1272 multa
966 1231 1087 1271 enim
1115 1229 1314 1272 Romae:
1352 1229 1422 1271 sin
1463 1229 1542 1270 ad-

55 1290 190 1327 ventu
219 1288 297 1326 tuo
327 1284 492 1325 bellum
521 1284 687 1326 confici
716 1289 878 1341 potest,
914 1285 1032 1327 nihil
1068 1284 1129 1327 sit
1156 1286 1393 1340 antiquius.
1452 1285 1541 1326 Pe-

56 1342 187 1383 cunia
226 1339 573 1397 expeditissima
610 1353 723 1394 quae
760 1346 872 1394 erat,
911 1341 994 1383 tibi
1032 1341 1217 1383 decreta
1250 1347 1332 1384 est.
1389 1341 1541 1382 Habes

152 1538 182 1570 1.
233 1534 362 1570 Narro
388 1534 469 1577 tibi,
495 1534 567 1568 lass
592 1532 693 1569 Dir’s
719 1539 850 1582 gesagt
875 1533 968 1568 sein.
997 1552 1038 1559 —
1066 1538 1189 1575 antea,
1213 1541 1350 1569 zuei-st.
1390 1553 1428 1560 —
1457 1537 1540 1570 sub-

57 1584 262 1625 irascebar,
309 1594 392 1616 war
427 1581 492 1616 ich
519 1583 580 1616 ein
604 1581 735 1628 wenig
760 1581 994 1629 ungehalten
1024 1582 1131 1617 iiber.
1175 1584 1240 1616 sub
1274 1583 1315 1616 in
1349 1586 1539 1629 composi-

55 1633 157 1665 tione
185 1631 334 1665 minuit.
363 1649 405 1655 —
440 1631 584 1674 loquax,
609 1630 789 1676 rodselig‚
816 1632 856 1663 in
881 1630 1034 1664 meinen
1058 1631 1225 1665 Briefen.
1253 1651 1296 1658 —-
1323 1641 1429 1676 quam
1449 1643 1539 1676 paun

58 1681 110 1713 cis
136 1678 263 1714 verbis
296 1678 509 1724 scripsisti3
549 1679 646 1712 unde
680 1678 844 1723 pendent
878 1685 1075 1723 sequentes
1113 1690 1235 1713 accus.
1270 1690 1302 1713 c.
1338 1680 1450 1715 Infin.
1501 1680 1539 1715 S.

55 1728 206 1762 Ramsh.
232 1727 261 1769 §.
288 1729 372 1769 206,
399 1726 442 1768 C,
467 1728 501 1768 2,
528 1737 559 1763 c,
589 1745 632 1750 —
659 1727 789 1759 melius
814 1725 949 1760 valeas.
978 1745 1019 1751 —
1049 1726 1224 1770 Lepidum
1248 1729 1433 1761 commode
1456 1739 1538 1762 sen-

56 1776 141 1818 tire,
166 1774 329 1819 Lepidus
354 1775 409 1809 sei
435 1773 534 1808 nach
560 1774 739 1809 Wunsch
764 1773 969 1822 gestimmt.
1019 1775 1181 1820 Nempe,
1216 1786 1330 1820 quum
1357 1776 1450 1810 haec
1475 1777 1538 1811 Ci-

56 1835 143 1858 cero
170 1823 367 1863 scribebat,
404 1822 570 1856 nondum
596 1822 753 1856 Romam
788 1829 1014 1867 pervenerat
1047 1823 1186 1867 Lepidi
1214 1823 1260 1857 ad
1295 1823 1331 1857 S.
1359 1825 1398 1857 P.
1426 1824 1466 1867 Q.
1493 1825 1537 1859 R.

56 1872 216 1917 epistola
242 1870 296 1913 (h.
325 1871 382 1906 ed.
408 1872 520 1913 841.)
570 1871 667 1904 Nam
693 1871 802 1904 Bruti
827 1870 1025 1915 epistolam
1049 1872 1167 1913 (839.)
1202 1870 1325 1905 datam
1350 1872 1538 1917 Eporedia

56 1921 162 1954 vm.
190 1918 270 1953 Kal.
296 1919 378 1952 Iun.
406 1919 540 1953 Cicero
565 1929 641 1953 non
666 1919 772 1964 prius
798 1929 908 1963 quam
933 1918 1156 1953 duodecimo
1182 1918 1222 1953 h.
1250 1926 1283 1954 e.
1330 1920 1448 1955 Nonis
1474 1921 1538 1955 Iu-

56 1969 129 2001 niis
155 1967 347 2012 accepisse
378 1967 543 2007 videtur,
587 1966 648 2000 cui
683 1966 868 2011 postridie
902 1966 1003 2000 VIII.
1032 1967 1086 2001 Id.
1113 1968 1198 2001 Iun.
1237 1967 1299 2002 his
1324 1964 1448 2003 literis
1473 1980 1537 2004 re-

0 2033 1 2039 *
56 2016 219 2062 spondit.
264 2015 395 2060 ltaque
428 2015 566 2060 Lepidi
600 2014 761 2060 epistola
795 2015 863 2047 ΙΙΙ.
900 2014 983 2050 Kal.
1017 2015 1101 2048 Iun.
1137 2015 1220 2050 data
1252 2016 1410 2050 Romam
1449 2023 1537 2052 ante

0 2059 2 2094 '1
54 2064 142 2098 Idus
165 2063 289 2098 Iunias
314 2063 480 2108 perferri
506 2074 579 2097 non
604 2062 740 2109 potuit.
766 2062 874 2097 SCH.
902 2080 945 2087 ·—
978 2064 1133 2107 quidvis,
1157 2064 1352 2111 ganzlieh.
1378 2083 1427 2090 —
1453 2067 1537 2100 abs-

55 2113 233 2151 tersisses,
268 2110 488 2148 vex-wischt‚
523 2111 738 2146 exemisse&
788 2129 831 2136 —
875 2111 1027 2153 frenum
1051 2113 1241 2154 momordi,
1265 2113 1386 2148 libere
1410 2114 1451 2147 in
1479 2125 1536 2148 se-

0 2160 3 2194 ἷ
54 2165 144 2194 natu
169 2160 244 2207 egi,
285 2159 426 2194 acriter
457 2166 495 2194 et
518 2159 676 2194 fortiter
708 2158 835 2193 restiti
859 2159 1082 2194 adversariis
1108 2160 1258 2195 nostris.
1311 2179 1353 2187 —·
1405 2163 1537 2196 etenim

54 2208 115 2253 qui
138 2221 188 2239 2:-
214 2219 329 2253 quum
354 2218 438 2254 ego.
477 2228 520 2234 —
566 2208 717 2250 incluso,
750 2207 898 2242 obsesso
924 2207 971 2241 ad
995 2208 1189 2243 Mutinam.
1241 2226 1284 2233 —
1332 2213 1443 2253 putas
1474 2222 1536 2245 me

3 2278 5 2296 2
51 2257 206 2290 facere?
257 2275 302 2281 -
351 2254 533 2298 vigiliam,
559 2256 710 2290 meinen
735 2256 884 2299 Posten,
910 2261 1010 2302 trop.
1037 2262 1128 2291 statt
1151 2266 1280 2291 curam
1307 2263 1345 2291 et
1369 2259 1535 2305 vigilan-

52 2304 144 2337 tiam
169 2314 240 2348 pro
264 2303 472 2349 republica.
522 2304 676 2338 Utinam
713 2303 788 2336 iam
814 2304 948 2338 consul
974 2304 1088 2338 adsis!
1138 2304 1176 2339 S.
1202 2305 1358 2341 Ramsh.
1391 2306 1422 2348 ξ.
1450 2308 1533 2342 203.

55 2370 98 2376 -
126 2352 252 2395 desim,
288 2352 369 2386 dass
396 2351 462 2385 ich
486 2351 542 2385 bis
569 2351 684 2392 dahin
710 2351 787 2393 (wo
813 2352 872 2386 Du
898 2353 1109 2400 ausgesieg't
1132 2352 1218 2387 hast
1240 2353 1318 2387 und
1343 2353 1407 2388 das
1434 2355 1533 2389 Con-

52 2399 151 2433 sulat
177 2399 362 2442 antrittst)
396 2400 544 2434 meiner
567 2399 878 2434 Beharrlichkeit
902 2401 1041 2435 Nichts
1071 2401 1244 2448 abgehen
1277 2401 1390 2444 lasse,
1430 2402 1534 2437 ohne

8 2482 9 2491 ἵ
52 2448 199 2482 meiner
223 2447 535 2483 Beharrlichkeit
560 2447 740 2482 Abbruch
764 2459 812 2481 zu
835 2448 959 2491 thun3
995 2460 1083 2483 nam
1116 2449 1189 2484 hoc
1216 2449 1383 2484 levitatis
1408 2451 1531 2492 foret;

51 2506 260 2540 peccarem.

147 2564 181 2598 2.
231 2562 266 2596 si
289 2573 355 2607 per
378 2561 411 2596 h.
438 2563 536 2605 licet,
572 2574 684 2597 wenn
710 2562 781 2598 Dir
805 2562 867 2597 die
892 2563 1072 2612 Stellung
1097 2564 1161 2599 des
1185 2564 1344 2599 Feindes
1370 2565 1444 2600 Das
1471 2576 1529 2600 et·-

52 2610 168 2644 laubt.
199 2629 237 2636 -—
273 2621 343 2644 non
370 2612 522 2650 erraris,
549 2618 651 2645 recte
677 2610 828 2645 feceris.
879 2630 921 2636 —
972 2613 1111 2646 Romae
1135 2620 1232 2655 sunt,
1258 2614 1366 2655 fiunt,
1392 2625 1486 2659 quae
1511 2626 1529 2646 a

52 2664 88 2692 te
116 2659 219 2701 sciri,
250 2659 295 2692 ad
319 2665 357 2692 te
383 2660 498 2693 scribi
524 2670 612 2705 opus
638 2659 707 2702 sit3
742 2665 901 2704 propter
935 2671 1029 2704 quae
1058 2661 1209 2706 expedit
1234 2667 1269 2695 te
1296 2668 1371 2695 non
1396 2663 1530 2708 procul

52 2706 96 2738 ab
121 2707 212 2741 urbe
238 2707 371 2741 abesse.
413 2728 455 2734 —-
500 2707 671 2751 expedit„
697 2707 756 2741 die
781 2707 935 2750 Gelder,
961 2709 1021 2741 die
1047 2721 1095 2742 zu
1120 2708 1261 2743 Gebote
1283 2709 1452 2744 standen.
1486 2731 1528 2735 —

9 2795 13 2804 v
53 2754 118 2787 tibi
150 2756 293 2788 decreta
326 2760 398 2793 θείς
434 2755 480 2790 de
524 2755 711 2801 stipendio
756 2756 939 2790 exercitui
973 2757 1050 2790 eius
1087 2756 1240 2791 decreto
1277 2758 1456 2802 loquitur.
1486 2776 1528 2782 —

1578 1125 1606 1163 2
