1795 3086
157 55 255 104 282
438 55 498 98 M.
530 57 585 99 Τ.
618 51 961 97 CICERONIS
991 51 1364 97 EI'ISTOLAE.

158 182 265 212 vero
305 166 563 221 nosmetipsi
602 165 790 217 fuimuS,
825 168 956 207 aucto
997 166 1200 208 exercitu
1232 165 1502 221 auxiliisque
1531 168 1640 209 mul-

158 225 400 280 tiplicatis3
445 228 515 275 ut,
554 235 689 276 quum
735 220 1062 275 praeferremus
1108 234 1259 263 sensus
1307 226 1485 275 aperte,
1534 226 1640 275 tum,

156 282 293 323 etiam
333 279 491 320 invitis
529 277 813 332 quibusdam,
850 277 987 328 sciri,
1026 277 1134 332 quid
1170 277 1401 318 defensuri
1432 290 1639 331 essemus,

158 351 247 379 non
287 339 405 376 esset
451 333 763 388 periculosum.
845 333 917 374 Ita
961 347 1181 387 nunquam
1229 332 1462 374 diffitebor
1502 335 1642 375 multa

157 408 253 443 me,
293 394 342 431 ut
380 388 438 431 ad
478 389 686 430 effectum
724 387 883 429 horum
928 389 1215 430 consiliorum
1256 388 1556 443 pervenirem,
1595 393 1641 430 et

155 447 391 490 simulasse
420 445 609 487 invitum
639 449 683 485 et
712 443 1018 485 dissimulasse
1046 459 1145 485 cum
1168 445 1345 486 dolore:
1373 444 1492 499 quod
1514 457 1639 497 prae-

157 507 331 545 matura
359 501 635 543 denuntiatio
674 500 778 540 boni
817 499 928 540 civis
966 500 1176 555 imparati
1215 514 1346 555 quam
1388 500 1642 553 periculosa

156 563 296 609 esset,
346 571 406 600 ex
456 570 561 598 casu
597 555 800 609 collegae
842 554 1060 597 videbam.
1147 555 1248 605 Quo
1288 557 1467 598 nomine
1506 556 1640 596 etiam

155 617 208 658 C.
246 613 416 657 Furnio
457 613 631 667 legato,
671 612 770 653 viro
807 608 917 651 forti
947 614 1079 665 atque
1109 615 1312 664 strenuo,
1350 612 1480 665 plura
1508 611 1641 651 etiam

154 672 315 724 verbo,
345 683 476 725 quam
506 669 755 722 scriptura,
793 665 1004 707 mandata
1033 666 1268 718 dedimus,
1307 672 1358 708 ut
1395 672 1443 708 et
1480 666 1641 708 tectius

154 726 213 769 ad
247 740 327 769 vos
364 724 673 781 perferrentur
711 726 755 764 et
792 734 873 762 nos
909 734 1104 762 essemus
1146 723 1357 763 tutiores:
1396 723 1641 777 quibusque

156 784 286 825 rebus
315 784 360 824 et
389 793 664 823 communem
701 778 885 820 salutem
924 777 1093 818 muniri
1130 781 1176 818 et
1213 791 1295 818 nos
1333 778 1501 819 armari
1539 791 1641 819 εοῐιι

155 839 350 891 veniret,
392 836 714 892 praecepimus.
772 833 845 874 Ex
873 846 961 888 quo
991 832 1183 886 intelligi
1213 836 1362 888 potest
1392 846 1543 874 curam
1574 834 1642 874 rei

155 895 358 949 publicae
387 905 583 934 summae
612 889 919 932 defendundae
948 889 1214 943 iampridem
1253 888 1373 943 apud
1401 901 1481 930 nos
1510 902 1640 929 excu-

154 953 274 993 bare.
333 949 488 1000 Nunc,
528 961 662 1003 quum
701 944 836 986 deum
874 944 1146 998 benignitate
1186 945 1239 985 ab
1268 944 1388 985 omni
1417 957 1466 985 re
1494 957 1642 985 sumus

154 1008 419 1063 paratiores,
447 1018 535 1045 non
564 1003 706 1045 solum
735 1001 844 1042 bene
873 1014 1052 1056 sperare
1081 1000 1137 1041 de
1167 1000 1293 1041 nobis
1312 999 1532 1053 homines,
1561 1000 1641 1041 sed

153 1064 389 1118 explorate
417 1059 621 1101 iudicare
649 1057 867 1099 volumus.
924 1056 1147 1109 Legiones
1177 1056 1318 1097 habeo
1347 1056 1537 1110 quinque
1562 1056 1642 1096 sub

153 1120 296 1174 signis
326 1121 372 1159 et
400 1129 481 1158 sua
508 1114 600 1155 fide
628 1113 885 1165 virtuteque
916 1112 982 1151 rei
1012 1112 1215 1166 publicae
1252 1112 1641 1153 coniunctissimas

155 1180 201 1217 et
228 1177 384 1217 nostra
422 1169 690 1213 liberalitate
725 1167 854 1208 nobis
884 1167 1198 1221 obsequentes:
1236 1167 1512 1221 provinciam
1549 1180 1641 1207 om-

153 1232 277 1273 nium
298 1227 550 1271 civitatium
581 1236 801 1266 consensu
830 1223 1162 1278 paratissimam
1191 1227 1237 1264 et
1264 1235 1434 1263 summa
1461 1226 1640 1264 conten-

153 1288 273 1329 tione
311 1285 369 1328 ad
411 1281 567 1326 officia
596 1282 861 1323 certantem:
908 1279 1135 1334 equitatus
1163 1279 1516 1333 auxiliorumque
1545 1280 1639 1321 tan—

249 1425 287 1463 4.
322 1434 425 1469 quum
456 1422 645 1467 praeferr.
677 1421 706 1456 i.
743 1432 776 1456 e.
809 1421 1130 1467 patefaceremus,
1166 1425 1297 1465 aperte
1330 1418 1640 1464 significaremus,

153 1475 288 1510 sobald
312 1473 376 1507 ich
403 1472 528 1506 meine
553 1472 772 1515 Gesinnung
798 1471 897 1504 offen
924 1481 972 1503 an
999 1470 1070 1503 den
1095 1469 1176 1512 ‘rag
1202 1469 1327 1514 legte;
1363 1467 1532 1500 namlich
1558 1467 1640 1500 dass

154 1525 220 1557 ich
246 1534 284 1556 es
310 1522 379 1556 mit
404 1522 491 1554 dem
516 1518 651 1554 senate
677 1529 796 1565 gegen
823 1518 1007 1551 Antonius
1040 1516 1169 1549 halten
1197 1517 1323 1551 wolle.
1358 1533 1403 1539 -—
1438 1515 1550 1548 etiam
1584 1515 1639 1548 in-

153 1572 242 1606 vitis
268 1570 380 1615 quib.‚
411 1579 524 1613 sogar
559 1580 669 1602 wenn
701 1567 798 1601 auch
830 1567 970 1611 Einige
1001 1565 1127 1599 scheel
1160 1563 1256 1597 ‹lazu
1288 1562 1419 1600 sahen.
1453 1583 1497 1589 —
1534 1562 1635 1604 sciri,

154 1632 193 1654 es
217 1620 352 1654 wissen
377 1628 421 1651 zu
445 1617 575 1650 lassen.
601 1635 645 1642 ·-—
672 1615 758 1660 quid
781 1629 830 1646 z
857 1627 949 1660 quas
975 1619 1111 1660 partes.
1138 1631 1182 1637 —
1208 1612 1271 1645 Ita
1296 1624 1346 1643 :z
1369 1612 1491 1655 itaque
1514 1612 1635 1656 Neap.

153 1672 237 1703 Asc.
266 1670 300 1702 1.
328 1666 461 1700 Lamb.
488 1684 531 1690 —
564 1664 705 1705 simuL,
732 1662 976 1705 erheuchelt,
1009 1661 1262 1707 vorgegeben‚
1295 1659 1437 1696 dissim.
1462 1658 1640 1694 verlnehlt

153 1717 264 1751 habe.
313 1714 543 1749 simulantur
567 1713 686 1755 falsa,
714 1711 997 1745 dissimulantur
1021 1722 1121 1747 vera.
1172 1708 1379 1742 simulabat
1397 1707 1515 1752 igitur
1531 1708 1639 1741 Plan-

152 1777 221 1800 cus
246 1763 413 1798 Antonio
439 1773 478 1796 se
503 1763 653 1802 favere3
686 1760 944 1794 dissimulabat
976 1771 1081 1792 suum
1113 1768 1200 1803 erga
1232 1767 1313 1790 rem
1345 1757 1537 1802 publicam
1564 1762 1640 1789 stu-

152 1814 268 1848 dium.
326 1811 612 1847 Dissimulamus
651 1816 775 1843 autem
811 1809 871 1842 vel
903 1808 1052 1842 silentio
1086 1807 1144 1840 vel
1179 1815 1352 1839 sermone
1388 1804 1445 1837 vel
1470 1815 1511 1837 re
1546 1804 1639 1849 ipsa.

153 1860 357 1897 MANUT.
386 1881 429 1887 —-
453 1862 656 1903 pracerum„
680 1858 953 1904 praecipitata,
987 1857 1129 1897 demut„
1164 1854 1246 1887 eine
1281 1865 1328 1887 zu
1358 1852 1538 1896 voreilige
1568 1853 1639 1884 Er-

152 1911 325 1954 mar-ung.
359 1928 404 1934 —
444 1907 644 1952 imparati,
679 1907 783 1940 eines
816 1918 899 1939 zum
937 1904 1091 1948 Angriff
1120 1901 1224 1936 noch
1257 1900 1367 1935 nicht
1399 1900 1639 1944 hinlanglich

153 1961 383 2004 getiisteten.
411 1975 453 1982 —
489 1956 664 1998 collegae
688 1956 734 1988 D.
760 1955 869 1989 Bruti
894 1953 1064 1987 consulis
1090 1950 1291 1995 designati,
1324 1960 1436 1995 quem
1460 1949 1640 1982 Antonius

152 2008 327 2042 Mutinae
354 2006 546 2039 obsessum
571 2003 735 2039 tenebat.
761 2002 969 2037 MANUT.

247 2056 281 2090 5.
311 2055 386 2090 Quo
412 2053 550 2086 nomine
572 2051 600 2088 i.
626 2064 658 2085 e.
684 2063 756 2098 qua
781 2051 828 2084 de
855 2062 976 2084 causa.
1010 2068 1054 2075 —
1091 2048 1135 2084 C.
1162 2047 1310 2081 Furnio.
1345 2045 1380 2079 S.
1409 2057 1468 2090 ep.
1493 2045 1576 2084 800,
1607 2047 1637 2078 1.

153 2102 374 2143 -tectius,
405 2101 649 2138 verdeckter‚
684 2100 937 2139 11eimlicher;
984 2109 1088 2131 wenn
1127 2094 1296 2129 namlich
1336 2094 1501 2138 Lepidus
1544 2099 1640 2126 etwa

152 2154 222 2187 den
247 2153 406 2185 Furnius
432 2150 607 2183 anhalten
633 2150 707 2182 und
741 2148 868 2181 dessen
902 2145 1180 2181 Briefschaften
1207 2141 1472 2181 durchsuchen
1498 2140 1639 2174 wiirde.

153 2220 198 2227 —-
225 2199 453 2239 conveniret,
481 2209 540 2231 am
566 2197 863 2243 zutraglichsten
891 2197 1000 2230 w'zire.
1031 2211 1069 2218 -
1097 2202 1289 2237 praecep„
1314 2189 1439 2222 haben
1459 2189 1641 2224 Wirihm

152 2253 380 2283 auvertraut.
413 2265 458 2271 —
498 2256 671 2279 summae.
706 2246 769 2279 Sic
805 2247 903 2278 Crat.
939 2243 1090 2277 Manut.
1125 2241 1224 2273 Vict.
1256 2240 1291 2274 2.
1327 2239 1461 2272 hamb.
1500 2238 1639 2271 Graev.

151 2299 240 2332 Ern.
266 2294 405 2331 Bened.
432 2305 561 2328 summe
585 2294 667 2328 Md.
693 2295 788 2327 Vict.
818 2294 848 2327 1.
873 2291 961 2324 Sch.
985 2291 1081 2324 Liin.
1130 2287 1203 2321 Sed
1229 2292 1329 2320 amat
1354 2286 1514 2319 Plancus
1538 2284 1638 2319 hane

151 2344 448 2380 collocationem
483 2353 540 2377 res
569 2342 716 2385 publica
748 2351 906 2375 summa.-
943 2339 1016 2372 cfr.
1050 2337 1099 2371 acl
1129 2336 1276 2369 Divers.
1305 2336 1362 2375 10,
1390 2336 1470 2377 21.,
1507 2340 1545 2367 et
1570 2334 1639 2366 ali-

151 2395 316 2441 quoties:
352 2398 485 2426 contra
506 2390 644 2427 cicero
670 2401 836 2435 semper,
864 2387 904 2421 ni
930 2387 1065 2427 fallor,
1089 2395 1227 2418 summa
1252 2393 1312 2417 ⁷es
1335 2382 1482 2426 publica
1507 2382 1638 2426 sicque

150 2445 230 2488 ipse
256 2443 415 2476 Plancus
441 2439 488 2472 ad
512 2439 596 2472 Div.
627 2441 682 2479 10,
710 2440 767 2474 24.
796 2436 996 2471 ORELLI.
1023 2453 1066 2459 —
1094 2433 1292 2474 excubare,
1318 2431 1356 2464 in
1382 2431 1524 2476 vigiliis
1549 2441 1640 2472 esse,

151 2504 225 2527 non
252 2489 441 2530 dormire,
466 2488 532 2520 auf
556 2487 618 2520 die
643 2486 802 2521 Wache
830 2494 998 2532 gezogen
1024 2483 1088 2516 ist.

247 2541 281 2575 6.
308 2538 352 2570 ab
378 2536 478 2571 omni
503 2546 563 2574 re,
600 2535 639 2568 in
663 2535 768 2568 ieder
799 2532 989 2566 Hinsicht.
1022 2549 1069 2554 —-
1105 2529 1296 2573 explorate
1328 2527 1517 2570 iudicare,
1554 2538 1639 2560 son-

152 2588 245 2621 dern
271 2586 352 2619 sich
379 2584 450 2618 mit
475 2585 628 2629 eigener
653 2583 828 2616 Einsicht
854 2581 972 2613 davon
998 2580 1218 2623 iiberzeuge.
1234 2596 1279 2602 -
1305 2577 1488 2618 volumus,
1514 2575 1640 2621 posci-

152 2647 245 2670 mus.
272 2654 315 2659 —
344 2638 471 2667 nostra
498 2632 647 2667 liberal.
675 2632 791 2664 ablat.
818 2641 975 2671 causae5
1002 2629 1081 2661 also
1109 2639 1172 2660 aus
1197 2625 1470 2658 Dankbarkeit.
1497 2642 1540 2648 -
1573 2634 1639 2666 pa-

154 2690 249 2724 ra!.‚
288 2693 370 2715 zum
405 2681 588 2724 §chlagen
621 2680 736 2723 vollig
768 2680 947 2723 gerustet.
984 2694 1026 2700 —
1070 2686 1208 2709 summa
1234 2697 1243 2707 .
1274 2698 1283 2706 .
1310 2697 1322 2709 .
1348 2676 1458 2714 αξη,
1498 2670 1571 2704 und
1602 2672 1642 2704 in

152 2731 332 2768 hochstet
360 2732 617 2775 Austrengung
649 2739 691 2763 zu
716 2728 898 2773 Leistung
923 2725 1030 2759 ihrer
1055 2722 1329 2769 Dienstpflicht
1352 2720 1568 2756 wetteifert.
1601 2737 1638 2742 —
