1795 3086
199 124 293 173 406

201 237 244 281 Q.
268 237 528 274 CAECILIUS
554 239 896 276 POMPONIANUS

436 287 554 322 ΑΤΤΙ
560 287 662 323 CUS.

250 359 441 395 Ciceronis
466 362 511 396 ad
537 373 621 398 eum
648 374 705 408 ep.
733 364 788 400 75.

283 456 329 489 A.
354 456 574 493 LICINIUS
599 459 827 494 CAECINA.

251 528 447 565 Ciceronis
484 531 530 566 ad
570 544 655 567 eum
697 544 780 579 epp.
815 534 898 570 470.

202 576 284 614 476.
309 578 392 614 479.

250 624 342 660 Eius
367 625 413 660 ad
439 626 659 663 Ciceronem
697 639 756 675 ep.
783 630 862 665 478.

229 744 269 783 C.
296 743 507 780 CAELIUS
531 745 572 779 L.
600 746 641 781 F.
668 746 868 782 CALDUS.

253 818 447 855 Ciceronis
473 820 518 854 ad
543 831 627 855 eum
653 833 711 866 ep.
739 822 817 858 262.

311 942 361 975 M.
386 940 597 978 CAELIUS
622 941 794 977 RUFUS.

250 1014 444 1050 Ciceronis
484 1016 531 1050 ad
576 1026 660 1050 eum
698 1027 782 1061 epp.
819 1018 900 1053 199.

203 1062 285 1098 224.
327 1064 405 1100 226.
448 1064 532 1101 245.
579 1064 659 1099 255.
695 1065 775 1100 257.
819 1066 900 1101 263.

203 1111 287 1146 273.
311 1112 392 1147 372.

252 1158 344 1192 Eius
370 1157 415 1192 ad
439 1157 662 1193 Ciceronem
699 1170 784 1205 epp.
820 1160 901 1195 192.

203 1205 286 1241 202.
330 1207 411 1244 203.
448 1208 530 1242 206.
571 1208 656 1242 210.
699 1209 779 1243 211.
819 1208 902 1243 223.

202 1254 285 1288 225.
329 1254 409 1292 242.
447 1255 528 1290 243.
567 1256 649 1291 267.
697 1256 777 1291 272.
817 1256 900 1291 279.

202 1301 285 1337 280.
314 1301 396 1337 335.
423 1303 504 1338 367.
531 1303 612 1338 388.

321 1397 360 1432 C.
385 1397 554 1433 IULIUS
580 1397 782 1433 CAESAR.

251 1469 442 1505 Ciceronis
491 1471 537 1506 ad
587 1483 670 1506 eum
720 1483 777 1518 ep.
824 1473 901 1507 133.

203 1517 297 1551 subi.
325 1529 382 1564 ep.
407 1519 487 1555 352.
515 1526 552 1555 et
577 1530 661 1565 epp.
686 1521 769 1557 554.
796 1520 877 1555 555.

251 1563 344 1600 Eius
369 1566 415 1600 ad
440 1567 666 1602 Ciceronem
697 1567 788 1601 subi.
818 1577 901 1613 epp.

205 1613 287 1648 347.
311 1615 393 1650 352.
420 1615 502 1651 357.
527 1616 609 1651 374.

252 1661 345 1696 Eius
388 1662 436 1697 ad
476 1662 640 1711 Oppium
684 1661 776 1700 subi.
817 1673 902 1709 epp.

205 1709 288 1746 348.
318 1710 399 1747 354.

409 1807 449 1841 Ρ.
476 1806 695 1843 CAESIUS.

253 1880 446 1918 Ciceronis
472 1882 518 1917 ad
543 1894 629 1919 eum
655 1894 714 1930 ep.
740 1884 818 1920 676.

464 1978 650 2015 CAPITO.

254 2052 448 2089 Ciceronis
486 2055 534 2089 ad
575 2066 659 2090 eum
704 2066 787 2101 epp.
824 2054 904 2090 740.

206 2101 287 2138 754.

279 2197 322 2233 C.
350 2196 548 2233 CASSIUS
573 2197 842 2234 LONGINUS.

256 2271 349 2307 Eius
382 2278 419 2307 et
451 2273 560 2308 Bruti
596 2285 670 2320 epp

205 2319 312 2354 nium
337 2321 416 2356 714.
443 2322 524 2356 758.

256 2369 348 2403 Eius
379 2368 425 2403 ad
458 2368 682 2405 Ciceronem
719 2382 804 2417 epp.
829 2370 909 2405 523.

210 2417 291 2452 798.
313 2418 395 2453 817.

257 2463 452 2499 Ciceronis
493 2465 540 2500 ad
574 2476 660 2500 eum
705 2476 790 2511 epp.
828 2464 910 2500 241.

448 2514 530 2549 520.
575 2515 660 2549 522.
705 2514 786 2549 712.
831 2513 913 2547 763.

209 2560 291 2595 764.
334 2562 416 2596 793.
459 2562 541 2598 795.
581 2562 664 2598 804.
711 2562 791 2597 809.
830 2559 912 2595 850.

210 2513 293 2548 424.
325 2513 406 2548 518.

210 2609 291 2645 851.
337 2609 418 2645 854.

393 2705 497 2750 (nt)
525 2704 733 2741 GAsans.

261 2780 353 2820 ,Eius
379 2781 426 2816 ad
450 2780 676 2818 Ciceronem
703 2790 761 2826 ep.
787 2780 868 2818 852.

674 2300 682 2309 .
714 2274 760 2307 ad
793 2273 909 2307 Anto-

619 128 823 173 INDEX
853 126 1245 174 HISTORICUS.

1092 244 1139 276 M.
1167 239 1370 275 PORCIUS
1396 240 1533 277 CATO.

1011 315 1204 351 Ciceronis
1245 315 1291 349 ad
1325 326 1410 350 eum
1453 328 1537 362 epp.
1574 318 1655 354 212.

965 365 1045 400 238.
1072 366 1151 401 278.

1013 412 1105 446 Eius
1129 411 1174 445 ad
1199 410 1419 446 Ciceronem
1445 423 1503 458 ep.
1531 414 1611 450 266.

1062 530 1104 573 Q.
1131 529 1345 565 TULLIUS
1373 529 1559 566 CICERO.

1014 605 1105 640 Eius
1153 605 1200 639 ad
1240 605 1416 640 Tironem
1461 616 1548 652 epp.
1581 607 1660 642 313.

967 654 1047 689 781.
1075 654 1154 689 856.

1014 700 1106 736 Eius
1133 700 1177 734 ad
1212 701 1377 735 Mar-cum
1408 702 1568 736 fratrem
1604 711 1661 746 ep.

968 750 1047 784 669.

1016 845 1062 878 Μ.
1087 842 1131 878 Τ.
1159 843 1337 878 CICERO
1363 844 1410 878 M.
1436 842 1615 881 FILIUS.

1015 917 1106 951 Eius
1149 917 1196 952 ad
1238 917 1421 952 Tironem
1462 928 1548 964 epp.
1583 918 1662 954 782.

969 965 1051 1001 783.

1204 1059 1425 1095 CLUVIUS.

1018 1133 1211 1169 Ciceronis
1236 1133 1281 1167 ad
1307 1145 1391 1169 eum
1418 1145 1476 1179 ep.
1498 1134 1578 1171 645.

1120 1253 1162 1295 Ω.
1190 1252 1516 1288 GORNIFICIUS.

1017 1326 1207 1362 Ciceronis
1252 1327 1296 1361 ad
1331 1339 1415 1361 eum
1459 1339 1543 1373 epp.
1579 1329 1664 1364 641.

967 1376 1048 1412 646.
1086 1377 1166 1411 656.
1211 1375 1290 1411 765.
1338 1377 1417 1411 780.
1458 1378 1538 1411 784.
1584 1378 1665 1412 785.

968 1425 1048 1459 786.
1092 1424 1174 1459 790.
1217 1424 1297 1458 807.
1342 1425 1423 1460 808.
1467 1425 1549 1459 813.
1583 1425 1664 1460 823.

969 1472 1046 1506 858.

1185 1564 1457 1602 CRASSIPES.

1019 1641 1209 1677 Ciceronis
1233 1640 1279 1675 ad
1306 1652 1392 1676 eum
1416 1652 1473 1689 ep.
1499 1643 1579 1679 237.

1050 1764 1096 1796 Μ.
1123 1761 1343 1797 LICINIUS
1370 1761 1590 1797 CRASSUS.

1023 1837 1218 1872 Ciceronis
1244 1837 1289 1871 ad
1312 1848 1395 1872 eum
1423 1848 1480 1883 ep.
1505 1838 1584 1872 131.

1137 1958 1178 1991 L.
1206 1956 1505 1992 CULLEOLUS.

1022 2031 1215 2068 Ciceronis
1257 2031 1303 2065 ad
1344 2043 1431 2066 eum
1471 2042 1557 2078 epp.
1592 2033 1668 2070 162.

976 2082 1056 2117 163.

1136 2176 1176 2211 C.
1202 2173 1515 2211 CUPIENNIUS.

1025 2250 1220 2287 Ciceronis
1245 2251 1290 2285 ad
1315 2263 1401 2286 eum
1427 2263 1484 2298 ep.
1512 2253 1591 2288 741.

1056 2373 1096 2409 C.
1121 2372 1406 2408 SCRIBONIUS
1433 2371 1592 2408 CURIO.

1025 2447 1216 2483 Ciceronis
1259 2446 1306 2481 ad
1346 2457 1430 2481 eum
1477 2456 1561 2490 epp.
1595 2445 1683 2498 166.ἶ
1730 2500 1734 2503 Δ

980 2498 1059 2534 168.
1088 2497 1166 2533 169.
1193 2495 1270 2532 174.
1299 2495 1376 2531 175.
1402 2495 1482 2530 178.
1507 2493 1589 2528 227.

1189 2606 1249 2640 Μ’.
1275 2603 1465 2640 CURIUS.

1031 2679 1224 2717 Ciceronis
1267 2679 1312 2714 ad
1347 2691 1431 2715 eum
1476 2689 1561 2725 epp.
1595 2678 1672 2714 472-

983 2731 1065 2768 653.
1091 2730 1172 2766 657.

1033 2778 1123 2815 Eius
1147 2777 1193 2812 ad
1218 2777 1438 2812 Ciceronem
1466 2786 1522 2822 ep.
1547 2775 1629 2811 648.

1756 659 1774 770 ‘'⁶2³⁸-
