1795 3086
154 103 237 148 102
423 104 484 144 Μ.
517 106 571 146 Τ.
604 101 943 144 CICERONIS
974 101 1343 143 EPISTOLAE.

147 228 278 269 quum
318 215 397 255 ille
436 213 645 255 ediderit.
705 212 798 262 Qui
833 212 1007 254 tandem
1033 213 1281 255 convenit?
1339 214 1407 253 An
1436 213 1527 266 sic,
1567 218 1616 254 ut

151 273 193 311 in
223 275 462 325 tyrannum
494 271 589 309 iure
610 268 777 323 optimo
799 270 997 310 caesum?
1056 268 1208 309 Multa
1229 268 1447 319 dicentur,
1477 270 1617 308 mult-a

148 325 397 366 scribentur
428 338 452 365 a
481 325 631 373 nobis;
669 323 746 365 sed
777 326 869 365 alio
899 325 1030 364 modo
1061 327 1106 365 et
1136 327 1344 378 tempore.
1405 324 1474 364 De
1504 323 1618 364 sella

149 380 376 426 Caesaris,
415 382 522 420 bene
560 377 751 421 tribuni:
799 381 1054 434 praeclaros
1105 380 1236 420 etiam
1288 392 1382 419 xiv.
1423 379 1616 419 ordines.

151 436 335 476 Brutum
367 436 481 490 apud
512 450 580 476 me
611 434 749 477 fuisse
779 436 974 490 gaudeo:
1015 435 1144 476 modo
1187 440 1231 476 et
1263 436 1452 476 libenter
1482 434 1620 475 fuerit

152 496 193 532 et
225 495 291 532 sat
323 490 415 531 diu.

373 684 684 726 EPISTOLA
715 683 929 724 Dccxl.
981 684 1058 734 <aa
1088 684 1180 724 Λα.
1211 683 1316 732 xv,
1346 685 1404 734 4.)

305 763 384 797 Ser.
414 763 453 796 in
480 763 625 798 Atinati
651 764 693 796 X.
720 763 799 796 Kal.
827 763 908 797 Iun.
936 762 978 796 A.
1007 762 1050 795 U.
1078 762 1117 796 C.
1145 763 1224 796 710.
1262 767 1310 806 (a.
1337 765 1375 801 C.
1403 764 1475 805 4⁴.)

446 834 592 868 Duabus
618 834 735 868 Attici
762 833 933 879 epistolis
960 832 1172 878 respondet.
1209 836 1326 869 1—5.

652 904 829 939 CICERO
864 903 1044 938 ATTICO
1077 902 1113 937 S.

264 987 308 1013 x.
341 973 531 1013 Kalend.
570 972 683 1013 hora
727 986 822 1013 vm.
862 971 957 1013 sere
988 985 1013 1012 a
1043 969 1100 1020 Q.
1130 970 1260 1012 Fufio
1290 970 1414 1012 venit
1443 973 1626 1013 tabella-

154 1027 262 1068 rius.
321 1027 486 1069 Nescio
517 1029 628 1082 quid
657 1029 710 1068 ab
741 1041 794 1068 eo
825 1027 1128 1073 literularum,
1168 1028 1234 1067 uti
1274 1041 1343 1067 me
1383 1027 1468 1068 sibi
1499 1028 1626 1069 resti-

154 1088 343 1124 tuerem:
374 1097 478 1124 sane
508 1083 694 1135 insulse,
724 1087 774 1123 ut
802 1084 938 1123 solet:
969 1082 1056 1122 nisi
1086 1081 1219 1134 forte,
1250 1096 1361 1136 quae
1389 1096 1474 1123 non
1499 1097 1628 1129 ames,

156 1139 304 1178 omnia
328 1138 539 1179 videntur
567 1139 738 1178 insulse
769 1137 885 1179 fieri.
947 1136 1121 1190 Scripsi
1150 1137 1230 1183 ita,
1267 1143 1317 1178 ut
1345 1143 1390 1178 te
1419 1141 1627 1192 probatu·

157 1208 253 1233 rum
283 1193 506 1234 existimo.
567 1192 686 1234 Mihi
718 1192 827 1233 duas
869 1206 894 1232 a
924 1196 968 1233 te
1000 1192 1211 1247 epistolas
1243 1193 1460 1247 reddidit,
1499 1208 1626 1235 unam

160 1388 214 1420 Cf.
243 1398 299 1431 ep.
327 1389 407 1429 708,
435 1390 469 1423 2.
499 1389 581 1423 711.
606 1389 640 1421 3.
669 1404 713 1411 —-
742 1385 811 1422 Qu?
836 1387 932 1420 rand.
958 1396 1072 1425 conv„
1101 1387 1174 1421 wie
1201 1387 1241 1420 in
1259 1387 1481 1423 allerWelt
1498 1388 1634 1423 wiirde

159 1435 241 1469 sich
266 1436 338 1469 Das
363 1435 459 1469 thun
487 1435 636 1468 lassen?
671 1435 802 1468 wiirde
828 1435 900 1468 Das
927 1433 1095 1467 r'zithlich
1119 1434 1227 1468 sein?
1270 1453 1313 1460 —
1364 1436 1424 1468 An
1461 1436 1516 1469 sic
1550 1436 1633 1469 scil.

158 1483 337 1523 dicturus,
367 1484 575 1529 scripturus
602 1494 697 1521 sum,
724 1486 762 1515 ut
789 1488 875 1525 cet„
912 1489 1010 1516 etwa
1036 1493 1086 1523 so,
1120 1482 1200 1516 dass
1234 1483 1298 1516 ich
1331 1483 1434 1518 datin
1463 1484 1633 1526 bewiese,

157 1531 239 1564 dass
262 1531 331 1564 der
356 1532 565 1577 Usurpator
585 1531 655 1564 mit
680 1529 804 1565 Recht
828 1529 1018 1564 ermordet
1043 1530 1123 1564 sei?
1172 1530 1266 1564 Sane
1290 1531 1342 1564 sic
1369 1556 1376 1563 .
1405 1556 1412 1564 .
1442 1556 1449 1564 .
1477 1542 1635 1573 caesum,

159 1579 269 1611 multa
294 1579 461 1612 dicentur
492 1585 562 1613 cet.
591 1577 678 1612 Sch.
704 1578 802 1612 coni.
831 1578 989 1611 Liinem.
1041 1577 1235 1611 Sententia
1260 1578 1353 1612 haec
1380 1584 1455 1612 est:
1483 1579 1636 1622 „Quidss'

159 1638 248 1659 num
275 1626 348 1659 hoc
375 1627 455 1671 ipso
481 1632 621 1672 puncto
647 1625 841 1670 temporis,
870 1637 985 1670 quum
1011 1625 1070 1660 rei
1095 1625 1267 1671 publicae
1294 1626 1513 1661 deAntonio
1540 1639 1636 1662 non-

158 1674 247 1707 dum
273 1674 384 1718 plane
408 1674 679 1720 desperandum
706 1680 774 1715 est,
807 1674 860 1707 sic
894 1673 1058 1707 scribere
1096 1674 1286 1718 convenit,
1324 1681 1366 1708 ut
1392 1675 1431 1707 in
1457 1682 1531 1721 tyr.
1557 1682 1635 1721 opt.

159 1723 242 1754 iure
268 1725 440 1755 caesum?
494 1722 659 1762 Minime,
699 1722 770 1756 etsi
797 1733 838 1756 re
864 1733 952 1756 vera
979 1721 1054 1756 suit
1079 1723 1323 1766 tyrannus;“
1355 1723 1478 1767 potius
1506 1735 1634 1768 quam:

159 1769 310 1811 „Quid‘i'
336 1781 425 1802 num
451 1771 587 1804 Brutus
614 1770 686 1803 illa
711 1770 865 1814 scripsit
889 1769 957 1811 sic,
982 1776 1024 1804 ut
1049 1770 1089 1802 in
1114 1776 1139 1803 t.
1159 1781 1193 1804 ο.
1211 1770 1235 1804 i.
1262 1772 1439 1803 caesum?
1466 1772 1633 1805 Minime.

160 1818 242 1864 Ego
267 1817 343 1850 alio
370 1818 479 1852 modo
505 1817 707 1851 scribam.“
735 1818 930 1851 ORELLI.
959 1836 1000 1842 —
1040 1818 1123 1851 bene
1151 1818 1298 1860 tribuni,
1325 1818 1433 1858 „dass
1459 1818 1520 1852 die
1546 1819 1634 1852 Tri-

161 1865 284 1898 bunen
318 1866 448 1899 C‘zisars
483 1866 668 1913 goldenen
700 1865 826 1899 Sessel
861 1865 970 1899 nicht
1006 1865 1059 1898 im
1086 1865 1466 1913 Theater'geduldet
1500 1866 1634 1907 haben,

161 1913 208 1947 ist
233 1912 341 1945 wohl
366 1914 544 1957 gethan.“
592 1914 707 1948 Recte
733 1915 875 1948 factum
902 1926 921 1947 a
947 1913 1122 1956 tribunis,
1150 1914 1215 1958 qui
1244 1914 1411 1948 Caesaris
1438 1914 1569 1948 sellam
1596 1916 1636 1948 in

161 1961 388 2004 spectaculis
415 1961 555 2006 apponi
579 1967 791 1996 vetuerunt.
854 1962 1083 2005 Quamquam
1114 1961 1276 1995 vetuisse
1309 1962 1514 1996 Antonium
1550 1974 1637 1997 con—

161 2009 294 2047 sulem,
322 2020 397 2042 non
423 2010 609 2052 tribunos,
644 2009 837 2056 Appianus
864 2009 908 2043 de
934 2010 974 2043 B.
1002 2009 1082 2043 Civ.
1109 2009 1179 2052 111,
1205 2010 1250 2044 28
1283 2009 1423 2052 tradit3
1456 2011 1521 2044 sed
1554 2022 1636 2045 cre-

162 2055 322 2089 dendum
357 2058 481 2101 potius
517 2057 642 2091 Attico
677 2059 876 2102 praesenti.
937 2058 991 2090 De
1028 2056 1100 2090 hac
1135 2056 1229 2090 sella
1256 2056 1456 2091 Suetonius
1490 2059 1531 2090 in
1565 2060 1635 2092 Iul.

160 2115 191 2136 c.
220 2105 275 2139 76.
302 2104 410 2138 SCH.
442 2123 483 2129 --
511 2118 592 2139 Χιν.
621 2106 778 2139 ordines.
830 2105 920 2139 Scil.
948 2105 1091 2149 equites
1118 2105 1157 2137 in
1179 2104 1327 2139 theatro
1353 2106 1519 2139 studium
1547 2118 1638 2155 erga

162 2163 241 2184 rem
269 2152 459 2196 publicam
487 2152 754 2199 significantes.
780 2153 978 2187 MANUT.
1029 2153 1101 2185 Die
1121 2153 1248 2186 Ritter
1274 2153 1404 2188 hatten
1430 2154 1542 2188 ienen
1568 2156 1638 2189 Be-

162 2198 247 2231 seht
275 2199 342 2232 der
367 2199 561 2232 Tribumn
587 2201 664 2234 laut
690 2201 878 2249 gebilligt.
907 2220 948 2225 —
1000 2201 1094 2242 apud
1116 2211 1183 2233 me.
1217 2201 1564 2236 Wahrscheinlich
1592 2215 1639 2237 zu

164 2248 305 2281 Astura.
358 2245 393 2280 S.
421 2259 477 2292 ep.
507 2249 587 2290 697,
615 2249 646 2281 4.
677 2267 717 2273 ——
771 2253 804 2282 et
829 2252 885 2281 sat
912 2248 985 2289 diu,
1013 2248 1091 2281 und
1115 2249 1179 2281 siir
1204 2248 1309 2282 mich
1335 2249 1447 2297 lange
1475 2262 1612 2298 genug.

259 2315 288 2346 1.
340 2326 378 2347 x.
406 2314 493 2347 Kal.
518 2315 611 2357 Iun„
636 2326 695 2346 am
723 2316 778 2350 23.
795 2314 880 2356 Mai,
907 2313 1098 2361 ungefaihr
1125 2325 1184 2346 um
1212 2316 1233 2349 2
1252 2314 1337 2347 Uhr
1362 2315 1637 2365 NachmittagS.

163 2379 209 2385 —-·
238 2361 276 2396 Q.
305 2360 410 2402 Fufio
437 2362 592 2403 Caleno,
622 2362 813 2396 Ciceronis
839 2362 996 2395 inimico
1023 2362 1096 2394 iam
1122 2361 1210 2394 inde
1242 2374 1261 2395 a
1287 2363 1520 2407 temporibus
1548 2364 1637 2398 Clo-

161 2408 293 2442 dianis.
344 2408 426 2442 Vid.
455 2411 584 2444 Ascon.
613 2410 651 2442 in
679 2410 809 2444 Milon.
861 2410 988 2444 Postea
1009 2409 1183 2444 Ciceroni
1210 2411 1344 2444 acerbe
1366 2412 1572 2445 Antonium
1599 2413 1639 2446 in

161 2462 288 2490 senatu
314 2458 502 2491 accusanti
527 2469 600 2491 non
626 2458 750 2491 minus
776 2458 908 2492 acerba
935 2458 1103 2492 oratione
1130 2458 1339 2503 respondit,
1368 2470 1476 2503 quam
1505 2460 1640 2495 recitat

160 2505 231 2539 Dio
257 2504 354 2538 libro
379 2505 506 2539 XLVI.
534 2505 733 2539 MANUT.
787 2524 828 2530 ·-
881 2507 924 2538 ab
952 2516 991 2538 eo
1026 2506 1106 2539 scil.
1142 2506 1281 2551 accepi.
1331 2525 1378 2531 —
1425 2508 1480 2540 uti
1504 2510 1575 2549 (z
1601 2513 1637 2541 ut

160 2553 300 2586 Vict.l.
329 2553 477 2594 hamb.)
505 2564 561 2587 me
584 2553 655 2586 sibi
680 2553 814 2591 restit„
842 2554 903 2586 ich
930 2553 1082 2588 m'ochte
1108 2553 1191 2587 ihm
1218 2553 1342 2588 moine
1360 2555 1637 2590 Freundschast

160 2600 303 2634 wieder
330 2601 533 2634 schenken.
562 2619 601 2625 —
630 2602 764 2634 insulse
790 2602 827 2634 id
853 2603 957 2635 fecit.
987 2619 1028 2624 —
1057 2613 1157 2645 quae.
1187 2601 1248 2634 Sic
1276 2604 1355 2636 Bos.
1384 2604 1496 2637 tacite
1523 2603 1635 2647 seqq.

160 2659 261 2692 quem
288 2649 436 2682 Priores
463 2661 547 2683 cum
576 2649 647 2682 Md.
689 2649 887 2682 ORELLl.
938 2651 1130 2683 Erwartet
1165 2650 1267 2683 h'a‘tte
1308 2662 1393 2683 man
1430 2651 1503 2684 nisi
1526 2652 1637 2692 sorte

160 2697 203 2728 ab
231 2707 283 2742 eol,
310 2708 409 2739 quem
436 2704 562 2731 cet.—
591 2697 773 2730 ea‘istimo.
800 2697 862 2730 Sic
877 2698 1074 2731 M‹l.Oxon.
1093 2699 1162 2733 1.2.
1191 2698 1318 2732 cadem
1345 2699 1636 2738 constructione.

160 2750 199 2777 ut
226 2743 302 2777 Lib.
336 2746 388 2779 16.
419 2745 486 2789 Ep.
519 2747 572 2780 16.
593 2747 632 2788 f.
662 2746 699 2778 in
726 2745 817 2781 fine:
850 2757 906 2779 res
934 2747 985 2779 ila
1015 2744 1209 2789 cstfirma,
1235 2750 1269 2779 ut
1298 2747 1394 2780 debet
1424 2757 1506 2780 esso
1543 2747 1633 2779 Edd.
