1795 3086
219 110 313 158 324
500 110 566 153 M.
600 109 656 151 Te
690 106 1033 151 CICERONIS
1065 107 1437 152 EPISTOLAE.

225 225 410 279 gloriae,
450 234 580 275 quam
621 219 852 261 consecuti
893 233 1053 260 sumus.
1132 219 1268 261 Multi
1320 220 1558 262 clarissimi
1605 222 1711 267 viri,
1769 264 1770 269 ,

226 294 356 335 quum
388 279 455 318 rei
486 277 692 331 publicae
722 275 884 332 darent
913 289 1109 329 operam,
1153 289 1317 317 annum
1346 277 1578 331 petitionis
1606 291 1712 318 suae
1756 299 1765 327 ῃ

227 350 312 376 non
343 333 561 374 obierunt.
633 331 765 381 Quod
795 345 848 372 eo
880 330 1061 372 facilius
1092 333 1220 372 nobis
1250 336 1333 377 est,
1380 333 1499 386 quod
1528 346 1615 373 non
1645 339 1713 373 est

225 404 365 431 annus
396 388 474 428 hic
503 387 586 428 tibi
616 386 887 428 destinatus:
919 391 982 439 ut,
1011 389 1051 427 si
1080 388 1242 428 aedilis
1269 387 1443 440 fuisses,
1472 392 1574 441 post
1589 389 1712 429 bien*

225 446 345 485 nium
375 449 477 485 tuus
509 456 643 484 annus
673 446 803 484 esset.
878 442 1010 483 Nunc
1049 443 1163 484 nihil
1196 445 1558 497 praetermittere
1587 444 1708 485 vide-

225 503 328 542 bere
377 500 533 541 usitati
576 503 622 540 et
670 498 797 552 quasi
845 497 1042 552 legitimi
1088 499 1301 553 temporis
1352 499 1411 540 ad
1462 500 1711 553 petendum,

226 557 378 598 Video
408 560 573 605 autem,
604 555 776 595 Planco
807 554 1005 598 consule,
1034 555 1117 594 etsi
1146 554 1279 595 etiam
1310 555 1404 596 sine
1433 568 1487 594 eo
1516 554 1713 596 rationes

226 612 458 669 expeditas
487 610 691 659 haberes,
731 613 878 649 tamen
904 609 1258 663 splendidiorem
1288 611 1550 665 petitionem
1578 614 1714 660 tuam,

228 669 267 710 si
297 667 429 709 modo
459 668 547 707 ista
576 679 635 707 ex
665 666 881 705 sententia
916 664 1121 705 confecta
1150 671 1321 715 essene}
1361 667 1555 708 Omnino
1586 667 1713 721 plura

226 737 296 765 me
325 723 539 771 scribere,
589 734 721 776 quum
760 726 881 760 tuum
920 724 1091 761 tantum
1133 723 1369 762 consilium
1408 722 1715 776 iudiciumque

227 782 301 826 sit,
349 792 436 820 non
478 780 543 818 ita
581 790 761 818 necesse
809 774 1089 817 arbitrabar:
1139 777 1218 816 sed
1264 782 1413 818 tamen
1451 779 1715 819 sententiam

226 849 369 877 meam
399 835 483 874 tibi
513 834 711 887 ignotam
742 845 836 872 esse
867 832 1091 880 noleban13
1137 832 1264 872 euius
1295 838 1363 873 est
1392 832 1502 873 haec
1531 847 1714 883 summa,

227 895 275 932 ut
316 891 463 931 omnia
511 894 555 930 te
603 887 756 929 metiri
803 888 1022 941 dignitate
1066 888 1238 940 malim,
1290 901 1423 942 quam
1459 890 1716 933 ambitione,

225 948 522 998 maioremque
552 945 745 984 fructum
775 957 939 997 ponere
979 944 1024 983 in
1056 944 1351 998 perpetuitate
1383 944 1546 996 laudis,
1585 957 1716 998 quam

226 1003 275 1043 in
305 1001 539 1042 celeritate
569 1004 820 1055 praeturae.
891 1000 1016 1039 Haec
1054 1000 1208 1040 eadem
1240 1001 1415 1040 locutus
1457 1013 1552 1040 sum
1592 1000 1715 1041 domi

224 1072 364 1110 meae,
403 1055 608 1097 adhibito
638 1055 826 1104 Quinto,
864 1054 1007 1094 fratre
1036 1068 1150 1106 meo,
1189 1060 1233 1095 et
1263 1056 1459 1096 Caecina
1488 1059 1532 1097 et
1561 1055 1713 1096 Calvi-

226 1114 310 1165 sio,
364 1110 711 1153 studiosissimis
762 1111 842 1159 tui,
888 1123 1021 1162 quum
1060 1111 1315 1162 Dardanus,
1361 1112 1550 1151 libertus
1598 1115 1714 1159 tuus,

225 1171 474 1210 interesset.
533 1166 749 1207 Omnibus
780 1166 962 1219 probari
1002 1164 1242 1209 videbatur
1280 1168 1425 1207 oratio
1468 1179 1588 1208 meaa
1636 1168 1715 1207 sed

225 1231 275 1266 tu
304 1224 470 1279 optime
502 1221 735 1263 iudicabis„

217 1344 428 1391 festinatio,
451 1343 553 1375 diose
574 1341 690 1388 eilige
709 1340 947 1388 Bewerbung
972 1351 1035 1374 um
1061 1340 1121 1375 die
1141 1342 1285 1375 Pr'zitur.
1312 1360 1358 1366 —
1392 1342 1574 1375 consecuti
1597 1351 1716 1375 sumus

226 1389 520 1427 theilnehmend
542 1397 585 1422 st.
613 1395 832 1423 consecutus
859 1399 908 1423 es.
957 1389 1098 1436 Figura
1124 1389 1276 1423 Litotes.
1303 1408 1347 1414 —
1375 1400 1484 1434 quum
1513 1418 1518 1424 ρ
1548 1414 1556 1423 .
1584 1390 1714 1423 darent

226 1451 389 1485 operam,
417 1450 529 1473 wann
557 1438 611 1471 sie
638 1439 691 1470 im
718 1436 871 1470 Dienste
897 1437 962 1470 des
990 1436 1110 1471 Staats
1136 1437 1336 1472 abwesend
1361 1449 1505 1473 waren.
1552 1457 1594 1461 —
1632 1449 1713 1471 ann,

230 1521 232 1523 ,
265 1516 273 1523 .
298 1499 368 1521 non
408 1487 572 1520 obierunt
614 1486 635 1518 i.
672 1497 703 1519 e,
746 1486 968 1525 omiserunt,
1011 1485 1133 1518 haben
1173 1485 1246 1518 den
1278 1486 1444 1519 Eintritt
1480 1486 1541 1519 des
1574 1491 1714 1531 gesetz-

228 1537 414 1583 miissigen
441 1535 572 1567 lahres
598 1545 644 1566 zu
670 1534 775 1566 einer
801 1544 921 1566 neuen
935 1533 1278 1580 Amtsbewerbung
1304 1533 1441 1566 fabren
1467 1534 1609 1567 lassen:
1634 1546 1715 1569 woe
1762 1546 1763 1550 ¹

228 1597 353 1633 gegeu
378 1583 474 1617 Dein
501 1581 809 1629 gesetziiiassiges
836 1580 928 1613 lahr
955 1581 1164 1625 eigentlich
1198 1581 1298 1614 noch
1338 1581 1446 1615 nicht
1476 1581 1715 1629 eingetreten
1762 1593 1763 1616 1
1792 1593 1795 1609 τ’

229 1635 286 1669 ist,
316 1652 356 1657 —-—
385 1631 599 1670 destinatus,
634 1629 865 1671 auberaumt,
900 1629 1108 1675 legitimus.
1161 1648 1202 1653 —
1254 1634 1335 1662 tuus
1370 1640 1485 1663 annus
1518 1633 1612 1662 esset
1643 1628 1717 1663 hoc
1754 1653 1763 1671 ,⁴
1791 1641 1795 1653 ¹

229 1688 300 1723 est,
327 1679 476 1713 etiamsi
502 1678 633 1711 aedilis
660 1677 733 1711 hoc
766 1688 864 1710 anno
890 1677 1037 1720 fuisses,
1072 1683 1199 1711 tamen
1232 1684 1315 1723 post
1346 1677 1541 1711 biennium
1565 1677 1714 1711 demum
1760 1689 1763 1692 ⁴
1792 1694 1795 1705 r

230 1729 299 1762 tibi
324 1728 461 1762 liceret
486 1733 616 1771 petere
643 1730 881 1770 praeturam,
908 1737 981 1759 non
1007 1725 1126 1771 prius.
1170 1746 1210 1751 --
1251 1726 1556 1769 praetermittere,
1582 1725 1715 1759 verab«

230 1779 396 1817 sammon,
442 1773 733 1821 voriibergehen
767 1773 898 1809 lassen.
952 1792 995 1797 —
1046 1773 1185 1808 Planco
1217 1775 1363 1807 consule
1396 1785 1494 1807 anno
1528 1773 1715 1817 sequenti,

228 1837 340 1859 wenn
368 1825 427 1858 Du
452 1823 515 1856 das
542 1822 720 1856 Consulat
746 1821 809 1855 des
836 1821 993 1855 Plancus
1020 1824 1260 1856 erwartest.“
1308 1823 1386 1856 Der
1417 1821 1557 1854 Consul
1594 1821 1715 1866 prasi-

228 1874 329 1906 dirte
356 1871 515 1906 beiden
543 1870 754 1912 Comitien3
791 1870 870 1902 also
904 1869 1006 1904 hatte
1041 1870 1109 1903 der
1141 1870 1267 1903 Ruhm
1301 1870 1366 1903 des
1399 1869 1618 1902 Feldherrn
1652 1870 1719 1902 aus

227 1921 358 1954 seinen
386 1920 554 1968 Legaten
579 1918 776 1963 doppeltes
803 1916 920 1950 Licht
945 1920 1152 1965 geworfen.
1197 1939 1237 1944 —
1292 1918 1363 1951 etsi
1386 1942 1394 1948 .
1424 1946 1430 1953 .
1459 1916 1622 1960 haberes,
1651 1918 1714 1951 οἱ)ε

227 1967 359 2015 gleich
397 1969 456 2001 Du
493 1966 588 2000 auch
623 1967 725 2000 ohne
767 1966 898 1999 seinen
930 1966 1107 1999 Beistand
1146 1978 1216 1999 zur
1248 1965 1460 2012 Reehnung
1492 1964 1527 1998 d.
1565 1965 1589 1998 i.
1627 1977 1713 1998 zum

228 2016 338 2050 Ziele
364 2015 543 2049 kommen
569 2015 749 2048 wiirclest.
803 2032 842 2037 -—
896 2015 1070 2056 splendid.
1106 2015 1192 2048 scil.
1226 2016 1321 2052 fore,
1361 2013 1459 2058 quod
1486 2023 1531 2046 ex
1557 2013 1714 2057 antiquo

226 2065 339 2112 gloss„
367 2063 494 2097 hamb.
520 2063 669 2098 adiecit.
715 2081 749 2085 —
800 2063 885 2103 ista,
914 2062 975 2096 die
1001 2062 1151 2110 v'o'llige
1176 2062 1440 2108 Vernichtung
1465 2060 1529 2094 des
1555 2061 1714 2095 Antonio

224 2112 342 2147 schen
367 2111 508 2145 Restes.

323 2178 355 2212 3.
407 2188 513 2221 quum
538 2181 636 2210 {uum
665 2203 669 2206 .
700 2204 707 2211 .
735 2178 796 2215 sit,
824 2188 940 2220 quum
967 2176 1047 2220 ipse
1074 2176 1118 2209 do
1143 2175 1207 2209 his·
1230 2176 1337 2210 rebus
1364 2188 1434 2222 pro
1460 2184 1522 2210 tua
1549 2176 1711 2222 pruden=
1756 2198 1758 2202 ,

228 2225 282 2260 tia
307 2226 450 2270 optime
476 2225 644 2258 iudicare
670 2227 787 2269 possis
813 2236 881 2258 nec
908 2224 1041 2257 habeas
1075 2235 1166 2268 opus
1202 2225 1405 2267 monitore,
1439 2225 1485 2258 da
1516 2237 1554 2258 es
1588 2224 1714 2258 hiebei
1754 2232 1758 2268 ς
1789 2228 1795 2254 r'

227 2273 522 2318 haupts‘zichlich
564 2275 632 2305 auf
670 2274 789 2307 Deine
836 2273 968 2319 eigene
1011 2272 1168 2304 Ansicht
1217 2272 1293 2305 und
1333 2273 1611 2318 Beurtheilung
1649 2285 1713 2305 an=
1754 2307 1757 2321 ⁴

228 2321 389 2356 konnnt.
418 2341 461 2346 —
489 2322 615 2354 metiri
644 2332 833 2354 ermessen
858 2320 966 2353 nach.
1001 2339 1048 2344 —
1081 2320 1288 2361 ambitione,
1308 2318 1362 2355 als
1391 2320 1489 2354 nach
1515 2321 1584 2355 der
1607 2320 1714 2355 Ehre

229 2370 334 2404 eines
361 2369 494 2404 Titels.
547 2388 587 2394 —-
640 2371 771 2408 laudis,
802 2370 867 2402 fiir
892 2368 956 2401 das
984 2368 1186 2401 Vaterland
1212 2369 1411 2417 gekampft
1437 2381 1484 2403 zu
1508 2369 1641 2403 haben.
1670 2386 1711 2391 —
1752 2366 1756 2399 ἴ

231 2418 402 2453 Caecina.
429 2430 456 2451 s.
482 2430 529 2452 zu
556 2428 614 2461 ep.
643 2419 723 2453 470.
758 2418 812 2450 im
837 2418 926 2450 Anf.
981 2435 1020 2441 -
1075 2416 1248 2449 Calvisio.
1291 2418 1331 2451 C.
1361 2417 1562 2460 Calvisius,
1597 2416 1712 2451 homo
1754 2414 1755 2417 '

228 2467 359 2514 magni
385 2465 531 2507 iudicii,
558 2465 615 2498 rei
640 2466 813 2510 publicae
848 2476 988 2504 amans,
1025 2464 1205 2503 Africam,
1246 2477 1357 2508 quam
1390 2472 1476 2499 ante
1509 2466 1583 2499 iam
1616 2464 1712 2498 obti-
1754 2458 1757 2463 ¹

228 2520 365 2548 nuerat
390 2515 508 2556 (nunc
533 2519 657 2547 autem
684 2513 911 2547 Cornificius
937 2512 1145 2553 obtinebat)
1173 2514 1353 2547 sortiente
1381 2513 1606 2547 M.Antonio
1631 2524 1711 2547 sor-
1754 2522 1755 2527 ¹

226 2563 317 2596 titus
343 2569 407 2596 est.
459 2561 543 2595 Vid.
571 2573 629 2607 ep.
656 2563 735 2597 813,
764 2563 843 2596 836.
872 2560 1037 2606 Philipp.
1066 2561 1135 2603 111,
1165 2563 1216 2596 10.
1249 2580 1288 2584 -
1318 2561 1443 2595 oratio
1468 2572 1558 2603 mea,
1586 2560 1710 2593 meine
1789 2578 1795 2597 ς

227 2609 398 2644 Ansicht.
