1795 3086
495 77 806 121 EPISTOLA
837 76 1118 120 DCCXVII.
1467 70 1549 118 121

92 193 307 242 auctores,
351 192 464 229 metu
501 190 626 229 nobis
677 193 941 242 extorquere
993 189 1220 231 conantur.
1298 184 1386 226 Sed
1433 184 1549 225 nihil
1589 180 1615 219 4

91 250 238 300 agunt.
294 245 468 286 Nullius
497 258 687 298 unquam
717 244 906 299 periculi
935 245 1180 285 terroribus
1208 242 1262 281 ab
1291 239 1446 280 officio
1475 244 1552 281 aut

92 304 146 342 ab
175 301 439 342 humanitate
468 299 723 341 desciscam.
754 298 1001 353 ‘Nunquam
1031 300 1146 339 enim
1176 297 1407 338 honestam
1435 308 1551 336 mor-

93 363 181 397 tem
219 356 486 411 fugiendam,
531 369 660 409 saepe
706 356 837 396 etiam
887 355 1174 407 oppetendam
1222 351 1384 406 putavi.
1460 351 1550 413 Sed

94 412 199 465 quid
238 412 351 452 mihi
385 416 658 459 succensent,
707 411 744 451 si
783 410 830 451 id
868 413 988 463 opto,
1036 412 1084 448 ut
1121 408 1339 461 poeniteat
1375 419 1449 448 eos
1485 419 1554 446 sui

95 468 226 508 facti!
282 466 424 521 Cupio
453 467 569 505 enim
600 466 806 507 Caesaris
836 469 1021 505 mortem
1051 463 1251 504 omnibus
1296 475 1393 504 esse
1432 473 1555 502 acer-

95 525 204 563 bam.
261 524 321 563 At
350 522 487 562 debeo
517 535 596 576 pro
628 521 756 561 civili
793 525 920 575 parte
948 533 1039 560 rem
1068 517 1290 573 publicam
1328 517 1439 558 velle
1467 517 1555 559 sal-

94 592 205 619 vam.
263 578 316 618 Id
346 577 524 631 quidem
553 591 621 617 me
647 591 823 632 cupere,
853 575 941 616 nisi
972 580 1016 616 et
1045 578 1144 614 ante
1174 575 1273 613 acta
1292 573 1388 614 vita
1415 576 1458 613 et
1487 586 1556 613 re-

96 635 219 687 liqua
246 646 342 674 mea
373 647 486 687 spes,
516 638 689 673 tacente
720 647 804 682 me,
833 632 1005 686 probat,
1045 628 1234 669 dicendo
1262 627 1442 668 vincere
1471 641 1556 668 non

95 689 283 743 postulo.
342 688 490 738 Quare
519 689 732 729 maiorem
762 689 810 728 in
838 686 1014 728 modum
1053 690 1098 726 te
1125 696 1249 738 roge,
1286 685 1452 745 uttrem
1480 697 1557 737 po-

96 746 255 784 tiorem
285 745 485 785 oratione
516 744 677 785 ducas:
709 744 926 797 mihique,
957 742 995 782 si
1023 740 1162 782 sentis
1192 737 1407 792 expedire
1438 744 1557 779 recte

95 799 213 850 fieri,
267 800 424 841 credas
474 800 636 840 nullam
676 800 1024 839 communionem
1071 809 1171 837 cum
1209 793 1423 848 improbis
1464 807 1560 834 esse

96 868 237 909 posse.
297 856 381 906 An,
414 855 532 909 quod
560 854 816 895 adolescens
846 853 1064 908 praestiti,
1092 864 1223 907 quum
1251 849 1382 890 etiam
1412 862 1561 890 errare

97 925 196 951 cum
235 912 521 952 excusatione
558 922 755 964 possem:
805 908 853 949 id
892 923 1022 961 nunc,
1071 910 1216 949 aetate
1253 905 1561 960 praecipitata,

97 971 358 1007 commutem
401 979 450 1006 ac
488 980 556 1006 me
602 967 696 1020 ipse
746 966 968 1006 retexam?
1024 963 1126 1005 Non
1166 961 1352 1002 faciam:
1403 973 1560 1015 neque,

97 1021 215 1075 quod
245 1021 497 1075 displiceat,
537 1021 821 1074 committam,
859 1026 1167 1075 praeterquam
1210 1016 1330 1070 quod
1367 1015 1561 1057 hominis

98 1077 210 1117 mihi
239 1077 590 1117 coniunctissimi
631 1090 682 1116 ac
709 1076 798 1117 viri
827 1076 1093 1131 amplissimi
1121 1073 1250 1115 doleo
1281 1085 1461 1126 gravem
1490 1085 1562 1112 ca-

98 1145 205 1172 sum.
264 1132 396 1181 Quod
427 1133 464 1173 si
496 1132 622 1173 aliter
651 1145 791 1173 essem
822 1132 1052 1182 animatus,
1095 1141 1314 1182 nunquam
1349 1127 1467 1181 quod
1496 1127 1562 1168 fa-

100 1201 245 1228 cerem
274 1200 494 1242 negarem,
531 1201 583 1229 ne
622 1192 666 1229 et
693 1187 739 1228 in
769 1187 993 1242 peccando
1022 1186 1245 1240 improbus
1282 1187 1328 1224 et
1355 1184 1402 1223 in
1430 1183 1562 1224 dissi-

101 1352 380 1393 interfectores,
415 1353 488 1387 wie
512 1353 745 1401 wenigstens
771 1364 832 1387 aus
865 1353 938 1387 den
971 1351 1147 1400 haufigen
1178 1351 1428 1386 Ausdriicken
1461 1352 1569 1386 iener

101 1400 375 1448 vorgeblichen
400 1401 707 1435 Froiheitsretter
731 1401 812 1435 sich
838 1400 1047 1435 abnehmen
1073 1401 1175 1435 lasst.
1206 1400 1333 1434 Lamb.
1359 1399 1448 1434 Sch.
1474 1401 1566 1433 Liin.

99 1459 190 1481 ‘nnnc
212 1448 286 1482 isti.
314 1453 351 1480 ut
377 1450 514 1492 quidem
540 1450 638 1491 dict„
660 1450 718 1483 lib.
745 1454 840 1484 auct.
885 1449 1079 1485 ORELLI.
1130 1466 1172 1473 -·
1222 1447 1317 1481 m'lzil
1352 1452 1479 1491 agunt,
1514 1449 1568 1482 sie

101 1496 253 1530 richten
278 1495 412 1530 Nichts
437 1507 512 1530 aus,

195 1545 230 1577 4.
280 1544 428 1577 Nullius
453 1545 565 1577 enim.
592 1562 634 1570 —
672 1545 878 1586 desciscam,
902 1544 1019 1580 werd'
1044 1544 1108 1578 ich
1134 1550 1271 1578 untreu
1295 1543 1462 1578 werden.
1511 1544 1567 1577 de-

102 1590 226 1623 sistam
256 1593 385 1639 Margo
411 1592 508 1627 Crat.
551 1610 598 1617 -—
648 1598 782 1637 oppet„
819 1593 903 1633 (alii
928 1597 1044 1637 appet.
1071 1592 1134 1626 sed
1159 1591 1294 1637 oppetit
1318 1596 1479 1633 mortem,
1505 1592 1570 1636 qui

103 1650 184 1671 eam
210 1650 284 1672 non
310 1639 481 1687 defugit3
520 1641 670 1685 appetit,
697 1642 760 1685 qui
785 1642 848 1675 vel
874 1642 952 1686 ipse
975 1641 1045 1674 sibi
1072 1652 1153 1674 eain
1179 1639 1415 1675 consciscere
1446 1640 1572 1682 velit.)

103 1687 222 1720 Multo
249 1687 348 1720 enim
373 1687 565 1721 honestius
592 1695 646 1723 est
671 1688 828 1724 honeste
852 1688 993 1734 perire,
1031 1700 1142 1733 quam
1167 1688 1330 1734 turpiter
1354 1688 1496 1721 vivere.
1523 1705 1566 1711 —

104 1736 156 1767 At
180 1735 301 1774 debeo,
338 1735 422 1769 scil.
456 1736 574 1777 aiunt,
608 1748 677 1779 pro
715 1737 780 1770 civ.
815 1748 852 1781 p.
880 1748 909 1770 r.
934 1748 970 1780 p.
1006 1738 1099 1770 velle
1129 1737 1281 1778 salvam,
1323 1735 1453 1776 allein‚
1489 1741 1573 1783 sagt

103 1793 202 1823 man,
228 1782 280 1815 als
305 1783 543 1817 Riimischem
568 1786 716 1832 Biirger
741 1796 839 1819 muss
864 1785 935 1819 Dir
959 1784 1023 1817 das
1048 1784 1172 1819 Wohl
1198 1784 1261 1818 des
1286 1783 1486 1817 Freistaats
1512 1795 1572 1816 am

102 1830 254 1864 Herzen
279 1830 417 1879 liegen.
466 1833 596 1867 Altera
622 1833 809 1867 obiectio!
849 1851 890 1856 —
934 1834 979 1866 Id
1002 1832 1083 1866 scil.
1111 1843 1190 1865 rem
1215 1831 1407 1877 publicam
1431 1831 1573 1865 salvam

105 1889 194 1915 esse.
244 1879 300 1912 Ita
326 1880 542 1924 respondet.
594 1899 636 1905 —
687 1881 828 1925 reliqua
853 1891 930 1914 mea
954 1891 1048 1925 spes,
1085 1880 1162 1913 und
1186 1880 1269 1913 iede
1295 1879 1441 1913 meiner
1465 1879 1572 1913 Hoff-

106 1938 257 1974 nungen
282 1928 345 1960 fiir
369 1928 429 1961 die
456 1928 638 1962 Zukunft.
681 1947 722 1953 —-
761 1934 830 1964 tac.
858 1939 912 1962 me
940 1943 986 1960 z
1018 1935 1060 1962 ut
1092 1934 1243 1969 taceam,
1276 1927 1375 1961 ohne
1400 1927 1481 1961 dass
1507 1927 1573 1961 ich

108 1985 145 2007 es
173 1985 269 2021 sag-e.
305 1994 346 1999 —-
387 1977 536 2010 dicendo
560 1978 711 2016 vincere,
750 1977 934 2017 obtinere,
967 1975 1089 2010 durch
1122 1975 1409 2009 ausdriickliche
1435 1975 1572 2009 Erkl'a'-

108 2035 205 2071 rung
231 2022 429 2057 erstreiten
455 2024 488 2058 d.
515 2024 539 2058 i.
567 2025 714 2059 Andere
740 2025 860 2059 davon
885 2025 1140 2067 iiberzeugen3
1165 2024 1240 2057 wie
1265 2023 1359 2057 oben
1384 2023 1413 2066 ἕ.
1443 2025 1475 2059 2.

200 2071 233 2104 5.
284 2075 329 2112 te,
366 2072 510 2106 Cicero.
552 2094 590 2099 —
634 2077 673 2106 ut
705 2084 779 2106 rem
806 2099 813 2106 .
841 2101 849 2109 .
876 2074 997 2115 ducas,
1044 2072 1105 2107 die
1137 2071 1347 2105 'rhatsache
1385 2078 1474 2106 statt
1507 2070 1575 2104 der

106 2117 246 2153 Worte
272 2120 457 2163 spi-echen
493 2133 541 2153 zu
573 2122 713 2163 lassen3
756 2132 828 2155 non
863 2121 1003 2154 iudices
1044 2132 1088 2153 ex
1124 2119 1263 2162 verbis,
1301 2119 1364 2153 sed
1397 2131 1442 2153 ex
1475 2119 1574 2153 vitae

108 2172 193 2200 ante
218 2174 319 2201 actae
344 2169 461 2202 factis.
498 2187 540 2192 —
582 2170 617 2202 si
639 2171 750 2202 sentis
775 2170 944 2213 expedire
970 2169 994 2201 i.
1022 2180 1051 2202 e.
1078 2168 1174 2201 utile
1201 2179 1277 2202 esse
1302 2167 1342 2201 τὸ
1368 2172 1465 2200 recte
1483 2166 1576 2208 fieri

107 2213 146 2247 h.
181 2225 209 2248 e.
240 2226 324 2248 cum
362 2215 554 2250 honestate
588 2217 792 2251 utilitatem
829 2229 906 2251 esse
938 2217 1200 2259 coniunctam;
1234 2215 1333 2248 nihil
1359 2216 1455 2249 utile
1484 2226 1575 2256 esse,

108 2261 183 2294 nisi
208 2263 304 2306 quod
328 2263 377 2297 sit
402 2264 502 2298 idem
528 2263 749 2306 honestum;
776 2266 899 2299 omnia
923 2272 1059 2305 autem,
1085 2275 1177 2308 quae,
1203 2271 1305 2298 recte
1331 2263 1435 2305 fiant,
1464 2263 1576 2296 etiam

111 2310 298 2353 expedire.
325 2328 367 2335 —-
389 2313 576 2356 praestiti,
608 2313 689 2347 scil.
716 2313 928 2347 honestum.
969 2331 1011 2337 -
1045 2324 1148 2356 quum
1174 2338 1182 2344 .
1211 2338 1219 2346 .
1249 2337 1256 2344 .
1282 2322 1435 2356 possem,
1461 2321 1575 2355 quum

111 2358 342 2391 excusabiles
368 2360 614 2395 adolescentis
642 2367 763 2395 essent
789 2372 947 2396 errores.
977 2379 1015 2385 —
1042 2360 1302 2405 praecipitatu,
1329 2361 1409 2393 fere.
1436 2364 1576 2398 exacta,

111 2404 266 2440 decurso
292 2417 407 2450 paene
441 2409 539 2442 vitae
565 2410 697 2453 spatio,
733 2409 777 2442 da
812 2410 916 2443 mein
940 2409 1053 2444 Alter
1085 2408 1166 2442 sich
1194 2408 1310 2455 neigt.
1361 2428 1402 2433 —
1454 2418 1497 2439 ac
1522 2416 1577 2438 me

109 2453 187 2494 e'pse
211 2457 381 2495 retexam,
409 2455 447 2488 h.
473 2468 501 2489 e.
529 2457 600 2490 sim
626 2458 698 2490 iam
725 2457 921 2490 dissimilis
948 2458 1035 2495 mei,
1077 2467 1150 2490 non
1177 2463 1340 2490 constein
1367 2454 1475 2495 mihi,
1502 2453 1578 2486 und

111 2499 176 2532 ich
218 2501 327 2535 sollte
367 2504 467 2536 mein
501 2505 799 2552 Lebensgewebe
830 2506 943 2539 selbst
974 2505 1173 2538 auflb'sen?
1222 2505 1396 2536 Retexere
1431 2503 1576 2546 tropice

112 2548 300 2594 signifieat
324 2561 427 2583 suum
454 2552 661 2597 ingenium,
688 2564 788 2585 suam
816 2560 985 2586 naturam
1009 2559 1169 2592 mutare,
1195 2550 1420 2591 dissolvere;
1447 2556 1488 2582 ut
1508 2550 1576 2581 Pe-

114 2597 251 2640 nelope
278 2597 367 2630 telas
393 2602 565 2634 retexuit.
610 2620 652 2624 —
692 2602 775 2635 Non
791 2602 952 2643 faciam,
991 2602 1113 2635 Nein!
1151 2599 1212 2631 das
1238 2597 1357 2631 werd’
1382 2596 1444 2629 ich
1470 2596 1577 2630 nicht

114 2643 219 2677 thun.
251 2663 290 2667 —
329 2647 420 2687 quod
443 2647 628 2692 displiceat
656 2649 682 2681 i.
712 2660 740 2682 e.
768 2649 939 2692 cuiquam
961 2649 1057 2683 bono
1083 2653 1187 2680 recte
1216 2645 1421 2690 displicere
1447 2646 1576 2689 possit,

115 2692 188 2724 nisi
214 2692 313 2734 quod
339 2693 501 2727 Caesaris
528 2707 684 2743 gravem
710 2708 834 2730 casum
861 2697 987 2731 doleo.
1020 2695 1132 2739 quod,
1165 2700 1204 2727 ut
1238 2693 1330 2735 dixi,
1366 2704 1473 2726 nemo
1505 2693 1577 2726 nisi

116 2740 291 2784 superbus
318 2741 414 2774 mihi
440 2742 532 2777 vitio
559 2750 708 2779 vertere
733 2751 866 2789 potest.
911 2744 1017 2779 5011.
1050 2762 1086 2768 -
1128 2741 1317 2784 animatus,
1345 2741 1505 2789 gesinnt‚
1534 2759 1577 2766 —
