1795 3086
170 67 232 115 SS
450 68 516 112 M.
547 69 602 110 Τ.
634 65 970 110 CICERONIS
1000 65 1370 111 EPISTOLAE.

364 191 677 234 EPISTOLA
717 190 901 233 DCCV.
960 190 1038 242 (ad
1076 191 1166 234 Att.
1199 190 1335 234 XIV.
1363 188 1451 242 21.)

340 267 416 301 Ser.
443 267 604 301 Puteolis
638 266 688 302 v.
717 266 772 301 m.
798 266 893 303 Mai.
921 267 962 302 A.
990 267 1034 300 U.
1063 267 1102 302 c.
1130 269 1208 303 710.
1259 267 1308 307 (a.
1336 266 1376 301 c.
1402 267 1479 312 44.)

174 335 328 375 Refert,
363 345 456 380 quae
481 333 619 368 Balbus
644 344 767 367 secum
793 333 938 367 locutus
965 333 1032 375 sit,
1066 344 1179 378 seque
1203 331 1383 379 postridie
1406 332 1452 365 ad
1476 332 1644 367 Hirtium

665 382 804 415 iturum
830 381 1031 414 denuntiat.
1059 383 1104 415 1-
1118 382 1152 416 4.

631 449 846 484 CICERO
896 448 1114 483 ATTICO
1162 449 1200 487 S.

286 515 434 564 Quum
469 515 622 569 paullo
663 520 764 557 ante
796 515 1018 557 dedissem
1048 516 1105 557 ad
1136 520 1179 557 te
1219 516 1366 559 Cassii
1407 516 1644 558 tabellario

176 572 355 624 literas,
385 584 424 612 v.
454 571 559 611 Idus
588 573 713 612 venit
742 576 893 612 noster
920 572 1204 624 tabellarius,
1234 577 1279 613 et
1309 573 1513 627 quidem,
1542 574 1645 627 pcr-

175 628 290 667 tenti
321 627 493 676 simile,
524 627 619 667 sine
649 628 736 667 tuis
768 627 929 668 literis.
998 627 1086 669 Sed
1119 628 1208 667 cito
1238 629 1412 669 conieci
1450 629 1644 669 Lanuvii

175 686 219 722 te
250 682 397 723 fuisse.
455 682 572 723 Eros
603 687 748 724 autem
778 683 1033 734 festinavit,
1064 686 1112 723 ut
1141 682 1199 723 ad
1226 698 1295 725 me
1325 685 1483 725 literae
1509 683 1647 724 Dola-

175 738 321 779 bellae
350 737 679 792 perferrentur‚
710 752 795 778 non
825 738 879 778 de
902 752 948 778 re
969 751 1068 778 mea
1099 759 1149 766 --
1178 739 1370 780 nondum
1391 741 1508 781 enim
1528 752 1648 779 meas

178 798 411 849 acceperat
450 818 503 822 —-
544 794 621 833 sed
664 794 890 847 rescripsit
933 793 990 833 ad
1028 806 1135 845 eas,
1174 807 1358 847 quarum
1397 795 1650 848 exemplum

179 850 261 890 tibi
287 850 520 900 miseram,
548 862 652 889 sane
684 850 918 890 luculente.
977 849 1047 889 Ad
1075 862 1144 889 me
1173 853 1342 901 autem,
1382 863 1512 904 quum
1544 849 1650 890 Cas—

179 905 236 946 sii
265 905 547 946 tabellarium
578 905 868 955 dimisissem,
909 906 1059 945 statim
1097 903 1274 945 Balbus.
1345 904 1389 945 Ο-
1426 905 1490 945 dii
1528 904 1648 957 boni,

180 960 311 1015 quam
341 960 477 1001 facile
521 961 796 1015 perspiceres
835 962 992 1001 timere
1032 960 1188 1001 otium!
1237 962 1299 1001 Et
1338 961 1455 1001 nosti
1491 960 1651 1012 virum,

179 1030 308 1071 quam
338 1020 504 1064 tectus;
542 1015 618 1056 sed
649 1021 792 1057 tamen
821 1016 1006 1056 Antonii
1035 1015 1222 1056 consilia
1249 1017 1481 1057 narrabat:
1521 1015 1651 1056 illum

179 1073 417 1113 circumire
447 1076 701 1122 veteranos,
739 1077 788 1112 ut
818 1076 918 1112 acta
948 1071 1154 1111 Caesaris
1184 1072 1412 1112 sancirent
1439 1071 1574 1125 idque
1603 1084 1652 1111 se

179 1127 376 1168 facturos
406 1140 501 1168 esse
530 1127 752 1178 iurarent,
782 1132 831 1167 ut
861 1129 957 1167 rata
986 1139 1134 1167 omnes
1165 1126 1377 1167 haberent
1406 1139 1545 1180 eaque
1574 1126 1654 1165 du-

180 1183 344 1223 umviri
373 1181 574 1222 omnibus
604 1183 822 1222 mensibus
852 1180 1136 1235 inspicerent.
1195 1181 1387 1230 Questus
1423 1187 1490 1222 est
1519 1181 1652 1222 etiam

183 1238 236 1278 de
267 1252 345 1279 sua
373 1236 569 1285 invidia3
610 1250 747 1292 eaque
779 1239 920 1278 onmis
951 1238 1044 1277 eius
1090 1237 1231 1277 oratio
1272 1237 1378 1287 fuit,
1418 1241 1466 1277 ut
1505 1250 1652 1277 amare

183 1293 407 1335 videretur
432 1292 683 1333 Antonium.
742 1292 864 1342 Quid
893 1292 1070 1346 quaeris
1084 1293 1097 1332 ¹?
1136 1292 1267 1334 Nihil
1296 1293 1474 1334 sinceri.
1533 1291 1653 1332 Mihi

183 1354 327 1391 autem
356 1363 442 1390 non
473 1352 539 1388 est
569 1348 773 1399 dubium,
803 1348 907 1402 quin
940 1361 1009 1388 res
1039 1352 1208 1401 spectet
1236 1347 1291 1387 ad
1320 1353 1481 1389 castra.
1539 1347 1655 1388 Acta

182 1406 298 1446 enim
338 1405 418 1445 illa
457 1417 526 1444 res
568 1409 635 1444 est
672 1406 817 1444 animo
856 1403 1001 1453 virili,
1049 1403 1238 1444 consilio
1278 1403 1458 1457 puerili.
1540 1402 1654 1451 Quis

182 1462 300 1503 enim
328 1460 415 1501 hoc
444 1472 532 1499 non
561 1458 699 1514 vidit,
740 1459 865 1514 regni
895 1458 1100 1501 heredem
1141 1459 1371 1500 relictum?
1421 1458 1543 1508 Quid
1582 1472 1656 1499 au-

181 1522 272 1559 tem
303 1516 556 1558 absurdius:

281 1669 311 1701 l.
342 1667 385 1701 V.
413 1668 469 1701 Id.
499 1667 605 1708 Maii,
632 1679 691 1701 am
721 1669 775 1702 11.
792 1668 884 1705 Mai,
912 1686 955 1692 ——-
983 1666 1080 1712 quod
1095 1666 1255 1710 portenti
1270 1664 1389 1698 simile
1415 1670 1479 1699 est.
1504 1684 1548 1689 —
1575 1674 1660 1698 con-

185 1714 279 1757 ieci,
304 1716 370 1748 ich
395 1717 540 1749 schloss
569 1716 716 1751 claraus.
743 1733 787 1740 -—
813 1727 882 1749 non
908 1716 951 1749 (Ie
977 1726 1015 1749 re
1038 1725 1119 1748 mea
1144 1715 1172 1747 i.
1201 1725 1231 1746 e.
1260 1713 1306 1745 de
1332 1713 1513 1759 pecunia,
1547 1723 1659 1758 quam

185 1763 383 1797 Dolabella
408 1765 584 1798 Ciceroni
611 1764 782 1796 debebat.
809 1765 869 1799 Cf.
897 1776 953 1808 ep.
981 1765 1062 1803 702,
1091 1765 1121 1796 1.
1146 1780 1192 1786 —-
1224 1772 1339 1800 meas,
1371 1761 1538 1793 n'zimlich
1564 1761 1660 1793 iiber

187 1811 288 1844 diese
311 1812 705 1858 Geldangelegenheit.
726 1830 768 1835 —-
795 1813 1007 1855 exemplum,
1032 1811 1138 1844 huius
1156 1809 1328 1842 editionis
1354 1809 1548 1853 epistolam
1574 1810 1657 1843 700.

283 1862 315 1895 2.
348 1861 536 1901 dimisiss.‚
570 1860 801 1905 abgefertigt
832 1859 950 1893 hatte.
987 1878 1028 1884 —
1064 1858 1204 1892 Balbus
1239 1856 1330 1890 venit
1362 1858 1446 1890 Asc.
1483 1859 1580 1889 Crat.
1615 1867 1659 1888 ex

187 1906 365 1952 interpol.
396 1909 590 1943 ORELLI.
617 1928 661 1933 ——
687 1919 770 1941 eum
797 1908 922 1941 timere
947 1907 1078 1949 otium,
1105 1906 1184 1939 dass
1209 1905 1289 1938 ihm
1313 1916 1378 1938 vor
1403 1905 1525 1937 einem
1550 1904 1660 1937 ruhi·

187 1966 258 1998 gen
295 1957 478 1989 Zustande
513 1958 578 1991 der
611 1957 730 2001 Dinge
764 1957 883 2000 hange
915 1956 985 1996 ist-5
1026 1965 1113 1987 eum
1147 1953 1361 1988 adobellum
1395 1958 1578 1997 spectare.
1613 1971 1658 1977 —

188 2007 312 2044 tectus,
339 2005 526 2044 verdeckt‚
551 2005 817 2043 verschlossen,
844 2001 1152 2036 zuriickhaltend.
1169 2021 1209 2026 ——
1237 2001 1430 2034 circumire
1455 2005 1659 2039 veteranos,

188 2062 229 2084 er
254 2052 348 2085 reise
376 2053 435 2086 hei
463 2054 533 2087 den
561 2056 776 2086 Veteranen
806 2052 888 2093 (des
916 2053 1065 2090 essars,
1100 2049 1159 2082 die
1193 2050 1233 2081 in
1261 2049 1410 2091 ltalien,
1445 2047 1593 2082 besond.
1618 2047 1660 2080 in

191 2101 418 2145 Campanien
451 2101 772 2145 La-ndeigenthum
805 2099 974 2133 erhalten
1007 2097 1156 2136 hatten)
1188 2097 1335 2131 herum.
1369 2114 1412 2121 —·
1452 2097 1551 2138 sact-
1585 2105 1660 2128 esse

192 2159 264 2180 om.
291 2159 366 2181 esse
399 2152 479 2182 Asc.
517 2153 546 2184 l.
583 2152 681 2182 Crat.
731 2149 787 2181 An
822 2145 1038 2190 effecturos?
1072 2144 1267 2179 ORELLI.
1299 2165 1342 2171 —
1377 2147 1415 2177 ut
1442 2148 1525 2177 rata
1551 2155 1583 2176 ο.
1613 2142 1661 2186 Ῐι.,

190 2196 272 2228 dass
304 2197 528 2231 ledermann
555 2198 608 2230 sie
633 2198 697 2230 fiir
721 2196 840 2241 gultig
867 2194 1053 2228 erkennte.
1082 2212 1124 2217 —-
1159 2193 1346 2226 duumviri.
1397 2193 1540 2237 Nempe
1565 2191 1663 2225 sicut

189 2245 415 2289 Tarquinius
441 2245 629 2290 Superbus
656 2246 871 2279 duumviros
898 2247 1087 2276 creaverat
1113 2241 1222 2274 libris
1242 2240 1430 2286 Sibyllinis
1456 2239 1662 2284 inspicien-

190 2293 264 2329 dis.
294 2292 348 2326 sic
376 2295 576 2327 Antonium
602 2293 737 2328 Balbus
763 2292 935 2325 narrabat
960 2289 1172 2323 duumviros
1199 2301 1328 2322 creare
1352 2288 1464 2330 velle,
1491 2288 1553 2333 qui
1570 2288 1662 2320 Cae-

188 2341 280 2373 saris
306 2348 390 2375 acta
417 2342 728 2387 (Staatspapiere)
756 2339 1034 2374 commentariis
1068 2336 1337 2382 comprehensa
1363 2336 1534 2370 omnibus
1561 2347 1663 2369 men-

190 2390 292 2422 sibus
318 2390 555 2436 inspicerent.
582 2390 685 2424 SCH.
712 2408 757 2414 —-
790 2386 1029 2431 inspicerent,
1064 2386 1284 2419 einzuseben
1316 2385 1473 2426 hatten,
1507 2395 1570 2418 um
1595 2395 1664 2417 an-

191 2438 379 2482 mgeben,
406 2440 507 2473 Was
534 2439 663 2471 daraus
691 2437 824 2471 bereits
851 2436 996 2480 befolgt
1023 2434 1112 2468 oder
1139 2434 1238 2467 noch
1261 2446 1304 2467 zu
1328 2433 1502 2477 befolgen
1526 2432 1591 2466 sei.
1619 2449 1661 2455 -—

191 2487 234 2519 de
259 2496 325 2519 sua
350 2487 506 2527 inuidia,
534 2487 618 2519 dass
644 2497 684 2518 er
708 2497 748 2518 so
774 2484 864 2518 viele
890 2477 1099 2527 Verfolger
1122 2481 1230 2514 habe.
1258 2502 1300 2508 -—
1338 2492 1447 2525 eaque
1472 2494 1520 2511 z
1545 2486 1583 2513 et
1607 2485 1664 2512 ta-

190 2534 246 2567 lis.
274 2553 318 2559 —
343 2535 453 2568 Nihil
474 2533 611 2568 sinceri
635 2534 672 2566 in
698 2545 752 2567 eo.
804 2534 852 2566 Es
878 2531 925 2565 ist
950 2531 1082 2565 Nichts
1103 2530 1361 2575 zuverliissiges
1388 2541 1434 2562 an
1462 2529 1546 2562 dem
1571 2538 1664 2572 gan-

191 2594 256 2615 zen
282 2582 503 2616 Mensehen.

286 2632 319 2665 3.
347 2631 430 2675 quin
457 2642 512 2665 res
537 2642 589 2675 sp.
607 2631 656 2664 ad
679 2633 814 2671 castra,
842 2630 921 2663 dass
943 2640 980 2661 es
1006 2639 1086 2661 zum
1103 2626 1239 2670 Kriege
1255 2624 1432 2660 kommen
1460 2624 1595 2659 werde.
1620 2642 1664 2648 -

190 2679 259 2712 illa
285 2689 361 2720 res,
392 2679 451 2724 die
476 2679 574 2713 Thac
600 2691 661 2712 am
691 2680 744 2712 15.
769 2679 902 2720 Mai-23
929 2678 1059 2712 essars
1085 2673 1334 2719 Ermordung.
1364 2693 1407 2699 ——
1435 2672 1587 2707 consilio
1612 2683 1666 2716 μ,

190 2727 260 2760 mit
286 2726 512 2761 knsblicher
538 2725 879 2762 Unbesonnenheit.
909 2744 950 2749 ——
980 2724 1145 2759 relictam
1172 2733 1270 2763 esse,
1297 2734 1432 2768 nempe
1453 2720 1667 2755 Octavium.
