1795 3086
546 89 858 134 EPISTOLA
898 87 1080 132 DCCV.
1490 83 1550 129 89

195 205 280 248 hoc
302 207 532 259 metuere,
571 202 766 244 alterum
793 200 844 241 in
870 203 994 242 metu
1021 212 1117 242 non
1144 195 1360 253 ponere?
1397 217 1442 225 —-

83 261 206 310 Quin
243 262 376 302 etiam
414 259 499 300 hoc
533 258 630 312 ipso
666 263 863 310 tempore
900 257 1041 295 multa
1079 253 1322 296 ὑποσὸλοικα.
1395 251 1550 293 Pontii

84 316 423 370 Neapolitanum
451 328 478 355 a
504 318 644 353 matre
672 311 990 367 tyrannoctoni
1018 311 1238 364 possideri
1250 310 1263 350 'l
1314 307 1551 363 Legendus

86 372 200 413 mihi
229 374 401 427 saepius
443 374 511 411 est
551 368 664 409 Cato
693 366 836 407 maior
864 365 920 406 ad
951 369 996 405 te
1025 367 1197 407 missus.
1274 365 1552 406 Amariorem

87 429 203 469 enim
243 443 312 469 me
347 429 544 468 senectus
591 422 716 463 facit.
784 420 1052 462 stomachor
1096 422 1252 461 omnia.
1321 420 1409 462 Sed
1445 417 1555 459 mihi

87 483 267 538 quidem
298 485 491 536 βεβίωται.
546 478 759 519 Viderint
788 479 982 518 iuvenes.
1049 476 1122 517 Tu
1150 490 1248 517 mea
1276 476 1478 527 curabis,
1508 478 1556 514 ut

88 552 229 580 curas.
287 539 410 579 Haec
438 535 598 590 scripsi
627 547 701 575 seu
731 533 924 584 dictavi,
955 531 1159 586 apposita
1178 532 1370 572 secunda
1391 543 1554 582 mensa,

89 595 203 649 apud
233 594 499 635 Vestorium.
570 589 799 632 Postridie
828 587 943 643 apud
971 587 1170 628 Hirtium
1201 587 1472 640 cogitabam:
1513 590 1558 626 et

89 650 266 705 quidem
295 651 551 689 πευτέλοιπον.
608 645 686 686 Sic
714 644 939 685 hominem
973 642 1205 684 traducere
1233 641 1290 683 ad
1320 643 1557 695 optimates

92 718 212 759 paro.
279 709 405 753 Αῇρος
440 700 569 744 πολύς.
635 701 776 742 Nemo
816 704 882 740 est
924 700 1135 750 istorum,
1173 698 1250 752 qui
1287 698 1428 738 otium
1470 711 1557 738 non

90 762 258 802 timeat.
327 759 476 808 Quare
515 758 675 798 talaria
711 755 953 797 videamus.
1024 753 1217 803 Quidvis
1255 754 1373 794 enim
1412 753 1559 806 potius

91 829 221 871 quam
262 821 420 856 castra.
495 813 671 854 Atticae
719 813 905 852 salutem
955 810 1187 865 plurimam
1235 810 1368 851 velim
1422 809 1561 849 dicas.

95 985 138 990 —-
161 966 240 999 Hoc
271 969 351 999 met.
379 989 387 996 .
416 989 425 999 .
453 989 461 998 .
488 974 640 1007 ponere,
671 962 752 1004 „als
780 962 839 996 die
863 961 1088 996 Menarchi-2
1115 972 1160 994 zu
1185 960 1365 994 fiirchten
1391 960 1469 994 und
1495 971 1565 994 von

95 1014 178 1047 dem
204 1014 327 1046 Erben
362 1011 552 1044 derselben
594 1011 723 1045 Nichts
757 1023 804 1045 zu
839 1012 1056 1056 besorgen.“
1109 1011 1180 1044 Ein
1220 1009 1340 1043 lamb.
1378 1019 1495 1042 senar.
1522 1027 1566 1032 —

93 1057 378 1095 ὑποσόλοικα
403 1061 426 1092 i.
455 1072 484 1092 e.
510 1059 740 1093 subabsurda
774 1066 810 1093 et
843 1071 971 1093 secum
1003 1059 1206 1106 pugnantia
1236 1058 1356 1097 fiunt,
1391 1063 1568 1102 spectan-

96 1115 175 1150 tur,
203 1109 497 1154 conspiciuntur.
524 1108 603 1140 Vid.
632 1119 687 1152 ep.
714 1108 794 1150 685,
821 1110 854 1142 2.
883 1126 926 1133 —-
959 1108 1081 1141 Pontii
1115 1106 1253 1149 Neap.,
1287 1105 1445 1138 fundum
1470 1106 1568 1138 Pon-

95 1157 141 1190 tii
167 1158 322 1202 Aquilae
349 1156 446 1200 apud
471 1155 678 1201 Neapolim.
728 1155 762 1188 Is
789 1167 915 1188 exosus
941 1154 1110 1194 Caesari,
1137 1155 1239 1198 quod
1255 1153 1507 1198 triumphanti
1534 1159 1573 1186 et

96 1205 266 1238 subsellia
290 1204 484 1238 tribunitia
509 1203 806 1248 praetervehenti
832 1216 901 1237 non
929 1203 1198 1237 assurrexisset.
1250 1202 1355 1235 Idem
1380 1208 1507 1246 postea
1533 1201 1573 1234 in

100 1256 292 1286 Caesarem
325 1253 548 1293 coniuravit;
585 1260 621 1284 et
647 1253 793 1294 legatus
826 1252 976 1285 Decimi
1001 1250 1105 1285 Bruti
1130 1252 1166 1282 in
1193 1249 1405 1284 Mutinensi
1427 1249 1571 1294 proelio

98 1301 245 1334 cecidit.
275 1300 468 1335 POPMA.
495 1300 580 1332 Vid.
608 1299 652 1332 ad
677 1299 790 1332 Attic.
817 1300 866 1338 V,
893 1301 926 1334 2.
951 1301 984 1334 3.
1010 1300 1043 1333 4.
1070 1300 1098 1336 Ι,
1125 1300 1156 1332 2.
1184 1299 1272 1337 VII,
1300 1299 1338 1332 2.
1367 1297 1413 1330 ad
1440 1298 1572 1332 Famil.

98 1350 141 1388 X,
166 1351 226 1385 33.
251 1348 412 1392 Philipp.
440 1346 542 1386 XIII,
569 1349 601 1382 2.
628 1348 775 1380 Sueten.
802 1348 873 1381 Iul.
905 1359 936 1380 c.
964 1349 1018 1382 78.
1044 1365 1090 1370 —
1117 1357 1138 1379 a
1164 1342 1284 1379 matre
1306 1345 1573 1391 tyrqqmoctoni‚

98 1397 275 1435 Servilia,
301 1396 406 1430 Bruti
431 1402 560 1429 matre.
591 1395 673 1439 Vgl.
699 1407 756 1441 ep.
782 1397 863 1436 685,
890 1398 923 1430 l.
950 1407 1009 1428 am
1034 1394 1151 1429 Ende.
1179 1396 1259 1435 690,
1285 1395 1320 1429 2.
1372 1393 1476 1426 Uber
1501 1393 1573 1426 den

101 1445 239 1479 Infinit.
265 1444 502 1477 affectvoller
528 1445 648 1488 Frage
672 1455 699 1478 s.
725 1444 873 1478 Ramsh.
901 1444 1041 1487 §.168‚
1067 1445 1098 1478 6.
1127 1442 1276 1476 Grotef.
1298 1444 1326 1485 §.
1352 1442 1434 1475 311.
1464 1444 1574 1476 Anm.

101 1493 255 1527 Servilia
281 1504 354 1526 war
379 1492 448 1525 seit
472 1492 590 1525 vielen
623 1492 760 1525 Iahren
792 1493 922 1526 Casars
958 1494 1159 1524 Ver-traute
1191 1501 1374 1535 gewesen,
1409 1489 1470 1522 die
1503 1502 1573 1522 von

103 1542 181 1574 ihm
214 1547 321 1573 unter
355 1540 491 1573 andern
526 1540 608 1572 eine
640 1540 746 1572 Perle
777 1552 847 1573 von
880 1541 1076 1582 6‚000‚000
1108 1539 1310 1572 Sestertien
1343 1551 1393 1569 :-
1425 1540 1578 1580 600‚000

105 1590 245 1622 Gulden
273 1600 317 1621 an
343 1589 477 1620 Werth
503 1599 583 1621 zum
611 1587 809 1620 Geschenk
835 1588 980 1622 erhielt.
1031 1588 1174 1621 H‘cschst
1199 1585 1400 1620 auffallend
1426 1597 1500 1619 war
1527 1597 1577 1625 es,

105 1638 187 1670 dass
213 1637 270 1669 die
297 1637 439 1670 Mutter
464 1635 561 1668 eines
586 1638 720 1670 Brutus
748 1636 807 1669 die
832 1636 1037 1669 Frechheit
1061 1635 1185 1676 hatte,
1222 1635 1280 1668 die
1313 1634 1373 1667 ihr
1407 1646 1478 1668 von
1507 1635 1579 1667 Ca-

105 1697 163 1719 sar
189 1685 439 1729 geschenkten
466 1685 587 1717 Giiter
613 1684 710 1717 eines
743 1685 866 1718 seiner
898 1683 1280 1718 Mitverschworenen
1313 1682 1416 1716 noch
1451 1682 1577 1715 beizu-

106 1733 292 1767 behalten.
323 1751 365 1756 —
399 1732 608 1774 Legendas,
643 1744 766 1766 wovor
797 1739 958 1766 attamen
992 1744 1036 1766 zu
1069 1735 1262 1776 erganzen.
1296 1749 1340 1755 —
1374 1729 1459 1763 mihi
1488 1755 1495 1763 .
1526 1755 1533 1762 .

106 1779 344 1826 βεβίωται,
370 1780 443 1812 vita
470 1787 656 1814 transacta
682 1787 748 1824 est,
775 1781 838 1813 ich
859 1780 957 1814 habe
972 1781 1177 1824 ausgelebt.
1227 1773 1330 1814 Uber
1356 1778 1426 1810 den
1452 1779 1575 1811 Dativ.

107 1831 243 1865 Graec.
275 1841 302 1863 ε.
329 1828 482 1861 Ramsh.
517 1829 543 1870 ξ.
579 1830 658 1863 124.
691 1849 733 1854 —
771 1829 856 1865 I'id.
889 1829 980 1870 inu,
1018 1831 1154 1872 mogen
1190 1827 1250 1861 die
1286 1827 1425 1870 iungen
1460 1827 1577 1859 Leute

106 1877 188 1911 sich
213 1889 274 1911 um
299 1877 548 1921 Dergleichen
575 1877 844 1911 bekiimmern!
871 1878 964 1911 VVer
980 1877 1042 1911 die
1057 1877 1216 1917 iuvenes,
1243 1887 1269 1908 s.
1295 1875 1385 1919 folg.
1410 1875 1471 1910 Br.
1496 1877 1525 1918 §.
1545 1876 1576 1909 2.

201 1928 235 1960 4.
261 1926 358 1969 apud
384 1925 586 1959 Vestorium
607 1926 780 1959 Puteolis.
806 1927 842 1959 S.
870 1937 926 1970 ep.
956 1927 1024 1960 704
1051 1937 1110 1957 am
1137 1924 1258 1959 Ende.
1284 1941 1332 1948 —
1363 1923 1459 1967 apud
1489 1922 1576 1955 Hir-

108 1976 196 2008 tium
232 1985 309 2006 esse
340 1974 551 2016 cogitabam
582 1987 631 2004 z
666 1974 801 2018 cogito.
841 1993 886 1998 --
925 1972 1251 2016 πεντέλοιπον,
1285 1971 1361 2005 und
1393 1982 1490 2004 zwar
1525 1971 1578 2003 als

109 2023 192 2055 dem
218 2022 388 2065 einzigen
415 2033 484 2054 von
511 2022 579 2054 den
604 2023 770 2065 Fi'mfen;
804 2023 877 2055 wie
903 2033 961 2067 ep.
988 2025 1071 2064 709,
1099 2023 1131 2055 4.
1181 2021 1219 2056 Si
1254 2031 1340 2053 vera
1372 2026 1427 2052 est
1451 2019 1578 2059 lectio,

109 2071 206 2104 nihil
229 2070 330 2103 aliud
356 2070 566 2116 significare
591 2076 715 2115 potest
749 2082 860 2116 quam
894 2071 1058 2104 Hirtium
1095 2081 1204 2103 unum
1238 2080 1315 2101 esse
1346 2068 1533 2112 reliquum
1560 2078 1581 2098 e

111 2119 272 2164 quinque
295 2118 449 2161 (Balbo,
473 2119 619 2161 Hirtio,
644 2120 779 2161 Pansa,
808 2120 990 2160 Octavio,
1016 2118 1194 2163 Philippo
1218 2117 1330 2162 epist.
1351 2116 1459 2160 691),
1487 2126 1581 2160 quos

111 2167 190 2200 scil.
226 2166 272 2199 ad
306 2167 505 2211 optimates
534 2168 734 2200 traducere
766 2174 930 2212 cuperet.
963 2167 1072 2201 SCH.
1109 2167 1193 2204 vid,
1227 2177 1286 2211 ep.
1322 2166 1404 2204 704,
1441 2166 1476 2198 4.
1519 2164 1580 2195 Sic

113 2215 208 2251 Cdd.
235 2216 336 2256 noti,
361 2214 447 2249 Asc.
474 2227 529 2260 pr.
557 2216 654 2248 Vict.
685 2227 762 2260 seq.
789 2213 1073 2250 παντελιπόν
1107 2216 1228 2249 Iunta.
1268 2209 1358 2246 πᾶν
1395 2209 1580 2245 τελικόν

112 2265 196 2298 Asc.
223 2273 294 2296 sec.
321 2264 420 2300 Crat.
449 2263 644 2298 ORELLI.
700 2264 842 2298 Sch'utz
867 2258 1383 2309 schla'gtwffsmrvolcfyov,
1417 2260 1581 2293 lautitias

111 2311 150 2344 in
176 2312 292 2356 epulis
324 2318 510 2345 amantem
546 2323 746 2357 earumque
780 2324 940 2358 gnarum
977 2313 1276 2346 existimatorem
1300 2308 1402 2342 nach
1428 2320 1484 2352 ep.
1513 2309 1581 2341 450

113 2370 189 2392 vor.
240 2359 350 2392 Wiel.
375 2360 513 2394 Grater
537 2359 748 2394 παντέλικον
772 2373 841 2395 von
868 2359 1061 2403 παντελὴς,
1085 2361 1164 2393 ·den
1198 2359 1437 2393 vollendeten
1475 2359 1582 2388 Casa-

115 2407 238 2440 rianer
265 2408 298 2439 d.
323 2407 347 2441 i.
373 2409 445 2441 mit
471 2409 674 2449 welchem‚
711 2420 818 2442 wenn
853 2421 939 2442 man
972 2410 1037 2442 ihn
1073 2421 1138 2443 zur
1163 2407 1291 2442 Partei
1319 2407 1384 2438 der
1412 2405 1583 2447 Optima-

116 2462 182 2488 ten
208 2455 370 2489 heruber
395 2457 528 2490 ziehen
556 2458 710 2500 kemite,
745 2458 841 2490 Alles
868 2455 956 2499 (πῗᾶν
981 2456 1097 2500 τέλος)
1122 2466 1326 2503 gewonnen
1355 2456 1463 2486 ware.
1496 2451 1580 2498 Vgl.

116 2503 162 2535 ad
188 2503 332 2536 Divers.
359 2505 423 2547 XI,
450 2507 480 2539 l·
508 2505 553 2538 ad
577 2507 690 2539 Attic.
717 2507 794 2545 XV,
822 2507 855 2542 5.
882 2507 1022 2540 —'-Sic
1056 2506 1091 2540 d.
1127 2507 1154 2539 i.
1188 2517 1228 2538 so
1262 2502 1351 2536 sehr
1379 2501 1460 2533 Viel
1493 2499 1584 2542 liegt

115 2551 188 2585 mir
213 2551 323 2583 daran
349 2551 412 2585 ibn
438 2564 480 2586 zu
505 2555 712 2598 gewinnen.
763 2553 850 2587 Sch.
878 2554 1017 2587 erklart
1048 2554 1147 2587 inter
1183 2563 1330 2585 cenam.
1357 2567 1400 2572 —
1433 2545 1584 2590 Λῆρος

116 2595 276 2638 πολύς,
321 2600 390 2632 mit
423 2601 495 2634 den
528 2602 699 2636 Anderen
728 2603 795 2635 den
829 2603 999 2636 Versuch
1035 2615 1083 2635 zu
1117 2602 1300 2639 macheu,
1336 2597 1466 2629 wiirde
1503 2597 1584 2628 eine

115 2659 239 2691 grosso
266 2648 372 2680 Posse
396 2649 484 2681 sein.
508 2667 555 2674 —
590 2651 722 2691 otium,
751 2662 891 2694 pacem.
920 2669 961 2676 —
997 2651 1135 2684 talaria
1159 2649 1346 2682 videamus
1369 2645 1392 2678 i.
1419 2656 1450 2678 e.
1475 2655 1584 2690 pare-

117 2707 219 2736 mus,
245 2702 285 2728 ut
310 2696 398 2728 hinc
424 2697 610 2733 abeamus.
646 2699 848 2734 MANUT.
905 2701 1077 2739 „Darum
1115 2697 1245 2729 wollen
1281 2695 1351 2727 wir
1384 2704 1450 2726 uns
1484 2691 1584 2725 auch

117 2744 212 2778 nach
252 2744 545 2790 Fliigelschuhen
579 2748 664 2786 (wie
700 2748 856 2783 Merkur
892 2748 1009 2792 tragt)
1045 2745 1233 2778 nmsehen.
1270 2761 1314 2767 -·
1361 2741 1511 2776 anicla-is
1538 2766 1546 2774 .
1576 2765 1583 2774 .
