1795 3086
197 124 260 174 38
476 126 542 168 Μ.
574 127 630 169 Τ.
663 124 1007 169 CICERONIS
1037 127 1414 171 EPISTOLAE.

198 240 305 278 τικόν
332 237 486 290 habes,
519 237 712 279 scribes:
743 238 813 279 sin
842 238 1005 290 minus,
1047 240 1203 295 populi
1241 241 1506 291 ἐπισημασίαι)
1534 245 1580 283 et
1609 243 1689 283 mi-

200 307 371 335 morum
401 294 526 334 dicta
554 294 836 347 perscribito.
896 295 1050 337 Piliae
1081 300 1126 337 et
1156 296 1334 338 Atticae
1364 295 1566 338 salutem.

340 502 664 546 EPISTOLA
690 504 1052 566 DCLXXXIII.
1095 506 1172 558 (ad
1202 507 1296 547 Att.
1328 506 1464 547 XIV.
1493 507 1554 557 4.)

380 577 464 612 Ser.
488 577 652 611 Lanuvii
678 578 729 612 IV
755 579 809 616 Id,
838 580 931 626 Apr.
958 581 1001 614 A.
1030 581 1075 615 U.
1103 581 1143 616 C.
1172 582 1253 616 710.
1301 582 1349 623 (a.
1379 581 1418 616 C.
1445 581 1521 623 44.)

238 643 363 678 Dolet=
379 654 455 678 non
482 655 553 677 una
580 654 667 677 cum
694 644 871 680 libertate
899 657 981 681 rem
1007 646 1198 692 publicam
1225 653 1496 693 recuperatam.
1527 648 1645 682 1—2.

656 775 659 779 r
721 730 900 766 CICERO
927 731 1114 766 ATTICO.
1138 732 1174 767 S.

310 795 443 839 Nunc
473 797 586 852 quid
613 790 743 853 putas
784 814 855 841 me
884 800 1109 842 Lanuvii?
1166 801 1228 842 At
1258 815 1340 856 ego
1371 805 1415 842 te
1446 800 1555 842 istic
1585 814 1694 855 quo-

200 853 314 895 tidie
344 854 522 909 aliquid
551 856 659 896 novi
689 856 907 910 suspicor.
956 857 1155 898 Tument
1175 858 1368 912 negotia.
1420 855 1537 898 Nam
1559 870 1695 911 quum

200 909 385 962 Matius,
416 910 527 965 quid
557 911 711 952 censes
743 914 943 953 ceteros?
1002 913 1231 967 Equidem
1260 912 1408 963 doleo,
1439 912 1559 968 quod
1581 925 1694 953 nun-

201 980 334 1020 quam
364 968 411 1006 in
440 967 538 1007 ulla
567 967 754 1009 civitate
784 967 969 1022 accidit,
999 983 1087 1010 non
1117 982 1206 1010 una
1235 983 1336 1010 cum
1366 968 1574 1010 libertate
1599 982 1693 1009 rem

202 1022 428 1076 publicam
468 1028 793 1077 recuperatam.
861 1025 1099 1066 Horribile
1141 1029 1234 1078 est,
1284 1038 1397 1080 quae
1437 1025 1694 1079 loquantur,

202 1091 315 1132 quae
344 1079 622 1120 minitentur.
682 1081 747 1121 Ac
790 1093 953 1122 vereor
994 1081 1177 1122 Gallica
1218 1081 1356 1123 etiam
1395 1081 1543 1131 bella5
1595 1081 1694 1135 ipse

203 1134 368 1174 Sextus
407 1148 496 1188 quo
537 1134 710 1176 evadat.
778 1135 868 1176 Sed
909 1138 1060 1177 omnia
1099 1137 1210 1177 licet
1248 1141 1543 1189 concurrant,
1583 1135 1693 1177 Idus

202 1188 400 1230 Martiae
431 1191 733 1231 consolantur.
791 1191 952 1234 Nostri
983 1198 1130 1234 autem
1157 1192 1294 1243 ἥρωες,
1324 1193 1445 1247 quod
1469 1206 1550 1246 per
1570 1192 1694 1246 ipsos

201 1244 367 1286 confici
405 1246 565 1300 potuit,
607 1247 938 1301 gloriosissime
978 1252 1023 1289 et
1060 1247 1510 1303 magnificentissime
1541 1247 1693 1289 conse-

199 1305 371 1342 cerunt.
439 1301 665 1357 Reliquae
707 1316 777 1343 res
820 1318 926 1359 opes
966 1308 1011 1345 et
1049 1306 1201 1359 copias
1244 1304 1531 1357 desiderant,
1582 1317 1693 1359 quas

199 1357 347 1398 nullas
386 1355 617 1399 habemus.
686 1358 815 1400 Haec
860 1374 943 1415 ego
975 1360 1032 1402 ad
1062 1365 1122 1414 te,
1162 1365 1226 1414 ut,
1266 1363 1305 1402 si
1344 1361 1455 1416 quid
1494 1361 1602 1403 novi
1639 1378 1694 1391 ἡ

199 1524 272 1568 vis,
300 1523 511 1572 gesalligst.
538 1545 580 1551 -—
603 1525 731 1569 populi
757 1524 1084 1569 ἐπισημασίαν
1110 1526 1150 1568 (i.
1176 1536 1207 1562 e,
1236 1524 1356 1572 signa,
1383 1524 1518 1569 quibus
1545 1524 1693 1558 animus

200 1579 237 1606 et
263 1571 435 1606 voluntas
461 1572 598 1617 populi
624 1573 901 1614 declarabatur,
928 1574 1104 1619 plausum
1142 1573 1253 1606 illum
1290 1573 1331 1605 in
1356 1572 1522 1616 theatro)
1560 1577 1595 1606 et
1627 1574 1693 1606 mi-

201 1631 342 1654 morum
368 1621 465 1654 dicta
488 1631 644 1665 perscr..
671 1633 739 1664 „so
766 1622 941 1656 schreibe
967 1622 1043 1654 mir
1068 1621 1302 1670 wenigstens
1329 1632 1466 1668 genam
1504 1621 1583 1655 wie
1608 1621 1695 1655 sich

200 1668 263 1703 dat
290 1669 392 1702 Volk
418 1669 479 1702 bei
505 1669 577 1702 den
603 1670 903 1705 Witzeinfallen
930 1669 994 1704 des
1021 1670 1175 1704 Publius
1203 1669 1321 1713 Syrus
1355 1668 1582 1704 benommen
1616 1669 1695 1704 und

199 1717 301 1751 seine
328 1716 604 1765 Gesinnungen
629 1717 829 1767 dargelegt
855 1718 961 1752 hat.“
1011 1719 1064 1752 Es
1090 1717 1244 1753 bezieht
1270 1716 1354 1751 sich
1387 1718 1496 1752 Diess
1530 1719 1597 1752 auf
1619 1718 1694 1753 den

198 1765 285 1799 Anf.
309 1764 373 1799 des
399 1767 478 1801 681.
505 1766 567 1801 ΒΓ.

297 1835 329 1868 1.
379 1832 538 1866 Lanuvii
571 1832 653 1867 scil.
680 1834 769 1867 novi
793 1833 947 1876 habere,
985 1833 1083 1878 quod
1110 1832 1283 1867 scribam.
1338 1851 1381 1856 —
1432 1832 1578 1876 aliquid
1609 1832 1695 1867 novi

200 1879 353 1923 habere,
381 1881 481 1924 quod
509 1881 555 1914 ad
581 1892 642 1914 me
670 1881 821 1916 scribas.
859 1902 903 1907 —
947 1883 1103 1916 Tument.
1132 1891 1227 1923 neg„
1255 1880 1347 1923 „die
1376 1879 1524 1915 Sachen
1550 1882 1693 1929 fang-en

200 1940 248 1962 an
274 1941 322 1962 zu
347 1929 536 1977 gahrenf‘
586 1929 663 1963 Ein
689 1941 778 1964 vom
805 1929 1140 1965 anschwellenden
1166 1931 1289 1962 Meere
1317 1929 1362 1971 (s.
1389 1929 1575 1977 Georg-I,
1592 1930 1693 1973 357.)

201 1977 267 2010 auf
291 1978 398 2011 Zorn
435 1977 513 2011 und
546 1977 669 2024 Krieg
702 1979 758 2012 oft
790 1979 1068 2026 iibertragener
1105 1977 1268 2022 Tropus.
1321 1997 1364 2002 -
1417 1989 1523 2022 quum
1547 1978 1695 2012 ,Matius

200 2031 278 2059 tam
312 2025 556 2070 impudenter
587 2026 728 2060 sentiat
761 2033 797 2060 et
832 2027 1022 2071 loquatur,
1063 2031 1105 2059 ut
1140 2025 1278 2070 scripsi
1303 2026 1356 2066 (v.
1385 2037 1443 2070 ep.
1471 2027 1572 2068 630),
1608 2025 1695 2071 quid

201 2083 326 2107 censes
352 2077 494 2107 ceteros
520 2074 657 2115 facere,
687 2075 809 2118 loqui,
835 2074 1033 2108 minitari?
1072 2074 1184 2107 Denn
1209 2074 1253 2106 da
1284 2073 1345 2106 ein
1371 2074 1506 2108 Matius
1537 2075 1578 2106 in
1614 2074 1692 2108 sol-

199 2120 299 2155 chen
326 2121 459 2155 Tonen
485 2121 650 2166 spx-ioht,
676 2122 774 2158 VVas
802 2124 941 2157 moinst
965 2124 1025 2157 Du
1046 2121 1290 2156 werden.die
1316 2122 1471 2156 Andern
1497 2121 1622 2156 thuri?
1647 2141 1692 2146 —

198 2170 416 2204 ‘minitentur
442 2169 669 2205 Caesariani.
706 2190 753 2196 -—
794 2172 944 2204 Gallica
972 2196 979 2204 .
1011 2196 1018 2203 .
1047 2195 1055 2202 .
1084 2170 1195 2213 bella,
1222 2169 1342 2217 Krieg
1367 2170 1408 2203 in
1435 2169 1601 2204 Gallien.
1652 2169 1691 2204 S.

200 2229 258 2263 ep.
286 2219 376 2253 680:
412 2217 703 2263 affirmabatque
739 2220 862 2253 minus
899 2219 1029 2253 diebus
1065 2218 1140 2251 XX.
1166 2218 1374 2252 tumultum
1401 2218 1607 2252 Gallicum.
1648 2238 1691 2243 —
1738 2226 1742 2228 “

199 2267 328 2300 Sextus
354 2266 568 2311 Pompeius,
596 2267 722 2312 Magni
748 2268 863 2301 filius.
892 2289 932 2294 --
962 2278 1030 2311 qno
1058 2266 1201 2310 evadat,
1229 2277 1289 2300 wo
1317 2278 1354 2301 es
1380 2267 1452 2300 mit
1478 2267 1564 2301 dem
1586 2266 1691 2304 Sext.

198 2314 335 2348 hinaus
359 2314 486 2349 wolle.
803 2344 809 2348 .

296 2364 331 2397 2.
384 2363 509 2396 omnia
534 2363 621 2396 licet
647 2374 758 2403 conc.q
797 2375 911 2397 wenn
945 2362 1041 2396 auch
1068 2362 1172 2396 Alles
1207 2364 1273 2396 auf
1297 2362 1468 2396 eimnahl
1493 2363 1693 2398 losstiirmt

199 2410 291 2451 (wie
318 2410 421 2444 beim
448 2411 609 2456 Kampfe
635 2411 701 2445 der
726 2411 874 2446 Winde
901 2411 941 2444 in
967 2411 1106 2456 Virgil.
1135 2411 1278 2459 Georg.
1301 2411 1332 2451 1,
1351 2413 1432 2447 318.
1459 2411 1553 2446 Aen.
1570 2413 1600 2455 Ι,
1615 2414 1694 2456 53.)
1764 2404 1767 2455 J

200 2459 234 2491 d.
262 2459 287 2492 i.
316 2470 402 2492 zum
429 2458 671 2493 Schlimmen
699 2460 974 2494 Schlimmeres
1002 2459 1161 2494 kommt.
1201 2478 1240 2483 —
1277 2460 1365 2493 Idus
1390 2461 1570 2503 Martiae,
1606 2460 1692 2504 qui·
1763 2491 1764 2494 ,

199 2507 266 2540 bus
304 2507 472 2542 Caesaris
507 2508 619 2542 caede
645 2508 802 2542 libertas
828 2508 1029 2541 videbatur
1055 2519 1131 2542 esse
1165 2515 1394 2552 recuperata.
1446 2507 1496 2543 At
1521 2508 1692 2543 nondum

200 2555 329 2601 elapso
356 2568 486 2590 mense
514 2556 647 2590 Cicero
684 2557 737 2590 sic
764 2557 953 2590 scribebat
980 2567 1039 2601 ep.
1067 2558 1157 2591 692:
1196 2556 1252 2599 „O
1286 2556 1340 2589 mi
1371 2557 1508 2598 Attice,
1541 2567 1691 2599 vereor,

199 2614 248 2637 ne
275 2605 372 2640 etc.“
416 2624 458 2628 ——
493 2601 617 2652 ἥρωες,
657 2605 808 2646 Brutus,
837 2605 996 2647 Cassius,
1025 2604 1157 2638 ceteri.
1206 2624 1246 2629 —
1291 2605 1470 2649 Reliquae
1495 2615 1569 2647 res,
1595 2603 1690 2640 Was
1758 2609 1760 2612 '

200 2650 301 2685 noch
327 2664 375 2685 zu
401 2653 498 2686 thun
525 2655 586 2695 ist,
625 2653 685 2686 die
712 2653 957 2700 Vollendung
992 2653 1061 2686 der
1097 2651 1231 2695 Sachc‚
1267 2653 1329 2686 die
1355 2652 1689 2688 Wiederherstel-

199 2700 295 2744 lung
333 2700 402 2734 der
434 2701 536 2734 alten
579 2701 944 2746 republicanischen
989 2700 1225 2735 Staatssorm.
1294 2703 1420 2735 Daran
1459 2701 1588 2735 hatten
1628 2700 1691 2734 die

200 2747 355 2781 Mox-dor
382 2749 443 2782 des
456 2750 586 2783 C'a‘sars
614 2750 724 2784 nicht
748 2749 931 2796 gedacht3
959 2749 1141 2783 ihrMord
1167 2762 1250 2784 war
1277 2749 1378 2783 ohne
1404 2749 1511 2784 wohl
1529 2748 1689 2783 berech-

202 2801 317 2830 nctcn
346 2797 449 2831 Plan.
492 2820 530 2823 -u-
571 2799 603 2831 εἰ
631 2798 718 2843 quic]
742 2800 825 2832 nori
855 2797 1031 2832 acciderit
1062 2824 1066 2829 .
1097 2825 1101 2827 .
1134 2827 1136 2831 ,
1169 2798 1360 2838 confestim
1385 2799 1435 2832 ad
1457 2808 1511 2831 me
1536 2796 1686 2832 scribas,
