1795 3086
183 64 263 111 154
440 63 504 109 M.
534 65 590 109 T.
621 62 958 110 CICERONIS
986 65 1360 110 EPISTOLAE.

307 176 620 220 EPISTOLA
653 177 978 221 Dccxxxv.
1037 179 1115 231 (ad
1146 181 1237 221 Λα.
1269 178 1378 220 xv.
1410 182 1498 230 211.)

237 251 316 286 Ser.
342 253 380 286 in
405 253 613 287 Tusculano
639 253 722 288 vn.
747 253 827 288 Kal.
854 253 978 296 Quint.
1004 253 1048 290 A.
1075 255 1120 290 U.
1146 255 1188 290 C.
1216 255 1296 289 710.
1348 253 1398 295 (a.
1426 256 1464 287 C.
1490 255 1566 297 44.)

173 319 368 365 Significat
392 319 549 355 Brutum
574 320 907 376 profectum-esse,
942 320 1157 366 librumque
1182 320 1220 354 in
1245 331 1353 354 causa
1377 321 1460 355 Silii
1483 333 1631 368 compo-

772 375 883 403 altum
909 368 1038 403 mittit.

677 441 858 476 CICERO
892 441 1071 477 ATTICO
1096 440 1131 475 S.

277 506 578 560 Tabellarius‚
626 523 753 562 quem
792 509 847 548 ad
888 508 1069 550 Brutum
1105 507 1332 560 miseram,
1375 521 1434 549 ex
1472 507 1630 549 itinere

172 561 309 604 rediit
335 576 407 605 vn.
435 563 540 606 Kal.
599 565 657 605 Ei
695 563 890 605 Servilia
928 564 1044 605 dixit
1081 577 1132 604 eo
1162 564 1234 604 die
1270 564 1455 605 Brutum
1485 563 1542 604 Η.
1572 577 1627 606 lv.

170 618 429 671 profectum.
496 620 609 662 Sane
646 619 768 660 dolui
805 633 925 660 meas
967 620 1118 660 literas
1164 619 1358 661 redditas
1396 634 1483 661 non
1522 633 1629 661 esse.

168 674 301 715 Silius
329 674 386 716 ad
414 689 484 715 me
512 689 600 717 non
627 679 821 717 venerat.
879 675 1068 716 Causam
1113 676 1353 729 composui.
1418 676 1535 717 Eum
1574 675 1629 718 li-

168 730 329 771 bellum
358 731 438 771 tibi
466 730 582 772 misi.
638 731 708 773 Te
738 745 823 786 quo
852 730 924 772 die
953 734 1226 786 exspectem,
1254 732 1383 774 velim
1412 732 1540 773 scire.

297 931 611 975 EPISTOLA
639 931 993 976 DCCXXXVI.
1050 932 1125 983 (ad
1149 933 1238 974 Λα.
1268 931 1376 975 XV.
1407 930 1492 981 22.)

233 1007 312 1043 Ser.
339 1009 378 1043 in
403 1009 613 1043 Tusculano
637 1007 724 1043 vn.
752 1009 831 1043 ιω.
860 1008 983 1050 Quint.
1009 1007 1052 1042 A.
1077 1008 1121 1042 U.
1150 1009 1189 1042 e.
1216 1009 1294 1042 71⁰.
1343 1009 1390 1049 (a.
1418 1007 1458 1040 c,
1485 1007 1560 1049 44.)

162 1076 206 1119 Q.
232 1075 370 1109 Filium
394 1076 487 1110 urbe
511 1075 642 1110 exiis-e
674 1076 854 1116 laetatum
890 1075 1043 1107 Pansam
1077 1073 1169 1107 bene
1202 1074 1306 1118 loqui
1341 1073 1481 1117 credit,
1512 1086 1559 1107 an
1583 1085 1629 1107 es

162 1122 278 1156 animi
313 1123 514 1163 sententia,
547 1123 715 1166 dubitat5
753 1122 797 1156 do
829 1121 944 1177 Sexti·
970 1122 1135 1168 Pompeii
1167 1122 1330 1157 adventu
1361 1121 1453 1166 quid
1483 1122 1631 1164 sentiat,

808 1175 974 1216 exponit.

673 1242 854 1279 CICERO
885 1240 1059 1277 ATTICO
1085 1241 1122 1275 S.

272 1309 486 1350 Gratulor
522 1310 648 1352 nobis
688 1308 745 1359 Q.
775 1309 920 1350 filium
958 1309 1120 1350 exisse:
1160 1309 1372 1351 molestus
1408 1322 1494 1349 nou
1529 1310 1626 1351 erit.

162 1363 354 1405 Pansam
381 1366 490 1406 bene
517 1367 639 1421 loqui
667 1365 812 1407 credo,
870 1365 1052 1420 Semper
1080 1364 1197 1406 enim
1228 1365 1503 1406 coniunctum
1532 1379 1627 1408 esse

161 1433 261 1460 cum
291 1420 445 1463 Hirtio
473 1422 581 1464 scio.
644 1421 969 1464 Amicissimum
997 1420 1137 1462 Bruto
1165 1423 1210 1461 et
1237 1422 1395 1462 Cassio
1423 1424 1553 1475 puto,
1590 1424 1629 1463 si

160 1476 379 1529 expediet.
436 1477 528 1518 Sed
565 1478 741 1533 quando
780 1477 881 1518 illos
919 1476 1110 1518 videbit?
1156 1476 1389 1518 Inimicum
1416 1476 1627 1519 Antonio:

159 1532 336 1586 quando
365 1537 443 1574 aut
471 1537 582 1576 cur?
628 1546 851 1590 quousque
882 1532 1113 1574 ludemur?
1164 1532 1262 1587 Ego
1291 1536 1436 1574 autem
1468 1533 1628 1588 scripsi

255 1693 289 1726 1.
321 1690 409 1726 Vn.
436 1690 522 1725 Kal.
549 1689 728 1736 Quintil..
755 1701 814 1724 am
841 1689 896 1725 25.
923 1688 1063 1725 Iunius.
1089 1707 1133 1714 —
1158 1688 1332 1729 Servilia,
1364 1688 1473 1723 Bruti
1497 1696 1627 1724 mater.

158 1758 204 1765 —-·
229 1739 323 1773 hora
348 1739 441 1782 1V.,
466 1751 529 1773 um
557 1741 601 1774 10
625 1737 719 1773 Uhr.
768 1738 854 1772 HIS
878 1738 956 1772 Md.
982 1737 1103 1772 Oxon.
1131 1739 1162 1771 1.
1189 1738 1221 1773 2.
1247 1738 1330 1772 Asc.
1349 1739 1378 1770 1.
1402 1739 1501 1773 Crat.
1523 1737 1626 1775 vict.

156 1788 203 1822 ld
226 1793 352 1821 autem
378 1787 476 1821 nihil
501 1786 603 1821 aliud
627 1792 682 1820 est
706 1798 819 1831 quam
840 1785 884 1819 H.
899 1785 960 1821 IS.
985 1790 1028 1819 ut
1052 1795 1157 1830 saepe
1175 1785 1215 1818 in
1245 1785 1434 1830 Inscriptt.
1463 1787 1625 1831 sepulcr.

157 1836 184 1871 i.
210 1846 245 1872 e.
270 1837 378 1870 Hora
400 1836 520 1880 prima
545 1834 674 1876 semis3
711 1835 824 1879 idque
857 1834 1015 1868 fortasse
1050 1833 1089 1866 h.
1120 1834 1145 1867 Ι.
1179 1844 1323 1868 verum.
1360 1833 1557 1870 ORELLI.
1582 1853 1625 1858 —

157 1884 320 1918 redditas
344 1883 473 1918 Bruto.
521 1884 604 1918 Non
630 1883 705 1916 iam
731 1893 776 1916 ex
802 1882 912 1916 ltalia
945 1882 1181 1921 discesserat,
1214 1880 1299 1922 sed,
1333 1882 1431 1926 quod
1465 1881 1504 1914 in
1541 1882 1628 1917 villa

155 1931 350 1966 Lanuvina
373 1943 410 1966 se
435 1942 511 1966 non
535 1937 658 1966 tutum
686 1931 769 1964 fore
802 1930 994 1970 credebat,
1029 1929 1071 1962 in
1096 1928 1357 1974 Anagninum,
1395 1939 1469 1973 quo
1500 1937 1628 1975 postea

156 1981 274 2014 alium
298 1980 537 2014 tabellarium
562 1979 607 2012 ad
631 1990 716 2012 eum
753 1978 889 2014 Cicero
921 1977 1035 2011 misit.
1068 1977 1149 2010 vid.
1176 1988 1233 2022 ep.
1269 1979 1350 2015 743.
1401 1978 1531 2012 Mense
1563 1979 1627 2012 de-

154 2040 261 2061 mum
287 2026 412 2061 sextili
442 2027 480 2060 in
514 2026 712 2061 Graeciam
746 2026 952 2072 navigavit.
993 2024 1072 2058 Vid.
1105 2024 1186 2059 Lib.
1220 2021 1318 2059 xvl.
1357 2025 1401 2059 ad
1435 2025 1547 2060 Attio.
1582 2044 1626 2051 -—

157 2077 313 2110 Causam
338 2089 388 2106 z
413 2075 786 2117 commentariolum,
822 2084 895 2118 quo
927 2072 1039 2107 Silius
1072 2078 1258 2111 uteretur.
1286 2075 1322 2108 S.
1349 2073 1384 2110 d.
1411 2076 1535 2121 vorig.
1562 2075 1625 2108 Br.

152 2121 417 2168 ὑπόμνημα.
443 2141 487 2149 -
513 2123 598 2157 misi
622 2137 672 2156 z
697 2123 819 2157 mitto.

253 2194 289 2227 1.
317 2191 448 2231 exisse,
485 2202 571 2224 zum
601 2190 707 2225 Thor
737 2189 871 2223 hinaus
896 2189 956 2223 ist.
992 2188 1026 2222 S.
1053 2198 1111 2233 ep.
1138 2189 1220 2233 233.
1246 2189 1328 2231 748,
1351 2189 1386 2224 6.
1411 2189 1493 2230 749,
1521 2190 1554 2224 2.
1582 2206 1626 2215 --

155 2241 328 2274 molestus
353 2239 480 2279 nebim
506 2237 673 2272 n'amlich
699 2238 867 2272 insofern
891 2247 978 2270 man
1002 2246 1078 2270 von
1104 2237 1243 2270 seinem
1259 2235 1503 2270 Aufenthalte
1527 2237 1625 2270 beim

155 2289 338 2322 Antonius
363 2285 490 2321 bisher
514 2286 601 2322 viel
625 2298 670 2320 zu
695 2286 877 2333 besorgen
901 2284 1037 2330 gehabt
1061 2283 1178 2318 hatte.
1203 2302 1246 2309 -
1282 2285 1368 2318 bene
1393 2285 1510 2328 loqui,
1543 2285 1626 2318 eine

157 2343 246 2383 gute
271 2333 514 2382 patriotische
550 2333 717 2380 Sprache
742 2332 870 2369 ftihre.
903 2351 949 2358 —
982 2331 1224 2373 coniunctum,
1260 2331 1363 2366 eines
1394 2331 1525 2366 Sinnes
1557 2333 1628 2366 mit

156 2385 322 2426 Hirtius5
346 2384 425 2418 also
448 2382 529 2415 dass
555 2393 598 2415 er
622 2381 703 2416 sich
729 2380 827 2414 nach
852 2381 933 2415 ihm
960 2379 1113 2414 ricbtet.
1163 2382 1253 2414 Man
1279 2380 1367 2414 sebe
1391 2381 1499 2419 aber,
1524 2381 1627 2415 was

156 2433 294 2467 Cicero
313 2444 371 2479 ep.
397 2432 479 2472 ⁷⁰4,
503 2431 537 2464 4.
562 2440 633 2464 von
660 2430 854 2463 letzterem
879 2427 1057 2463 schreibt.
1075 2448 1117 2454 ——
1145 2428 1416 2462 Amicissimum
1436 2428 1520 2464 mil.
1536 2428 1625 2461 Hir-

155 2482 250 2515 tium
277 2482 447 2515 futurum
473 2489 563 2513 esse.
591 2497 632 2502 —
660 2478 693 2510 si
718 2477 900 2520 expediet,
926 2476 958 2510 si
982 2477 1022 2509 in
1047 2486 1128 2510 rem
1153 2475 1269 2521 ipsius
1293 2477 1388 2519 erit,
1412 2477 1542 2511 sofern
1567 2476 1625 2509 od.

157 2529 285 2563 sobald
309 2540 348 2563 es
373 2527 513 2563 seinem
539 2527 720 2560 Interesse
746 2536 907 2572 zusagen
933 2525 1053 2558 sollte.
1079 2542 1124 2549 —
1150 2524 1213 2558 sed
1237 2524 1428 2558 Inimicum
1448 2535 1533 2557 eum
1547 2523 1624 2556 Ληω

158 2578 255 2612 ionio
281 2588 376 2617 esse,
402 2586 476 2610 non
502 2575 630 2611 credo.
659 2591 700 2598 —
734 2583 910 2617 quousque
935 2573 1118 2613 luctemur,
1152 2571 1245 2608 ach!
1280 2573 1353 2607 wie
1377 2573 1489 2619 lange
1513 2570 1626 2612 winl,

156 2627 227 2659 son
253 2626 364 2659 Pansa
391 2636 457 2658 uno
481 2623 579 2658 noch
617 2632 702 2655 zum
738 2621 870 2655 Besten
904 2620 1049 2654 haben?
1098 2621 1209 2654 Putat
1244 2621 1394 2654 Pansam
1433 2631 1493 2659 ea,
1531 2629 1625 2663 quae

155 2673 353 2717 loquatur,
379 2684 454 2706 non
479 2670 588 2715 loqui
614 2681 660 2704 ex
686 2669 832 2711 animo,
867 2669 931 2702 sed
955 2668 1147 2713 simulate,
1183 2674 1226 2701 ut
1249 2669 1294 2702 ab
1321 2679 1364 2702 eo
1399 2668 1513 2703 verba
1545 2666 1626 2699 dari

156 2721 361 2770 videantur.
388 2720 592 2757 MANUT.
621 2736 662 2744 —
699 2717 835 2762 scripsi
860 2728 921 2763 ep.
949 2718 1018 2753 733
1053 2728 1112 2751 am
1147 2716 1271 2759 Ende;
1305 2719 1386 2759 732,
1412 2717 1444 2751 3.
1480 2734 1522 2740 —
1559 2725 1625 2747 non
