1795 3086
231 88 325 135 290
505 85 569 127 M.
599 85 657 127 T.
688 78 1029 124 CICERONIS
1059 79 1435 125 EPISTOLAE,

232 201 324 251 cia,
363 197 531 240 caduca
561 195 780 236 existima.
846 193 1017 234 Verum
1055 193 1188 234 decus
1228 194 1273 233 in
1314 193 1478 235 virtute
1512 194 1707 247 positum

232 260 324 307 est,
374 267 486 308 quae
531 251 721 292 maxime
760 250 1014 291 illustratur
1057 250 1229 303 magnis
1270 249 1315 288 in
1354 263 1446 290 rem
1487 252 1709 304 publicam

232 311 415 353 meritis.
474 308 586 348 Eam
618 306 875 347 facultatem
905 305 1039 346 habes
1067 307 1324 357 maximam,
1354 318 1484 360 quam
1504 307 1709 360 quoniam

231 368 491 419 complexus
522 367 665 415 tenes,
694 361 887 416 perfice,
927 364 976 401 ut
1017 373 1069 401 ne
1110 362 1253 402 minus
1295 374 1364 401 res
1405 362 1584 415 publica
1611 363 1709 413 tibi,

229 435 357 476 quam
398 425 444 460 tu
485 419 552 460 rei
587 418 786 473 publicae
834 417 1005 456 debeas.
1082 416 1157 457 Me
1208 421 1308 457 tuae
1349 417 1580 470 dignitatis
1619 431 1708 458 non

229 477 362 518 modo
392 475 636 526 fautorem,
665 474 744 514 sed
775 473 907 514 etiam
937 472 1305 526 amplificatorem
1337 486 1586 526 cognosces.
1653 473 1707 513 Id

228 547 362 587 quum
393 532 457 573 rei
486 530 712 586 publicae,
753 542 865 584 quae
907 527 1018 568 mihi
1057 529 1151 569 vita
1181 533 1249 568 est
1277 541 1375 568 mea
1405 530 1575 580 carior,
1615 532 1708 568 tum

229 594 404 629 nostrae
447 585 764 628 necessitudini
806 584 966 624 debere
1007 597 1076 624 me
1117 584 1282 625 iudico.
1360 584 1505 638 Atque
1551 585 1594 624 in
1635 584 1708 624 his

228 645 372 696 curis,
414 656 521 697 quas
563 641 731 682 contuli
772 640 829 680 ad
871 639 1134 693 dignitatem
1175 643 1316 690 tuam,
1370 641 1465 694 cepi
1504 653 1707 693 magnam

227 702 526 754 voluptatem⁷
555 697 671 752 quod
701 698 809 737 bene
841 695 1063 749 cogn-itam
1094 694 1206 733 1111111
1236 696 1290 735 Τ.
1312 695 1501 736 Munatii
1522 695 1707 750 pruden-

230 757 338 798 tiam
369 760 411 796 et
441 753 575 794 fidem
595 752 738 807 magis
758 752 892 792 etiam
916 750 1120 805 perspexi
1144 750 1188 789 in
1208 751 1301 790 eius
1325 751 1582 793 incredibili
1604 764 1709 804 erga

228 818 274 854 te
301 809 609 854 benevolentia
639 813 686 851 et
713 806 957 861 diligentia.
1014 818 1077 848 111.
1108 804 1217 846 Idus
1245 806 1434 859 Apriles.

395 1002 712 1047 EPISTOLA
742 999 1019 1041 DCCCVII.
1071 998 1149 1049 (ad
1176 998 1279 1042 Div.
1312 999 1424 1042 XII.
1455 1000 1542 1050 28.)

404 1082 484 1115 Ser.
508 1081 653 1112 Romae
676 1086 800 1110 mense
826 1075 947 1119 Aprili
972 1076 1014 1109 A.
1040 1075 1085 1108 U.
1111 1076 1153 1108 c.
1180 1077 1262 1112 711.
1311 1077 1360 1117 (a.
1389 1077 1428 1108 e.
1456 1076 1530 1118 43.)

227 1150 335 1195 Quod
363 1145 589 1181 Cornificius
613 1143 654 1176 in
680 1153 762 1183 eos,
789 1141 852 1185 qni
878 1141 1060 1186 Lilybaeo
1085 1141 1218 1175 minati
1245 1142 1408 1182 fuerant,
1440 1153 1515 1175 non
1542 1141 1707 1176 animad-

228 1197 405 1240 verterit,
432 1195 564 1229 leviter
590 1190 854 1236 reprehendit5
882 1190 1008 1223 laudat
1035 1188 1113 1222 eius
1140 1189 1177 1222 in
1205 1201 1283 1223 rem
1300 1190 1495 1236 publicam
1521 1190 1707 1231 studium;

563 1240 670 1274 addit
695 1239 741 1272 de
765 1239 925 1283 pecunia
952 1244 989 1271 et
1014 1248 1056 1270 re
1081 1238 1241 1282 publica.
1277 1240 1373 1276 1-3.

686 1305 867 1341 CICERO
902 1304 1188 1338 CORNIFICIO
1221 1306 1254 1338 S.

338 1370 570 1415 Assentior
598 1368 679 1409 tibi
709 1380 810 1420 eos,
841 1380 948 1422 quos
970 1366 1130 1408 scribis
1151 1365 1368 1423 Lilybaeo
1385 1367 1568 1420 minari,
1598 1368 1705 1410 istic

228 1443 388 1485 poenas
419 1428 528 1467 dare
558 1424 784 1465 debuisse:
823 1423 902 1464 sed
923 1423 1142 1473 metuisti,
1172 1427 1221 1463 ut
1239 1424 1330 1473 ais,
1360 1437 1413 1464 ne
1433 1424 1564 1465 nimis
1593 1424 1705 1465 liber

226 1489 274 1527 in
304 1481 560 1526 ulciscendo
592 1480 813 1521 viderere.
885 1478 1089 1519 Metuisti
1118 1478 1277 1531 igitur,
1317 1492 1368 1519 ne
1397 1479 1544 1533 gravis
1574 1481 1703 1532 civis,

228 1556 282 1582 ne
311 1541 441 1581 nimis
473 1536 628 1587 fortis,
667 1549 722 1575 ne
754 1534 885 1575 nimis
916 1538 960 1574 te
998 1533 1158 1587 dignus
1187 1534 1404 1575 viderere.
1470 1535 1603 1584 Quod
1633 1550 1703 1576 so-

230 1600 433 1637 cietatem
475 1593 538 1633 rei
578 1590 781 1645 publicae
820 1589 1148 1630 conservandae
1187 1589 1270 1630 tibi
1315 1603 1485 1630 mecum
1522 1604 1548 1631 a
1577 1597 1702 1645 patre

230 1657 456 1706 acceptam
496 1659 707 1698 renovas,
745 1650 919 1700 gratum
959 1649 1049 1687 est:
1090 1658 1200 1699 quae
1239 1646 1430 1687 societas
1470 1647 1585 1687 inter
1623 1661 1704 1688 nos

229 1777 310 1804 sten
334 1770 493 1803 Flittern
518 1767 618 1800 eines
642 1767 813 1798 ausser-en
848 1763 1002 1798 Glanzes
1034 1775 1245 1797 zusammen
1279 1765 1490 1809 gestoppelt
1515 1766 1610 1801 ist.“
1639 1765 1701 1800 Sic

229 1819 310 1853 Md.
336 1819 439 1853 Crat.
465 1816 561 1849 vict.
590 1817 619 1849 1.
647 1815 682 1850 2.
711 1814 844 1848 Graev.
874 1812 1007 1844 Bened.
1034 1812 1220 1845 collectam
1244 1813 1374 1847 Lamb.
1391 1814 1481 1847 Ern.
1499 1813 1701 1848 Schmun.

231 1878 274 1900 ez
299 1864 523 1899 inanissimis
546 1863 678 1898 Lamb.
705 1862 868 1894 inanibus
895 1871 937 1893 ex
962 1859 1117 1905 antiqua
1143 1861 1355 1905 corruptela
1382 1863 1468 1895 Ern.
1494 1861 1579 1895 Sch.
1605 1863 1702 1897 Li'm.

232 1914 430 1949 ORELLI.
457 1931 504 1937 —
528 1912 759 1949 illustratur,
790 1911 825 1940 in
857 1909 968 1940 belles
993 1908 1108 1941 Licht
1133 1915 1269 1951 gesetzt
1297 1910 1400 1943 wir-d.
1430 1927 1471 1934 —
1510 1910 1594 1942 Eam
1613 1911 1698 1952 sac.

229 1962 262 1995 Ιι.
291 1973 357 2004 na,
384 1961 488 1994 hiezu
514 1959 597 1993 hast
622 1959 684 1992 Du
710 1966 784 1990 111111
814 1957 872 1989 die
903 1956 1124 1989 herrlichste
1151 1956 1409 2000 Gelegenheit.
1435 1976 1482 1981 —
1520 1958 1702 2001 quoniam,

231 2011 298 2043 wie
325 2022 381 2055 ep.
409 2011 475 2044 787
503 2019 620 2056 gegen
643 2006 751 2042 Ende‚
780 2025 823 2030 -
851 2006 1054 2047 complexus
1079 2008 1190 2045 tenes,
1218 2006 1391 2049 ergriffen
1420 2018 1452 2039 11.
1481 2005 1517 2038 111
1546 2007 1700 2040 H'a'nden

229 2058 332 2098 lmst,
367 2056 570 2091 festbiiltst.
608 2054 670 2089 Sic
702 2054 833 2099 scripsi
867 2064 936 2095 pro
971 2052 1118 2085 Fonteio
1144 2053 1179 2095 §-
1209 2055 1263 2088 36.
1301 2064 1403 2096 quum
1431 2054 1590 2086 Vestalis
1616 2079 1623 2086 .
1652 2080 1659 2087 .
1688 2079 1697 2088 .

229 2108 387 2139 fratrem
413 2105 598 2148 complexa
625 2107 754 2136 teneat.
811 2103 919 2134 Nunc
947 2101 1023 2134 Md.
1051 2101 1276 2144 complosus,
1310 2112 1364 2141 es,
1405 2105 1502 2143 lene,
1529 2102 1590 2134 sed
1617 2102 1701 2135 lite-

230 2166 294 2187 rae
322 2164 358 2186 es
384 2160 421 2186 et
445 2160 635 2198 postrema
660 2152 716 2184 lit.
747 2161 764 2182 e
791 2151 828 2182 111
859 2163 889 2182 v.
919 2154 996 2181 tene
1022 2159 1064 2180 ex
1100 2150 1335 2194 correctione
1368 2149 1405 2180 in
1440 2160 1578 2183 rasura.
1605 2162 1702 2183 com-

228 2204 352 2246 pletus
378 2213 435 2240 οε,
467 2206 544 2233 tene
569 2200 657 2233 satis
685 2198 831 2231 duriter
859 2200 954 2230 Crat.
984 2197 1115 2229 Graev.
1142 2197 1231 2231 Ern.
1258 2197 1390 2230 Bened.
1418 2195 1503 2231 sch.
1540 2199 1699 2231 Li'mem.

231 2249 425 2283 ORELLI.
445 2267 490 2272 --—
518 2260 550 2283 r.
579 2259 611 2291 p.
640 2247 708 2280 tibi
729 2247 874 2278 debean.
906 2266 945 2270 -—
974 2245 1185 2286 diligentia,
1214 2243 1469 2290 Verwendung
1495 2246 1560 2279 fiir
1584 2247 1698 2282 Dich.

230 2317 272 2323 —
300 2298 374 2331 111.
404 2297 455 2340 ld,
484 2297 579 2339 Apr.
606 2307 664 2328 am
694 2297 746 2329 11.
773 2294 894 2339 April.

374 2361 681 2397 CORNIFICIO.
710 2360 746 2393 S.
773 2373 828 2405 ep.
856 2360 922 2395 621
951 2360 1002 2393 im
1028 2360 1110 2393 Ans.
1139 2362 1218 2398 790.

327 2416 357 2448 1.
384 2424 444 2445 eos
471 2413 493 2444 i.
522 2421 553 2443 e.
581 2411 744 2443 latrones
772 2408 1017 2451 Antonianos,
1052 2409 1133 2454 qui,
1166 2422 1275 2454 quum
1303 2421 1344 2442 ex
1373 2407 1500 2442 Africa
1525 2408 1698 2453 provecti
1757 2424 1759 2432 1

224 2463 445 2506 Lilybaeum
472 2458 620 2491 Siciliae
647 2457 822 2502 oppidum
856 2457 891 2488 111
920 2458 1176 2499 promontorio
1204 2459 1367 2491 eiusdem
1397 2456 1560 2490 nominis
1587 2457 1698 2490 sitnm

224 2512 319 2544 (111111
348 2510 559 2553 opprimere
587 2507 745 2542 vellent.
774 2516 793 2537 a
820 2506 1022 2539 Cornificio
1050 2506 1269 2551 deprehensi
1299 2519 1341 2539 nc
1369 2505 1508 2538 dimissi
1536 2505 1695 2538 fuerant.

226 2577 263 2582 --
294 2558 394 2598 duic,
426 2558 463 2589 iu
492 2555 629 2587 Africa.
656 2573 701 2577 ——
737 2554 850 2594 leber,
891 2566 930 2585 zu
967 2554 1058 2593 frei,
1092 2555 1200 2588 nimis
1239 2555 1394 2599 cupidus
1429 2553 1626 2586 vindictae.
1652 2572 1695 2577 —

222 2607 454 2648 gra1·1's‚'zu
489 2612 669 2647 strengel&
724 2621 763 2625 —
818 2605 850 2633 ie
889 2603 1020 2643 dignus
1054 2603 1076 2636 1.
1105 2615 1136 2636 e.
1163 2615 1276 2652 agere
1307 2604 1493 2640 viderere,
1534 2602 1632 2646 quod
1656 2607 1695 2633 te

219 2655 375 2698 dignum
403 2658 517 2693 esset,
545 2651 643 2696 quod
667 2657 702 2682 te
729 2652 891 2683 deceret.

313 2703 344 2736 2.
371 2701 495 2733 societ.
525 2725 533 2733 .
563 2723 571 2731 .
597 2702 795 2741 acceptam,
831 2698 903 2730 den
938 2699 1097 2739 Verein,
1134 2698 1259 2740 Bund,
1296 2711 1361 2732 zur
1388 2697 1599 2739 Erhaltung
1628 2696 1696 2729 der

217 2749 420 2795 Romnum,
449 2749 516 2780 der
541 2747 607 2780 auf
631 2747 730 2779 Dich
759 2746 832 2779 und
858 2745 964 2779 mich
989 2759 1059 2781 von
1086 2747 1242 2780 Deinem
1271 2749 1379 2781 Vater
1405 2744 1536 2790 geerbt
1562 2744 1618 2776 ist.
1650 2762 1693 2768 —
