1795 3086
321 81 628 125 EPISTOLA
659 80 946 123 Dcchvl.
979 79 1295 123 DCCCLVII.
1447 79 1537 127 387

234 228 545 276 EPISTOLA
574 226 890 273 DCCCLVII.
951 231 1029 282 (ad
1059 231 1161 274 Div.
1191 231 1248 274 V.
1280 231 1366 281 16.)

343 311 494 357 Scripta
519 312 673 345 fortasse
700 312 741 343 A.
770 311 814 345 U.
844 312 881 345 C.
910 311 987 346 707,
1037 312 1086 354 (a.
1110 310 1151 344 C.
1178 310 1253 352 47.)

96 383 315 419 Consolatur
346 379 489 417 'Titium
520 378 662 416 obitum
704 381 777 416 filii
810 380 955 415 filiaeve
995 387 1058 415 aut
1092 380 1262 425 plurium
1297 379 1507 415 liberorum

467 429 746 464 immoderatius
771 429 979 477 lugentem.
1007 431 1026 463 1
1040 431 1128 463 —6.

516 516 563 549 M.
587 514 768 551 CICERO
796 512 834 548 S.
861 514 906 548 D.
932 512 1083 547 TITIO.

179 581 280 625 Etsi
318 594 426 622 unus
461 594 524 623 ex
563 580 763 623 omnibus
801 579 981 621 minime
1018 592 1113 620 sum
1140 579 1202 619 ad
1230 584 1275 619 te
1301 577 1531 620 consolan-

65 637 172 679 dum
201 636 581 683 accommodatus,
621 636 744 692 quod
771 639 942 678 tantum
980 648 1039 676 ex
1068 634 1157 675 tuis
1186 634 1404 675 molestiis
1433 633 1532 688 cepi

31 745 33 749 Α
64 693 255 740 doloris,
295 697 345 734 ut
372 693 679 735 consolatione
708 693 804 746 ipse
833 704 1031 746 egerem:
1069 694 1230 741 tamen,
1269 703 1404 744 quum
1434 689 1530 729 lon-

63 749 165 802 gius
193 762 221 790 a
240 749 402 790 summi
432 749 580 789 luctus
609 747 850 789 acerbitate
879 759 999 788 meus
1027 744 1202 786 abesset
1230 744 1372 791 dolor,
1400 754 1532 800 quam

64 810 180 851 tuus,
207 805 343 845 statui
372 809 548 846 nostrae
577 802 919 845 necessitudinis
949 813 1045 842 esse
1073 813 1283 854 meaeque
1304 801 1353 841 in
1382 804 1426 841 te
1454 800 1531 841 be-

61 860 347 901 nevolentiae
376 872 463 901 non
492 864 640 901 tacere
667 862 792 899 tanto
822 857 869 897 in
899 861 975 897 tuo
1004 864 1205 896 maerore
1227 855 1418 907 tamdiu,
1446 854 1530 895 sed

62 913 280 957 adhibere
315 914 514 970 aliquam
553 913 772 954 modicam
811 911 1182 963 consolationem,
1223 920 1336 965 quae
1377 909 1529 951 levare

61 969 267 1012 dolorem
303 975 428 1011 tuum
465 974 636 1024 posset,
683 967 724 1009 si
760 967 905 1009 minus
953 980 1110 1008 sanare
1147 965 1377 1021 potuisset.
1443 963 1529 1006 Est

60 1030 209 1065 autem
247 1025 493 1067 consolatio
530 1023 792 1079 pervulgata
829 1022 1007 1077 quidem
1033 1022 1112 1063 illa
1139 1020 1358 1073 maxime,
1395 1031 1528 1074 quam

59 1093 232 1135 semper
261 1081 310 1121 in
339 1084 418 1122 ore
447 1084 579 1134 atque
622 1078 669 1119 in
697 1078 843 1119 animo
875 1078 1038 1120 habere
1066 1077 1289 1122 debemus,
1323 1074 1527 1117 homines

60 1148 141 1176 nos
168 1139 220 1176 ut
248 1148 344 1177 esse
373 1135 720 1185 meminerimus,
749 1143 801 1176 ea
829 1134 928 1188 lege
956 1137 1097 1186 natos,
1125 1136 1175 1174 ut
1192 1130 1392 1174 omnibus
1420 1130 1528 1172 telis

62 1190 266 1232 fortunae
301 1189 532 1246 proposita
567 1191 630 1232 sit
667 1191 764 1232 vita
802 1194 972 1231 nostra:
1016 1201 1156 1243 neque
1194 1200 1290 1228 esse
1319 1196 1525 1227 recusan-

56 1245 181 1296 dum,
211 1253 297 1300 quo
326 1246 469 1288 minus
500 1256 566 1293 ea,
588 1258 680 1300 qua
708 1245 801 1286 nati
825 1258 990 1291 sumus,
1019 1242 1275 1285 conditione
1302 1242 1526 1284 vivamus:

60 1311 172 1343 neve
200 1306 290 1343 tam
317 1301 515 1356 ‘graviter
543 1312 618 1342 eos
647 1313 775 1342 casus
804 1300 1011 1346 feramus,
1047 1312 1156 1354 quos
1183 1299 1308 1338 nullo
1337 1295 1525 1339 consilio

54 1357 204 1398 vitare
233 1357 472 1412 possimus:
517 1356 773 1411 eventisque
798 1355 994 1396 aliorum
1029 1354 1242 1401 memoria
1263 1350 1523 1407 ¹repetendis

59 1410 177 1452 nihil
207 1412 427 1454 accidisse
455 1412 559 1454 nov‘i
587 1412 713 1453 nobis
737 1412 1000 1466 cogitemus.
1058 1409 1214 1464 Neque
1248 1406 1338 1449 *hae
1372 1418 1522 1461 neque

60 1472 234 1508 ceterae
268 1467 624 1520 consolationes,
669 1476 782 1521 quae
819 1470 922 1508 sunt
963 1479 995 1506 a
1032 1462 1371 1520 sapientissimis
1409 1462 1524 1504 viris

55 1527 297 1578 usurpatae
323 1524 648 1578 memoriaeque
674 1521 822 1564 literis
851 1521 1077 1576 proditae,
1113 1523 1279 1561 tantum
1315 1518 1525 1561 videntur

104 1577 280 1620 'ofice're
308 1578 484 1625 debere,
513 1581 724 1634 quantum
751 1581 892 1620 status
920 1578 1016 1632 ipse
1043 1579 1222 1619 nostrae
1250 1574 1450 1617 civitatis
1478 1576 1523 1614 et

59 1592 170 1675 Eqaec
198 1635 473 1689 perturbat-io
501 1639 750 1690 temporum
778 1633 1079 1688 perditorumz
1116 1644 1248 1687 quum
1272 1629 1522 1672 beatissimi

151 1826 299 1859 TITIO.
349 1826 407 1860 Ad
434 1828 473 1862 C.
502 1826 647 1860 Titium
674 1827 714 1859 L.
741 1826 781 1859 F.
807 1826 958 1866 Rufum,
991 1825 1037 1858 ad
1070 1836 1180 1870 quem
1205 1830 1260 1858 est
1295 1823 1450 1869 epistola
1474 1826 1520 1861 58

57 1872 158 1909 Libr.
184 1874 275 1907 XIII
309 1873 365 1916 (h.
393 1884 424 1908 e.
452 1875 537 1916 248)
570 1886 601 1911 a.
628 1886 664 1907 u.
692 1885 721 1907 c.
756 1875 834 1909 704.
870 1879 1084 1918 praetorem
1117 1872 1301 1905 urbanum
1334 1872 1519 1906 Glandor-

55 1921 137 1965 pius
161 1918 298 1955 retulit
322 1928 464 1957 annott.
500 1923 539 1954 in
574 1921 651 1956 cic.
675 1921 797 1966 Epist.
827 1923 912 1961 165;
950 1920 996 1954 ad
1029 1920 1072 1954 T.
1099 1919 1243 1953 Titium
1269 1919 1437 1965 Pompeii
1464 1920 1520 1954 le-

54 1974 195 2013 gatum,
217 1969 282 2002 cui
305 1969 487 2015 inscripta
511 1976 566 2003 est
594 1981 654 2014 ep.
681 1971 726 2004 75
751 1969 837 2002 libr.
864 1968 954 2002 XIII
979 1967 1033 2008 (h.
1049 1967 1104 2002 ed.
1127 1968 1278 2011 ep.181)
1302 1967 1519 2011 Ernestius3

52 2016 99 2049 ad
122 2016 215 2050 alios
249 2017 328 2058 alii,
363 2023 405 2050 ut
440 2016 705 2053 Schmiederus
741 2017 781 2050 in
818 2015 939 2050 libro:
978 2016 1084 2049 hist.
1116 2015 1301 2060 philol.
1335 2015 1517 2049 Bemer-

17 2066 18 2085 ἰ
53 2063 249 2112 kungen
282 2077 367 2098 zur
399 2064 499 2099 Eri.
532 2065 618 2099 der
650 2064 775 2098 Briefe
813 2064 889 2097 Cic.
923 2075 958 2109 p.
993 2065 1075 2098 330.
1117 2062 1162 2095 ad
1195 2063 1358 2106 equitem
1391 2063 1517 2097 nescio

17 2124 18 2130 ¹
51 2122 164 2157 quem
190 2112 408 2154 Romanum,
435 2112 626 2146 Ciceronis
652 2111 890 2145 familiarem.
948 2112 991 2145 In
1020 2110 1172 2155 scriptis
1206 2110 1315 2143 libris
1349 2111 1442 2145 meis
1477 2117 1514 2145 et

18 2181 19 2211 3
51 2159 92 2192 in
125 2159 317 2205 impressis
348 2160 537 2195 veteribus
571 2169 799 2205 praenomen
831 2170 907 2193 non
936 2158 1097 2192 additur.
1151 2158 1226 2192 Titi
1256 2158 1382 2199 fuisse,
1421 2157 1515 2191 hau-

18 2219 19 2245 }
53 2212 152 2240 stum
176 2219 197 2240 a
223 2207 369 2252 syllaba
396 2214 586 2252 sequente,
613 2219 686 2242 non
710 2207 808 2240 mala
835 2207 1048 2241 coniectura
1086 2212 1141 2240 est
1167 2205 1335 2242 Weiskii
1368 2218 1403 2251 p.
1433 2207 1511 2241 134.

53 2254 535 2290 MARTYNI-LAGUNA.

146 2304 179 2336 1.
206 2302 351 2346 longius
374 2314 398 2337 a
422 2304 540 2337 zob
566 2303 780 2350 Mart-Lag.
809 2322 851 2328 —
877 2302 991 2336 statui
1015 2316 1063 2334 z
1087 2301 1227 2346 putavi.

144 2351 178 2385 2.
204 2350 300 2393 lege,
327 2351 546 2385 conditione.
583 2370 625 2377 -·-
654 2350 842 2394 proposita
868 2362 916 2380 z
942 2349 1121 2395 exposita.
1150 2368 1190 2373 —
1225 2347 1414 2392 possimus.
1449 2348 1513 2383 Sic

50 2396 123 2430 Md.
150 2396 244 2432 vict.
273 2401 303 2432 1.
330 2400 363 2434 2.
392 2399 526 2433 Graev.
552 2399 645 2433 Ern.
666 2399 884 2446 Mam-Lag.
905 2408 1089 2441 possumus
1114 2398 1230 2442 Neap.
1256 2396 1341 2430 Asc.
1354 2399 1385 2431 l.
1411 2395 1512 2431 Crat.

50 2444 176 2479 Lamb.
203 2446 336 2480 Bened.
362 2446 449 2481 Sch.
475 2447 566 2481 Liin.
594 2447 668 2480 OR.
716 2465 757 2471 —
807 2446 940 2479 eventis
965 2472 972 2478 .
1000 2471 1008 2478 .
1035 2445 1249 2488 repetendis,
1284 2443 1410 2478 indem
1435 2444 1513 2479 wir

50 2492 110 2525 die
135 2492 358 2527 Schicksale
384 2495 554 2530 Anderer
579 2495 619 2528 in
644 2505 757 2528 unser
781 2493 1026 2528 Ged'aichtniss
1051 2492 1320 2526 zuruckrufen.
1348 2512 1390 2518 —
1426 2492 1512 2527 novi

48 2540 160 2573 nobis.
209 2540 271 2574 Sic
297 2542 366 2575 Md.
394 2543 489 2577 Victi
518 2546 551 2576 1.
579 2544 613 2577 2.
641 2542 743 2575 nobis
765 2542 848 2575 novi
874 2542 972 2576 Cett.
1006 2541 1079 2575 ΟΒ.

141 2590 174 2623 3.
202 2590 464 2634 memoriaeque
486 2595 520 2623 et
547 2590 665 2624 literis
690 2590 788 2623 Crat.
814 2590 941 2622 Lamb.
968 2589 1047 2622 ³012.
1075 2606 1116 2612 —
1153 2585 1396 2631 perturbatio.
1448 2583 1512 2619 Sic

50 2634 122 2668 Md.
148 2637 230 2672 Asc.
258 2640 291 2671 1.
327 2638 428 2673 Crat.
454 2638 550 2672 Vict.
574 2641 605 2672 1.
632 2639 662 2673 2.
701 2635 828 2671 Lamb.
854 2636 987 2671 Bened.
1012 2634 1181 2680 probatio
1206 2636 1321 2679 Neap.
1343 2633 1511 2678 prolatio

45 2681 183 2719 Graev.
210 2685 302 2718 Ern.
328 2687 545 2733 Maru-Lag.
582 2685 668 2718 Sch.
694 2686 789 2718 ίιίὶη.
817 2685 913 2719 miro
954 2694 1096 2721 errore,
1131 2693 1153 2714 e
1176 2683 1385 2727 scripturae
1410 2691 1511 2715 com-

46 2730 184 2771 pendio
211 2739 309 2767 nato.
345 2733 414 2765 ΘΗ.

1027 2782 1119 2824 25*
