1795 3086
384 447 471 506 M.
543 447 1463 512 'nelcEROle

180 552 271 637 E
370 551 460 636 P
549 554 599 636 Ι
691 548 761 636 S
851 553 941 636 T
1030 556 1119 638 0
1215 557 1300 640 L
1397 558 1484 641 A
1582 557 1671 642 E

458 690 646 740 ANNO
680 691 772 740 ΕΤ
805 690 1045 741 MENSE
1091 693 1396 743 INCERTO

336 783 540 827 INTRA
587 783 640 826 A.
689 784 746 826 U.
795 783 847 826 C.
897 784 1136 828 DCCVII.
1185 788 1274 830 ET
1321 787 1509 831 DCCX.

769 878 1077 909 SCRIPTAE.

366 1047 685 1092 EPISTOLA
713 1049 979 1092 DCLVIII.
1037 1052 1113 1101 (ad
1143 1051 1248 1094 Div.
1278 1052 1365 1095 IX.
1397 1052 1484 1102 21.)

721 1126 802 1160 Ser.
837 1137 939 1160 anno
973 1125 1133 1162 incerto.

178 1192 355 1228 Fulmina
388 1192 591 1226 verborum
626 1194 762 1227 Paetus
808 1193 984 1228 Ciceroni
1024 1195 1236 1237 tribuerat,
1280 1206 1373 1239 quae
1408 1195 1549 1229 imitari
1593 1208 1671 1230 non

178 1249 326 1290 posset,
352 1241 452 1288 quod
475 1241 603 1276 ridens
629 1242 815 1275 confutat.
844 1245 876 1276 l.
904 1243 1020 1275 etiam
1047 1244 1146 1288 quod
1165 1243 1339 1290 Papirios
1360 1244 1454 1278 ullos
1472 1251 1672 1290 negaverat

654 1290 730 1323 nisi
753 1291 923 1336 plebeios
949 1291 1080 1325 fuisse.
1106 1293 1196 1328 2-3.

708 1377 894 1412 CICERO
920 1377 1081 1413 PAETO
1107 1379 1144 1413 S.

178 1442 310 1509 Ain’
338 1464 542 1507 tandem?
582 1464 777 1507 insanire
805 1466 885 1507 tibi
913 1466 1108 1521 videris,
1152 1467 1271 1522 quod
1311 1466 1485 1508 imitere
1513 1467 1669 1507 verbo-

178 1537 279 1564 rum
321 1535 546 1574 meorum,
592 1526 641 1563 ut
680 1522 864 1574 scribis,
914 1523 1129 1565 fulmina?
1185 1524 1304 1565 Tum
1342 1523 1580 1574 insanires,
1627 1524 1667 1563 si

178 1579 391 1633 consequi
429 1592 516 1620 non
554 1591 729 1632 posses:
777 1592 911 1632 quum
941 1594 1047 1621 vero
1076 1580 1208 1622 etiam
1238 1580 1416 1632 vincas,
1446 1592 1517 1620 me
1546 1579 1669 1633 prius

177 1635 394 1686 irrideas,
423 1648 555 1689 quam
583 1639 653 1686 te,
693 1640 880 1689 oportet.
946 1636 1099 1686 Quare
1128 1637 1239 1677 nihil
1268 1637 1350 1677 tibi
1379 1648 1488 1689 opus
1519 1638 1587 1676 est
1616 1635 1668 1675 il-

176 1691 256 1733 lud
285 1704 312 1733 a
339 1692 543 1742 Trabea,
585 1691 662 1731 sed
691 1691 838 1745 potius
867 1689 1097 1742 οἷπότευγμα
1125 1706 1286 1733 meum.
1347 1691 1667 1732 Verumtamen

177 1747 285 1804 quid
312 1747 394 1789 tibi
422 1761 504 1801 ego
533 1747 578 1787 in
616 1746 814 1801 epistolis
853 1747 1034 1789 videor?
1072 1762 1214 1789 nonne
1252 1748 1426 1803 plebeio
1467 1760 1669 1788 sermone

176 1817 311 1859 agere
338 1803 511 1845 tecum?
550 1801 649 1844 Nec
668 1804 786 1844 enim
816 1817 989 1857 semper
1018 1805 1175 1846 eodem
1204 1804 1350 1845 modo.
1410 1801 1532 1851 Quid
1551 1803 1667 1844 enim

176 1860 322 1902 simile
350 1859 485 1901 habet
513 1859 699 1913 epistola
729 1863 803 1901 aut
832 1860 999 1902 iudicio
1029 1866 1104 1903 aut
1133 1859 1365 1903 concioni?
1420 1859 1540 1908 Quin
1570 1860 1669 1913 ipsa

321 2015 505 2051 PAETO.
532 2015 570 2051 S.
597 2029 648 2051 zu
673 2028 731 2063 ep.
760 2018 830 2053 246
857 2017 907 2053 im
933 2018 1023 2050 Ans.
1049 2017 1133 2053 474.

275 2066 307 2099 1.
334 2064 413 2098 Ain
439 2064 595 2108 tandem,
627 2065 676 2099 ist
709 2066 774 2099 das
801 2067 897 2099 Dein
924 2065 1064 2099 Ernst?
1100 2086 1143 2091 -
1168 2064 1356 2108 fulmina,
1389 2064 1501 2110 βέλη,
1535 2066 1663 2100 Krast-

176 2119 313 2147 worte.
349 2131 395 2138 —
433 2114 554 2147 Quare
585 2138 593 2145 .
631 2138 640 2146 .
674 2110 943 2160 ἀπότευγμα
977 2125 1113 2156 meum,
1150 2114 1212 2147 die
1249 2126 1322 2148 von
1348 2115 1416 2148 Dir
1442 2117 1479 2148 in
1506 2113 1664 2148 Deinem

176 2162 307 2195 Briefe
332 2172 419 2194 zum
444 2161 629 2204 Beweise‚
668 2162 749 2196 dass
785 2164 845 2196 Du
878 2163 939 2195 die
973 2162 1095 2195 Blitze
1130 2163 1272 2196 meiner
1297 2164 1434 2195 warte
1460 2163 1665 2207 vergebens

175 2208 466 2244 nachzuahmen
494 2210 727 2251 versuchest‚
755 2222 1019 2257 angezogenen
1046 2213 1164 2244 Verse
1196 2211 1258 2244 des
1291 2211 1489 2245 Komikers
1516 2212 1665 2245 Trabea

174 2258 272 2293 thun
298 2259 378 2291 3150
403 2258 478 2290 Dir
504 2258 614 2291 nicht
639 2259 763 2300 Noth,
789 2271 917 2304 passen
943 2260 1021 2292 also
1046 2260 1154 2292 nicht
1178 2261 1247 2293 auf
1271 2259 1394 2297 Dich,
1422 2260 1560 2295 treffen
1587 2260 1665 2293 also

174 2307 286 2341 nicht
299 2305 419 2345 Dich3
446 2307 610 2339 sondern
629 2307 693 2340 das
703 2309 923 2353 Misslingen
940 2309 990 2340 ist
1005 2309 1072 2342 auf
1085 2308 1230 2341 meiner
1247 2307 1357 2341 Seite.
1386 2305 1617 2353 ἀπότευγμ
1627 2321 1664 2349 α,

173 2355 386 2396 aberratio,
412 2354 545 2387 infelix
573 2367 782 2399 successus,
808 2358 893 2402 quia
919 2368 992 2389 non
1018 2368 1193 2401 assequor
1219 2356 1277 2397 id,
1312 2357 1412 2402 quod
1440 2357 1571 2401 cupio,
1599 2357 1664 2390 sed

174 2417 197 2438 a
222 2412 260 2438 te
285 2404 439 2449 vincopg
465 2409 508 2437 tu
534 2403 634 2437 enim
660 2405 808 2447 omnia,
836 2417 932 2451 quae
957 2406 1032 2448 vis,
1068 2406 1326 2450 consequeris,
1362 2406 1461 2451 quod
1489 2416 1559 2450 ego
1585 2416 1663 2438 non

173 2464 337 2498 possum.
388 2452 494 2485 Uber
519 2451 589 2484 den
625 2453 805 2487 Komiker
836 2454 1004 2495 Trabea,
1044 2465 1119 2486 von
1154 2454 1340 2487 welchem
1373 2454 1442 2487 wir
1466 2465 1535 2486 nur
1561 2454 1664 2486 noch

174 2502 401 2549 Fragmente
433 2500 574 2542 haben,
610 2513 636 2534 s.
672 2502 718 2534 de
752 2502 904 2536 Finibb.
932 2504 981 2542 11,
1009 2502 1042 2535 4.
1065 2503 1214 2536 Tuscul.
1241 2503 1310 2543 IV,
1335 2504 1392 2536 31.
1419 2503 1540 2546 Sedig.
1565 2501 1665 2547 apud

176 2550 347 2583 Gellium
373 2549 455 2589 XV,
482 2550 541 2584 24.
568 2567 614 2572 —-
641 2550 766 2584 videor
787 2551 865 2584 scil.
893 2562 1026 2595 agere,
1055 2549 1211 2589 „indess
1237 2550 1307 2583 wie
1334 2550 1478 2583 k'omm‘
1505 2550 1566 2583 ich
1592 2551 1663 2582 Dir

176 2599 216 2632 in
242 2597 390 2631 meinen
418 2597 570 2630 Briefen
597 2599 723 2631 vor'?“
752 2618 794 2622 ——
829 2599 921 2642 pleb.
954 2609 1116 2632 sermone
1144 2609 1206 2641 ag.
1245 2602 1331 2638 lest,
1367 2599 1405 2631 in
1435 2600 1501 2632 der
1529 2597 1663 2630 Volks-

176 2645 359 2691 sprache,
386 2645 553 2690 Sprache
579 2646 643 2678 des
671 2647 958 2695 gew'dhnlichen
980 2648 1122 2680 hebens
1147 2647 1250 2680 mich
1276 2649 1345 2680 mit
1364 2648 1434 2680 Dir
1459 2659 1504 2679 zu
1530 2653 1661 2679 unter-

177 2694 335 2728 halten'?
362 2711 406 2718 -—
433 2695 510 2727 Nec
535 2700 685 2737 tamen,
723 2696 859 2728 iedoch
885 2696 1003 2728 nicht.
1040 2714 1085 2720 —-
1123 2695 1259 2729 iudicio
1285 2700 1347 2728 ant
1372 2694 1556 2734 concioni,
1593 2695 1663 2727 mit

177 2744 286 2777 einer
310 2740 589 2788 gerichtlichen
621 2743 916 2792 Vertheidigung
942 2743 1031 2778 oder
1057 2743 1159 2778 Rode
1185 2748 1260 2778 an's
1279 2744 1397 2787 Volk,
1426 2758 1473 2775 1:
1499 2743 1664 2777 orationi
