1795 3086
230 58 547 105 EPISTOLA
578 57 982 102 DCCLXXVIII.
1014 59 1367 105 DCCLXXIX.
1483 64 1513 110 2
1527 64 1573 112 Η

79 173 189 229 quid
218 172 347 215 dete
376 170 627 214 honorifice
666 169 910 217 diceretur,
952 186 1022 214 me
1060 185 1147 214 non
1187 174 1355 216 adesse.
1414 175 1573 232 Itaque

79 232 125 271 in
154 233 354 271 senatum
387 227 657 270 venimane.
720 225 856 275 Quod
884 241 1018 280 quum
1048 233 1166 271 esset
1195 231 1570 287 animadversum,

14 302 18 304 ·
81 284 437 340 frequentissimi
465 288 695 325 senatores
726 288 1042 324 convenerunt.
1113 285 1240 335 Quae
1267 287 1324 328 de
1354 292 1399 330 te
1426 289 1472 329 in
1502 303 1572 331 se-

80 346 188 383 natu
217 342 403 397 egerim,
434 352 547 394 quae
577 338 625 378 in
654 338 873 379 concione
903 340 1100 380 maxima
1129 340 1344 396 dixerim,
1373 344 1571 387 alioruin

79 403 124 439 te
153 397 302 439 literis
331 397 450 438 malo
479 406 765 449 cognoscere.
824 393 952 434 Illud
992 394 1075 435 tibi
1113 399 1384 448 persuadeas
1412 401 1569 451 velim,

78 466 150 494 me
179 453 341 503 omnia,
392 464 505 507 quae
544 449 602 491 ad
644 454 766 491 tuam
795 448 1064 504 dignitatem
1095 454 1341 504 augendam
1371 458 1570 510 pertine-

78 510 202 562 bunt,
240 521 354 563 quae
382 511 450 550 est
479 519 561 562 per
587 518 636 547 se
666 504 959 559 amplissima,
1003 519 1174 548 summo
1214 522 1390 564 semper
1418 514 1571 556 studio

79 570 386 619 suscepturum
437 568 482 605 et
529 561 840 603 defensurum:
888 561 1009 617 quod
1049 575 1315 618 quamquam
1362 567 1573 624 intelligo

80 634 149 662 me
178 634 276 662 cum
304 620 461 662 multis
492 632 589 661 esse
628 618 867 669 facturum,
918 622 1065 660 tamen
1103 623 1308 673 appetam
1337 620 1471 666 huius
1503 626 1571 667 rei

81 677 393 732 principatum.

232 888 551 932 EPISTOLA
580 887 939 931 DCCLXXIX.
998 889 1076 942 (ad
1105 889 1213 933 Div.
1244 888 1330 932 XI.
1362 890 1424 940 7.)

201 963 282 998 Ser.
309 964 448 998 Romae
474 968 635 998 exeunte
660 962 865 998 Decembri
890 963 935 997 A.
964 963 1007 996 U.
1035 962 1075 1000 C.
1104 965 1186 999 710.
1220 965 1268 1006 (a.
1295 965 1335 1000 C.
1363 966 1440 1009 44.)

82 1030 232 1075 Suadet,
260 1032 374 1068 nesin
399 1030 521 1065 salute
547 1029 682 1076 populi
708 1030 866 1064 Romani
892 1037 1041 1065 senatus
1074 1033 1339 1068 auctoritatem
1367 1040 1572 1080 exspectet,

330 1079 409 1122 sed,
436 1078 536 1124 quod
561 1078 634 1112 sibi
659 1084 806 1112 rectum
834 1078 1020 1120 videatur,
1046 1080 1170 1114 saciat.
1207 1083 1312 1117 1—3.

274 1152 320 1185 M.
347 1149 526 1185 CICERO
554 1148 591 1184 S.
629 1150 672 1184 D.
698 1151 742 1184 D.
770 1149 931 1185 BRUTO
966 1150 1062 1184 11le.
1090 1150 1190 1187 COS.
1217 1152 1382 1188 DESIG.

196 1219 344 1269 Quum
374 1216 656 1258 adhibuisset
699 1216 822 1258 domi
851 1230 975 1258 meae
1004 1216 1155 1273 Lupus
1185 1234 1256 1261 me
1284 1226 1328 1263 et
1356 1221 1574 1264 Libonem

84 1279 127 1318 et
155 1274 375 1326 Servium,
405 1272 723 1314 consobrinum
752 1278 893 1319 tuum,
940 1287 1053 1328 quae
1092 1288 1191 1315 mea
1227 1276 1368 1319 fuerit
1397 1283 1573 1320 sentenm

85 1333 165 1384 tia,
195 1342 412 1384 cognosse
442 1333 485 1369 te
516 1341 575 1369 ex
606 1328 671 1369 M.
703 1327 808 1369 Seio
839 1329 1048 1381 arbitror,
1087 1332 1163 1385 qui
1194 1336 1348 1374 nostro
1378 1337 1573 1376 sermoni

83 1386 301 1430 interfuit.
357 1384 568 1440 Reliqua,
617 1397 883 1439 quamquam
932 1386 1085 1426 statim
1124 1386 1279 1430 Seium
1316 1389 1572 1437 ,Graeceius

86 1447 153 1485 est
190 1443 469 1495 subsecutus,
522 1444 669 1482 tamen
711 1454 766 1482 ex
806 1441 1027 1483 Graeceio
1077 1443 1248 1498 poteris
1290 1458 1572 1501 cognoscere.

8 1635 13 1674 ζ’
87 1663 233 1692 testate.
283 1656 362 1691 Cfr.
389 1655 560 1702 Philipp.
587 1657 650 1698 lv,
686 1668 717 1691 c.
744 1659 778 1693 3.
815 1657 857 1690 V.
889 1658 952 1691 VI.
1002 1676 1045 1683 —
1096 1658 1242 1703 siquid
1267 1685 1275 1693 .
1304 1686 1313 1693 .
1344 1685 1351 1695 .
1379 1662 1583 1697 diceretum

87 1715 204 1742 wenn
227 1704 326 1740 auch
352 1705 495 1738 Deiner
520 1704 591 1739 mit
616 1704 764 1748 Ehren,
790 1704 862 1740 mit
888 1705 1016 1740 Ruhm
1040 1706 1204 1753 gedacht
1229 1708 1376 1743 wiirde.

181 1755 216 1789 3.
268 1753 421 1796 egerim,
447 1752 686 1793 verhandelt,
711 1759 969 1801 vorgetragen
993 1753 1111 1794 habe3
1136 1755 1308 1789 n'aimlich
1333 1756 1375 1790 in
1395 1758 1463 1792 der
1479 1758 1575 1793 drit-

88 1808 154 1837 ten
179 1799 473 1847 Philippischen
498 1801 614 1836 Rede.
651 1820 694 1826 -
732 1802 771 1835 in
797 1803 968 1836 concione
993 1802 1167 1844 maxima,
1197 1803 1237 1836 in
1264 1803 1331 1838 der·
1356 1805 1579 1841 zahlreich-

85 1857 170 1885 sten
194 1849 621 1897 Volksversammlung3
666 1860 739 1885 vor
775 1849 949 1885 welcher
980 1861 1023 1885 er
1054 1850 1115 1884 die
1152 1851 1278 1886 vierte
1315 1852 1578 1900 Philippische

13 1916 17 1944 3
88 1898 191 1933 Rede
214 1897 324 1932 hielt.
372 1916 416 1922 --
463 1898 709 1942 defensurum,
737 1898 963 1933 verfechten
989 1899 1132 1942 werde,
1158 1899 1195 1934 d.
1223 1900 1247 1933 i.
1275 1899 1578 1938 ‹lurchzusetzen

15 1954 17 1987 ξ
88 1945 232 1981 suchen
256 1945 402 1981 werde.
430 1963 472 1970 -
501 1957 582 1980 cum
606 1947 734 1980 multis
759 1947 782 1979 i.
812 1958 842 1980 e.
869 1947 956 1992 quia
982 1947 1095 1980 multi
1120 1954 1220 1990 sunt,
1247 1949 1313 1993 qui
1339 1956 1424 1985 tuae
1451 1951 1578 2000 digni-

14 2017 19 2038 <
89 1994 161 2030 tati
185 1995 336 2028 faveant
362 2005 518 2039 eamque
546 1995 762 2029 defendant.
805 1995 918 2038 „dass
951 1995 1066 2032 Viele
1103 1996 1175 2030 mit
1210 1997 1287 2030 mir
1320 1997 1428 2032 darin
1465 2007 1580 2039 wett-

14 2051 16 2060 ’
88 2043 213 2077 eifern
237 2042 434 2077 werden.“
459 2061 500 2066 —
527 2043 772 2087 principatum
798 2044 822 2076 i.
853 2055 883 2078 e.
911 2054 977 2089 ego
1004 2043 1096 2078 dabo
1122 2055 1291 2090 operam,
1328 2053 1370 2081 ut
1400 2048 1471 2089 sim
1499 2049 1580 2094 pri-

87 2102 170 2124 mus
195 2090 373 2125 defensor
397 2097 482 2125 tuae
507 2090 722 2138 dignitatis,
764 2103 803 2127 so
841 2091 929 2127 will
954 2091 1020 2126 ich
1045 2092 1150 2126 mich
1176 2093 1274 2128 doch
1299 2094 1487 2131 bemiihen
1511 2097 1580 2132 der

18 2183 20 2187 .
89 2139 202 2174 Erste
227 2145 342 2174 unter
365 2138 487 2173 ihnen
512 2152 562 2174 zu
587 2139 679 2174 sein.

184 2213 219 2246 1.
268 2210 454 2255 Libonem,
493 2211 696 2247 Graeterus
726 2219 835 2259 putat
869 2212 1109 2248 Scribonium
1142 2214 1340 2258 Libonem,
1376 2216 1578 2252 Annalium

18 2267 22 2290 t
92 2258 336 2305 scriptorem.
368 2259 452 2294 Vid.
479 2271 539 2306 ep.
567 2261 613 2294 ad
638 2260 756 2296 Attio.
781 2262 887 2305 XIII,
914 2264 973 2298 30.
1008 2263 1091 2296 Imo
1124 2262 1401 2312 intelligendus
1440 2273 1497 2300 est
1523 2278 1580 2300 so-

91 2316 158 2340 cer
182 2305 289 2342 Sexti
313 2307 496 2353 Pompeii.
534 2308 620 2344 vid.
657 2309 704 2343 ad
727 2310 864 2344 Famil.
889 2311 923 2350 I,
952 2313 983 2345 1.
1018 2310 1102 2352 VII,
1129 2311 1163 2345 4.
1191 2314 1246 2348 12.
1298 2331 1340 2337 -
1391 2313 1580 2356 Servium,

91 2352 201 2388 wohl
227 2354 380 2389 Servius
406 2355 599 2402 Sulpicius
626 2356 760 2397 Galba,
797 2358 866 2393 der
901 2359 1180 2406 Urgrossvater
1218 2360 1282 2395 des
1316 2360 1583 2410 nachherigen

91 2402 241 2436 Kaisers
277 2402 407 2437 Galba.
458 2403 494 2439 S.
529 2417 577 2439 zu
611 2415 670 2451 ep.
698 2406 780 2442 810.
816 2406 869 2440 im
894 2408 997 2445 Anf.‚
1030 2407 1076 2440 ad
1102 2407 1240 2442 Famil.
1275 2408 1338 2450 VJ,
1367 2411 1422 2444 18.
1454 2409 1498 2451 X,
1523 2411 1582 2446 3⁰.

92 2449 263 2495 Philipp.
276 2450 441 2495 xl11‚15.
467 2472 510 2478 --
538 2454 713 2497 consobr„
738 2453 956 2490 denNeffen
967 2456 1274 2491 Deinerfflutter.
1290 2457 1582 2503 —adliz'buisset‚

90 2508 141 2531 zu
166 2497 298 2538 Rathe,
337 2510 424 2532 zum
450 2500 700 2546 Kriegsrathe
732 2513 904 2551 gezogen
937 2502 1055 2538 hatte.
1108 2523 1150 2529 —
1203 2505 1260 2540 M.
1291 2505 1391 2548 Seio,
1433 2506 1509 2540 wie
1544 2518 1584 2541 es

91 2544 259 2587 scheint‚
285 2545 348 2579 ein
373 2547 493 2595 Legat
518 2549 581 2583 des
616 2551 661 2584 D.
688 2549 835 2585 Brutus.
897 2551 1108 2586 Entweder
1140 2552 1190 2586 ist
1224 2564 1261 2586 es
1295 2552 1362 2587 der
1394 2553 1441 2588 de
1472 2553 1582 2590 offic.

92 2593 145 2636 11,
172 2596 228 2628 17.
254 2593 380 2628 Plane.
405 2597 438 2630 5.
464 2596 510 2629 ad
535 2597 669 2631 Famil.
698 2598 762 2641 IX,
788 2600 821 2633 7.
848 2598 945 2635 Plin.
971 2600 1048 2643 XV,
1079 2602 1111 2634 l.
1138 2600 1348 2643 erw'eihntcn
1381 2601 1474 2636 odei·
1499 2602 1584 2637 des-

93 2652 160 2676 sen
185 2640 302 2676 Sohn.
349 2642 435 2690 Vgl.
462 2644 509 2677 ad
534 2645 651 2680 Attio.
676 2646 763 2687 XII,
789 2648 847 2681 11.
883 2666 926 2672 -
959 2649 1178 2690 subsecutus,
1207 2648 1389 2696 obgleich
1417 2661 1460 2684 er
1484 2650 1583 2684 kurz

27 2716 30 2734 ἱ
95 2688 194 2723 nach
218 2689 327 2724 Seius
353 2690 552 2726 abreisete.
601 2686 706 2729 Uber
730 2694 951 2737 Graeceius,
989 2697 1062 2731 den
1088 2696 1258 2743 Legaten
1291 2698 1384 2733 oder
1407 2698 1584 2734 tribunus

94 2737 263 2772 militum
289 2737 351 2773 bei
376 2740 420 2774 D.
447 2739 597 2783 Brutus,
623 2753 652 2776 s.
679 2753 738 2789 ep.
763 2743 847 2780 833.
873 2745 956 2787 719,
984 2746 1017 2781 2.

161 2817 222 2845 cic.
244 2818 347 2846 Brieso
367 2828 395 2845 v.
418 2819 542 2847 Billerb.
562 2820 615 2845 IV.
1114 2798 1172 2838 16
