<?xml version="1.0" encoding="UTF-8"?>
<!DOCTYPE html PUBLIC "-//W3C//DTD XHTML 1.0 Transitional//EN"
    "http://www.w3.org/TR/xhtml1/DTD/xhtml1-transitional.dtd">
<html xmlns="http://www.w3.org/1999/xhtml" xml:lang="en" lang="en">
 <head>
  <title>
</title>
<meta http-equiv="Content-Type" content="text/html;charset=utf-8" />
  <meta name='ocr-system' content='tesseract 3.04.00' />
  <meta name='ocr-capabilities' content='ocr_page ocr_carea ocr_par ocr_line ocrx_word'/>
</head>
<body>
  <div class='ocr_page' id='page_1' title='image "./epistolaeadattic04ciceuoft_0104.png"; bbox 0 0 1795 3086; ppageno 0'>
   <div class='ocr_carea' id='block_1_1' title="bbox 173 108 1371 173">
    <p class='ocr_par' dir='ltr' id='par_1_1' title="bbox 173 108 1371 173">
     <span class='ocr_line' id='line_1_1' title="bbox 173 108 1371 173; baseline -0.001 -1"><span class='ocrx_word' id='word_1_1' title='bbox 173 125 234 173; x_wconf 81' lang='lat'><strong>94</strong></span> <span class='ocrx_word' id='word_1_2' title='bbox 445 125 508 170; x_wconf 87' lang='lat' dir='ltr'><strong>M.</strong></span> <span class='ocrx_word' id='word_1_3' title='bbox 539 127 594 168; x_wconf 87' lang='lat' dir='ltr'><strong>T.</strong></span> <span class='ocrx_word' id='word_1_4' title='bbox 625 108 965 169; x_wconf 73' lang='lat' dir='ltr'><strong>eiCERole</strong></span> <span class='ocrx_word' id='word_1_5' title='bbox 994 123 1371 172; x_wconf 78' lang='lat' dir='ltr'><strong>EPISTOLAE.</strong></span> 
     </span>
    </p>
   </div>
   <div class='ocr_carea' id='block_1_2' title="bbox 106 237 1641 685">
    <p class='ocr_par' dir='ltr' id='par_1_2' title="bbox 169 237 1641 293">
     <span class='ocr_line' id='line_1_2' title="bbox 169 237 1641 293; baseline 0.001 -11"><span class='ocrx_word' id='word_1_6' title='bbox 169 239 283 283; x_wconf 77' lang='lat' dir='ltr'><strong>hoc?</strong></span> <span class='ocrx_word' id='word_1_7' title='bbox 323 237 445 290; x_wconf 78' lang='lat' dir='ltr'><strong>Quid</strong></span> <span class='ocrx_word' id='word_1_8' title='bbox 473 240 540 279; x_wconf 82' lang='lat' dir='ltr'><strong>est</strong></span> <span class='ocrx_word' id='word_1_9' title='bbox 567 239 737 288; x_wconf 83' lang='lat' dir='ltr'><strong>autem,</strong></span> <span class='ocrx_word' id='word_1_10' title='bbox 767 249 845 278; x_wconf 85' lang='lat' dir='ltr'><strong>cur</strong></span> <span class='ocrx_word' id='word_1_11' title='bbox 874 250 957 293; x_wconf 82' lang='lat' dir='ltr'><strong>ego</strong></span> <span class='ocrx_word' id='word_1_12' title='bbox 987 241 1245 291; x_wconf 77' lang='lat' dir='ltr'><strong>personatus</strong></span> <span class='ocrx_word' id='word_1_13' title='bbox 1273 239 1514 283; x_wconf 74' lang='lat' dir='ltr'><strong>ambulem?</strong></span> <span class='ocrx_word' id='word_1_14' title='bbox 1554 240 1641 284; x_wconf 87' lang='lat' dir='ltr'><strong>Pa-</strong></span> 
     </span>
    </p>

    <p class='ocr_par' dir='ltr' id='par_1_3' title="bbox 106 293 1640 685">
     <span class='ocr_line' id='line_1_3' title="bbox 106 293 1638 350; baseline -0.001 -11"><span class='ocrx_word' id='word_1_15' title='bbox 106 302 135 346; x_wconf 92' lang='lat'>5</span> <span class='ocrx_word' id='word_1_16' title='bbox 169 309 322 350; x_wconf 83' lang='lat' dir='ltr'><strong>rumne</strong></span> <span class='ocrx_word' id='word_1_17' title='bbox 361 293 493 336; x_wconf 78' lang='lat' dir='ltr'><strong>foeda</strong></span> <span class='ocrx_word' id='word_1_18' title='bbox 520 305 708 348; x_wconf 84' lang='lat' dir='ltr'><strong>persona</strong></span> <span class='ocrx_word' id='word_1_19' title='bbox 735 297 801 335; x_wconf 87' lang='lat' dir='ltr'><strong>est</strong></span> <span class='ocrx_word' id='word_1_20' title='bbox 828 294 970 348; x_wconf 84' lang='lat' dir='ltr'><strong>ipsius</strong></span> <span class='ocrx_word' id='word_1_21' title='bbox 998 293 1268 337; x_wconf 68' lang='lat' dir='ltr'><strong>senectutis?</strong></span> <span class='ocrx_word' id='word_1_22' title='bbox 1311 295 1444 345; x_wconf 78' lang='lat' dir='ltr'><strong>Quod</strong></span> <span class='ocrx_word' id='word_1_23' title='bbox 1473 296 1638 338; x_wconf 89' lang='lat' dir='ltr'><strong>Brutus</strong></span> 
     </span>
     <span class='ocr_line' id='line_1_4' title="bbox 167 347 1640 408; baseline -0.001 -13"><span class='ocrx_word' id='word_1_24' title='bbox 167 357 320 408; x_wconf 80' lang='lat' dir='ltr'><strong>rogat,</strong></span> <span class='ocrx_word' id='word_1_25' title='bbox 350 353 400 391; x_wconf 85' lang='lat' dir='ltr'><strong>ut</strong></span> <span class='ocrx_word' id='word_1_26' title='bbox 428 351 529 390; x_wconf 86' lang='lat' dir='ltr'><strong>ante</strong></span> <span class='ocrx_word' id='word_1_27' title='bbox 556 347 804 399; x_wconf 79' lang='lat' dir='ltr'><strong>Kalendas3</strong></span> <span class='ocrx_word' id='word_1_28' title='bbox 845 350 902 390; x_wconf 85' lang='lat' dir='ltr'><strong>ad</strong></span> <span class='ocrx_word' id='word_1_29' title='bbox 931 362 1000 392; x_wconf 89' lang='lat' dir='ltr'><strong>me</strong></span> <span class='ocrx_word' id='word_1_30' title='bbox 1031 364 1205 406; x_wconf 89' lang='lat' dir='ltr'><strong>quoque</strong></span> <span class='ocrx_word' id='word_1_31' title='bbox 1234 352 1442 406; x_wconf 72' lang='lat' dir='ltr'><strong>scripsit:</strong></span> <span class='ocrx_word' id='word_1_32' title='bbox 1475 356 1520 395; x_wconf 88' lang='lat' dir='ltr'><strong>et</strong></span> <span class='ocrx_word' id='word_1_33' title='bbox 1548 352 1640 394; x_wconf 83' lang='lat' dir='ltr'><strong>for-</strong></span> 
     </span>
     <span class='ocr_line' id='line_1_5' title="bbox 165 403 1639 460; baseline -0.002 -8"><span class='ocrx_word' id='word_1_34' title='bbox 165 414 283 451; x_wconf 81' lang='lat' dir='ltr'><strong>tasse</strong></span> <span class='ocrx_word' id='word_1_35' title='bbox 313 405 488 447; x_wconf 85' lang='lat' dir='ltr'><strong>faciam.</strong></span> <span class='ocrx_word' id='word_1_36' title='bbox 549 403 638 446; x_wconf 82' lang='lat' dir='ltr'><strong>Sed</strong></span> <span class='ocrx_word' id='word_1_37' title='bbox 668 405 820 458; x_wconf 74' lang='lat' dir='ltr'><strong>plane,</strong></span> <span class='ocrx_word' id='word_1_38' title='bbox 849 406 957 460; x_wconf 87' lang='lat' dir='ltr'><strong>quid</strong></span> <span class='ocrx_word' id='word_1_39' title='bbox 985 406 1118 458; x_wconf 83' lang='lat' dir='ltr'><strong>velit,</strong></span> <span class='ocrx_word' id='word_1_40' title='bbox 1147 407 1311 448; x_wconf 86' lang='lat' dir='ltr'><strong>nescio.</strong></span> <span class='ocrx_word' id='word_1_41' title='bbox 1371 406 1490 457; x_wconf 86' lang='lat' dir='ltr'>Quid</span> <span class='ocrx_word' id='word_1_42' title='bbox 1523 409 1639 450; x_wconf 89' lang='lat' dir='ltr'><strong>enim</strong></span> 
     </span>
     <span class='ocr_line' id='line_1_6' title="bbox 166 460 1640 517; baseline -0.001 -10"><span class='ocrx_word' id='word_1_43' title='bbox 166 465 238 507; x_wconf 86' lang='lat' dir='ltr'><strong>illi</strong></span> <span class='ocrx_word' id='word_1_44' title='bbox 275 462 437 505; x_wconf 78' lang='lat' dir='ltr'><strong>afferre</strong></span> <span class='ocrx_word' id='word_1_45' title='bbox 473 460 651 502; x_wconf 83' lang='lat' dir='ltr'><strong>consilii</strong></span> <span class='ocrx_word' id='word_1_46' title='bbox 690 474 890 515; x_wconf 83' lang='lat' dir='ltr'><strong>possum,</strong></span> <span class='ocrx_word' id='word_1_47' title='bbox 935 475 1066 516; x_wconf 92' lang='lat' dir='ltr'><strong>quum</strong></span> <span class='ocrx_word' id='word_1_48' title='bbox 1106 462 1201 516; x_wconf 88' lang='lat' dir='ltr'><strong>ipse</strong></span> <span class='ocrx_word' id='word_1_49' title='bbox 1244 476 1395 517; x_wconf 82' lang='lat' dir='ltr'>egeam</span> <span class='ocrx_word' id='word_1_50' title='bbox 1436 465 1640 516; x_wconf 80' lang='lat' dir='ltr'><strong>consilio,</strong></span> 
     </span>
     <span class='ocr_line' id='line_1_7' title="bbox 165 516 1640 573; baseline -0.001 -11"><span class='ocrx_word' id='word_1_51' title='bbox 165 524 211 562; x_wconf 85' lang='lat' dir='ltr'><strong>et</strong></span> <span class='ocrx_word' id='word_1_52' title='bbox 240 530 374 573; x_wconf 86' lang='lat' dir='ltr'><strong>quum</strong></span> <span class='ocrx_word' id='word_1_53' title='bbox 402 516 484 558; x_wconf 89' lang='lat' dir='ltr'><strong>ille</strong></span> <span class='ocrx_word' id='word_1_54' title='bbox 511 529 614 558; x_wconf 89' lang='lat' dir='ltr'><strong>suae</strong></span> <span class='ocrx_word' id='word_1_55' title='bbox 643 517 970 558; x_wconf 80' lang='lat' dir='ltr'>immortalitati</span> <span class='ocrx_word' id='word_1_56' title='bbox 998 517 1153 559; x_wconf 88' lang='lat' dir='ltr'><strong>melius</strong></span> <span class='ocrx_word' id='word_1_57' title='bbox 1182 532 1313 573; x_wconf 88' lang='lat' dir='ltr'><strong>quam</strong></span> <span class='ocrx_word' id='word_1_58' title='bbox 1355 523 1506 561; x_wconf 85' lang='lat' dir='ltr'><strong>nostro</strong></span> <span class='ocrx_word' id='word_1_59' title='bbox 1547 521 1640 561; x_wconf 88' lang='lat' dir='ltr'><strong>otio</strong></span> 
     </span>
     <span class='ocr_line' id='line_1_8' title="bbox 165 572 1639 628; baseline 0.001 -11"><span class='ocrx_word' id='word_1_60' title='bbox 165 573 470 617; x_wconf 67' lang='lat' dir='ltr'><strong>consuluerit?</strong></span> <span class='ocrx_word' id='word_1_61' title='bbox 506 572 579 613; x_wconf 92' lang='lat' dir='ltr'><strong>De</strong></span> <span class='ocrx_word' id='word_1_62' title='bbox 608 573 786 627; x_wconf 84' lang='lat' dir='ltr'><strong>regina,</strong></span> <span class='ocrx_word' id='word_1_63' title='bbox 824 585 976 613; x_wconf 92' lang='lat' dir='ltr'><strong>rumor</strong></span> <span class='ocrx_word' id='word_1_64' title='bbox 1004 573 1318 628; x_wconf 76' lang='lat' dir='ltr'><strong>exstinguetur.</strong></span> <span class='ocrx_word' id='word_1_65' title='bbox 1376 574 1449 618; x_wconf 89' lang='lat' dir='ltr'><strong>De</strong></span> <span class='ocrx_word' id='word_1_66' title='bbox 1488 575 1639 618; x_wconf 90' lang='lat' dir='ltr'><strong>Flam-</strong></span> 
     </span>
     <span class='ocr_line' id='line_1_9' title="bbox 165 627 961 685; baseline -0.006 -12"><span class='ocrx_word' id='word_1_67' title='bbox 165 643 262 685; x_wconf 89' lang='lat' dir='ltr'><strong>ma,</strong></span> <span class='ocrx_word' id='word_1_68' title='bbox 298 630 482 672; x_wconf 86' lang='lat' dir='ltr'><strong>obsecro</strong></span> <span class='ocrx_word' id='word_1_69' title='bbox 510 631 580 679; x_wconf 87' lang='lat' dir='ltr'><strong>te,</strong></span> <span class='ocrx_word' id='word_1_70' title='bbox 618 628 657 670; x_wconf 90' lang='lat' dir='ltr'><strong>si</strong></span> <span class='ocrx_word' id='word_1_71' title='bbox 687 627 793 682; x_wconf 91' lang='lat' dir='ltr'><strong>quid</strong></span> <span class='ocrx_word' id='word_1_72' title='bbox 821 630 961 682; x_wconf 84' lang='lat' dir='ltr'><strong>potes.</strong></span> 
     </span>
    </p>
   </div>
   <div class='ocr_carea' id='block_1_3' title="bbox 186 838 1616 1089">
    <p class='ocr_par' dir='ltr' id='par_1_4' title="bbox 186 838 1616 1089">
     <span class='ocr_line' id='line_1_10' title="bbox 319 838 1491 895; baseline -0.002 -9"><span class='ocrx_word' id='word_1_73' title='bbox 319 840 634 886; x_wconf 83' lang='lat' dir='ltr'><strong>EPISTOLA</strong></span> <span class='ocrx_word' id='word_1_74' title='bbox 665 838 925 884; x_wconf 85' lang='lat' dir='ltr'><strong>DCCVIII.</strong></span> <span class='ocrx_word' id='word_1_75' title='bbox 984 842 1062 895; x_wconf 90' lang='lat' dir='ltr'><strong>(ad</strong></span> <span class='ocrx_word' id='word_1_76' title='bbox 1096 844 1183 886; x_wconf 82' lang='lat' dir='ltr'><strong>Att.</strong></span> <span class='ocrx_word' id='word_1_77' title='bbox 1214 843 1320 886; x_wconf 89' lang='lat' dir='ltr'><strong>XV.</strong></span> <span class='ocrx_word' id='word_1_78' title='bbox 1353 847 1388 886; x_wconf 82' lang='lat'><strong>1.</strong></span> <span class='ocrx_word' id='word_1_79' title='bbox 1420 842 1491 894; x_wconf 88' lang='grc' dir='ltr'><strong>Β.)</strong></span> 
     </span>
     <span class='ocr_line' id='line_1_11' title="bbox 186 915 1616 961; baseline -0.002 -5"><span class='ocrx_word' id='word_1_80' title='bbox 186 919 269 956; x_wconf 78' lang='lat' dir='ltr'><strong>scr.</strong></span> <span class='ocrx_word' id='word_1_81' title='bbox 296 917 335 953; x_wconf 89' lang='lat' dir='ltr'><strong>in</strong></span> <span class='ocrx_word' id='word_1_82' title='bbox 359 917 582 953; x_wconf 79' lang='lat' dir='ltr'><strong>Sinuessano</strong></span> <span class='ocrx_word' id='word_1_83' title='bbox 607 927 643 950; x_wconf 83' lang='lat' dir='ltr'><strong>a.</strong></span> <span class='ocrx_word' id='word_1_84' title='bbox 672 915 710 952; x_wconf 85' lang='lat' dir='ltr'><strong>d.</strong></span> <span class='ocrx_word' id='word_1_85' title='bbox 738 917 819 951; x_wconf 91' lang='lat' dir='ltr'><strong>XV.</strong></span> <span class='ocrx_word' id='word_1_86' title='bbox 846 917 928 954; x_wconf 81' lang='lat' dir='ltr'><strong>Kal.</strong></span> <span class='ocrx_word' id='word_1_87' title='bbox 952 919 1030 952; x_wconf 89' lang='lat' dir='ltr'><strong>Iun.</strong></span> <span class='ocrx_word' id='word_1_88' title='bbox 1056 918 1099 954; x_wconf 82' lang='grc' dir='ltr'><strong>Α.</strong></span> <span class='ocrx_word' id='word_1_89' title='bbox 1126 919 1169 952; x_wconf 91' lang='lat' dir='ltr'><strong>U.</strong></span> <span class='ocrx_word' id='word_1_90' title='bbox 1195 918 1238 952; x_wconf 91' lang='lat' dir='ltr'><strong>C.</strong></span> <span class='ocrx_word' id='word_1_91' title='bbox 1266 921 1349 957; x_wconf 82' lang='lat'><strong>710.</strong></span> <span class='ocrx_word' id='word_1_92' title='bbox 1399 917 1449 961; x_wconf 86' lang='lat' dir='ltr'><strong>(a.</strong></span> <span class='ocrx_word' id='word_1_93' title='bbox 1476 918 1517 953; x_wconf 85' lang='lat' dir='ltr'><strong>C.</strong></span> <span class='ocrx_word' id='word_1_94' title='bbox 1542 918 1616 961; x_wconf 76' lang='lat'><strong>44.)</strong></span> 
     </span>
     <span class='ocr_line' id='line_1_12' title="bbox 233 982 1567 1032; baseline -0.002 -10"><span class='ocrx_word' id='word_1_95' title='bbox 233 987 293 1022; x_wconf 83' lang='lat' dir='ltr'><strong>De</strong></span> <span class='ocrx_word' id='word_1_96' title='bbox 317 985 435 1021; x_wconf 78' lang='lat' dir='ltr'><strong>Piliae</strong></span> <span class='ocrx_word' id='word_1_97' title='bbox 461 985 561 1020; x_wconf 84' lang='lat' dir='ltr'><strong>bona</strong></span> <span class='ocrx_word' id='word_1_98' title='bbox 585 982 823 1028; x_wconf 53' lang='lat' dir='ltr'><strong>valetudineff</strong></span> <span class='ocrx_word' id='word_1_99' title='bbox 845 984 892 1018; x_wconf 85' lang='lat' dir='ltr'><strong>de</strong></span> <span class='ocrx_word' id='word_1_100' title='bbox 908 985 1013 1020; x_wconf 83' lang='lat' dir='ltr'><strong>Bruti</strong></span> <span class='ocrx_word' id='word_1_101' title='bbox 1033 986 1205 1020; x_wconf 84' lang='lat' dir='ltr'><strong>oratione</strong></span> <span class='ocrx_word' id='word_1_102' title='bbox 1232 983 1451 1032; x_wconf 82' lang='lat' dir='ltr'><strong>Capitolina.</strong></span> <span class='ocrx_word' id='word_1_103' title='bbox 1481 984 1567 1021; x_wconf 89' lang='grc'><strong>1-2.</strong></span> 
     </span>
     <span class='ocr_line' id='line_1_13' title="bbox 660 1051 1136 1089; baseline -0.004 -1"><span class='ocrx_word' id='word_1_104' title='bbox 660 1052 848 1088; x_wconf 85' lang='lat' dir='ltr'>CICERO</span> <span class='ocrx_word' id='word_1_105' title='bbox 879 1051 1068 1089; x_wconf 83' lang='lat' dir='ltr'>ATTICO</span> <span class='ocrx_word' id='word_1_106' title='bbox 1100 1053 1136 1087; x_wconf 87' lang='lat' dir='ltr'><strong>S.</strong></span> 
     </span>
    </p>
   </div>
   <div class='ocr_carea' id='block_1_4' title="bbox 268 1118 1634 1172">
    <p class='ocr_par' dir='ltr' id='par_1_5' title="bbox 268 1118 1634 1172">
     <span class='ocr_line' id='line_1_14' title="bbox 268 1118 1634 1172; baseline -0.001 -10"><span class='ocrx_word' id='word_1_107' title='bbox 268 1119 382 1162; x_wconf 87' lang='lat' dir='ltr'><strong>Heri</strong></span> <span class='ocrx_word' id='word_1_108' title='bbox 421 1119 631 1162; x_wconf 84' lang='lat' dir='ltr'><strong>dederam</strong></span> <span class='ocrx_word' id='word_1_109' title='bbox 667 1118 724 1160; x_wconf 86' lang='lat' dir='ltr'><strong>ad</strong></span> <span class='ocrx_word' id='word_1_110' title='bbox 762 1123 806 1161; x_wconf 89' lang='lat' dir='ltr'><strong>te</strong></span> <span class='ocrx_word' id='word_1_111' title='bbox 837 1119 990 1161; x_wconf 83' lang='lat' dir='ltr'><strong>literas</strong></span> <span class='ocrx_word' id='word_1_112' title='bbox 1020 1120 1174 1161; x_wconf 87' lang='lat' dir='ltr'><strong>exiens</strong></span> <span class='ocrx_word' id='word_1_113' title='bbox 1203 1133 1227 1161; x_wconf 89' lang='lat' dir='ltr'><strong>e</strong></span> <span class='ocrx_word' id='word_1_114' title='bbox 1254 1120 1526 1172; x_wconf 84' lang='lat' dir='ltr'><strong>Puteolano,</strong></span> <span class='ocrx_word' id='word_1_115' title='bbox 1567 1119 1634 1160; x_wconf 89' lang='lat' dir='ltr'><strong>di-</strong></span> 
     </span>
    </p>
   </div>
   <div class='ocr_carea' id='block_1_5' title="bbox 351 1223 470 1226">
    <p class='ocr_par' dir='ltr' id='par_1_6' title="bbox 351 1223 470 1226">
     <span class='ocr_line' id='line_1_15' title="bbox 351 1223 470 1226; baseline 0 0"><span class='ocrx_word' id='word_1_116' title='bbox 351 1223 470 1226; x_wconf 95' lang='lat' dir='ltr'><strong> </strong></span> 
     </span>
    </p>
   </div>
   <div class='ocr_carea' id='block_1_6' title="bbox 169 1222 350 1230">
    <p class='ocr_par' dir='ltr' id='par_1_7' title="bbox 169 1222 350 1230">
     <span class='ocr_line' id='line_1_16' title="bbox 169 1222 350 1230; baseline 0 0"><span class='ocrx_word' id='word_1_117' title='bbox 169 1222 350 1230; x_wconf 95' lang='lat' dir='ltr'><strong> </strong></span> 
     </span>
    </p>
   </div>
   <div class='ocr_carea' id='block_1_7' title="bbox 151 1274 1677 2476">
    <p class='ocr_par' dir='ltr' id='par_1_8' title="bbox 153 1274 1677 1985">
     <span class='ocr_line' id='line_1_17' title="bbox 159 1274 1635 1322; baseline -0.001 -11"><span class='ocrx_word' id='word_1_118' title='bbox 159 1282 224 1319; x_wconf 83' lang='lat' dir='ltr'><strong>ut,</strong></span> <span class='ocrx_word' id='word_1_119' title='bbox 257 1277 358 1322; x_wconf 85' lang='lat' dir='ltr'><strong>quod</strong></span> <span class='ocrx_word' id='word_1_120' title='bbox 383 1276 575 1321; x_wconf 82' lang='lat' dir='ltr'><strong>sequitur,</strong></span> <span class='ocrx_word' id='word_1_121' title='bbox 614 1274 728 1309; x_wconf 86' lang='lat' dir='ltr'><strong>fuerit</strong></span> <span class='ocrx_word' id='word_1_122' title='bbox 753 1274 1016 1319; x_wconf 76' lang='lat' dir='ltr'><strong>interpretatio</strong></span> <span class='ocrx_word' id='word_1_123' title='bbox 1047 1275 1226 1321; x_wconf 83' lang='lat' dir='ltr'><strong>quaedam</strong></span> <span class='ocrx_word' id='word_1_124' title='bbox 1260 1275 1424 1310; x_wconf 84' lang='lat' dir='ltr'><strong>adiecta:</strong></span> <span class='ocrx_word' id='word_1_125' title='bbox 1464 1275 1548 1319; x_wconf 83' lang='lat' dir='ltr'><strong>quid</strong></span> <span class='ocrx_word' id='word_1_126' title='bbox 1582 1281 1635 1310; x_wconf 76' lang='lat' dir='ltr'><strong>est</strong></span> 
     </span>
     <span class='ocr_line' id='line_1_18' title="bbox 160 1322 1632 1363; baseline 0 -5"><span class='ocrx_word' id='word_1_127' title='bbox 160 1325 251 1359; x_wconf 78' lang='lat' dir='ltr'><strong>hoc?</strong></span> <span class='ocrx_word' id='word_1_128' title='bbox 276 1327 370 1358; x_wconf 85' lang='lat' dir='ltr'><strong>Nam</strong></span> <span class='ocrx_word' id='word_1_129' title='bbox 395 1325 433 1358; x_wconf 87' lang='lat' dir='ltr'><strong>in</strong></span> <span class='ocrx_word' id='word_1_130' title='bbox 462 1324 537 1358; x_wconf 89' lang='lat' dir='ltr'><strong>Md.</strong></span> <span class='ocrx_word' id='word_1_131' title='bbox 565 1323 660 1357; x_wconf 87' lang='lat' dir='ltr'><strong>Vict.</strong></span> <span class='ocrx_word' id='word_1_132' title='bbox 692 1322 970 1357; x_wconf 74' lang='lat' dir='ltr'><em>TOECTOTOY.</em></span> <span class='ocrx_word' id='word_1_133' title='bbox 999 1323 1037 1355; x_wconf 83' lang='lat' dir='ltr'><strong>in</strong></span> <span class='ocrx_word' id='word_1_134' title='bbox 1063 1324 1223 1358; x_wconf 84' lang='lat' dir='ltr'><strong>Crusell.</strong></span> <span class='ocrx_word' id='word_1_135' title='bbox 1254 1326 1311 1358; x_wconf 88' lang='lat' dir='ltr'><strong>TO</strong></span> <span class='ocrx_word' id='word_1_136' title='bbox 1335 1327 1401 1357; x_wconf 79' lang='grc' dir='ltr'><strong>ΕΚ</strong></span> <span class='ocrx_word' id='word_1_137' title='bbox 1428 1327 1515 1358; x_wconf 76' lang='grc' dir='ltr'><strong>ΤΟΥ</strong></span> <span class='ocrx_word' id='word_1_138' title='bbox 1537 1326 1632 1363; x_wconf 81' lang='grc' dir='ltr'><strong>ΤΟΥ.</strong></span> 
     </span>
     <span class='ocr_line' id='line_1_19' title="bbox 162 1370 1634 1416; baseline -0.001 -10"><span class='ocrx_word' id='word_1_139' title='bbox 162 1372 357 1408; x_wconf 76' lang='lat' dir='ltr'><strong>ORELLI.</strong></span> <span class='ocrx_word' id='word_1_140' title='bbox 384 1391 431 1397; x_wconf 91' lang='lat'><em>-</em></span> <span class='ocrx_word' id='word_1_141' title='bbox 457 1372 542 1416; x_wconf 79' lang='lat' dir='ltr'><strong>quid</strong></span> <span class='ocrx_word' id='word_1_142' title='bbox 566 1376 618 1405; x_wconf 81' lang='lat' dir='ltr'><strong>est</strong></span> <span class='ocrx_word' id='word_1_143' title='bbox 641 1370 735 1405; x_wconf 72' lang='lat' dir='ltr'><strong>hoc?</strong></span> <span class='ocrx_word' id='word_1_144' title='bbox 760 1371 862 1404; x_wconf 82' lang='lat' dir='ltr'><strong>Was</strong></span> <span class='ocrx_word' id='word_1_145' title='bbox 886 1371 959 1404; x_wconf 86' lang='lat' dir='ltr'><strong>will</strong></span> <span class='ocrx_word' id='word_1_146' title='bbox 984 1371 1047 1404; x_wconf 88' lang='lat' dir='ltr'><strong>das</strong></span> <span class='ocrx_word' id='word_1_147' title='bbox 1073 1372 1167 1404; x_wconf 83' lang='lat' dir='ltr'><strong>eben</strong></span> <span class='ocrx_word' id='word_1_148' title='bbox 1201 1371 1336 1416; x_wconf 79' lang='lat' dir='ltr'><strong>sagen‘?</strong></span> <span class='ocrx_word' id='word_1_149' title='bbox 1378 1373 1465 1405; x_wconf 79' lang='lat' dir='ltr'><strong>Was</strong></span> <span class='ocrx_word' id='word_1_150' title='bbox 1500 1373 1634 1406; x_wconf 89' lang='lat' dir='ltr'><strong>bewei-</strong></span> 
     </span>
     <span class='ocr_line' id='line_1_20' title="bbox 159 1419 1677 1466; baseline -0.001 -11"><span class='ocrx_word' id='word_1_151' title='bbox 159 1428 214 1455; x_wconf 89' lang='lat' dir='ltr'><strong>set</strong></span> <span class='ocrx_word' id='word_1_152' title='bbox 240 1420 331 1455; x_wconf 77' lang='lat' dir='ltr'><strong>das?</strong></span> <span class='ocrx_word' id='word_1_153' title='bbox 366 1422 464 1466; x_wconf 90' lang='lat' dir='ltr'><strong>quod</strong></span> <span class='ocrx_word' id='word_1_154' title='bbox 490 1420 597 1454; x_wconf 81' lang='lat' dir='ltr'><strong>istam</strong></span> <span class='ocrx_word' id='word_1_155' title='bbox 620 1419 816 1452; x_wconf 85' lang='lat' dir='ltr'><strong>mulierem</strong></span> <span class='ocrx_word' id='word_1_156' title='bbox 834 1419 1042 1452; x_wconf 82' lang='lat' dir='ltr'><strong>collaudavi</strong></span> <span class='ocrx_word' id='word_1_157' title='bbox 1067 1420 1166 1465; x_wconf 84' lang='lat' dir='ltr'><strong>apud</strong></span> <span class='ocrx_word' id='word_1_158' title='bbox 1191 1421 1333 1453; x_wconf 79' lang='lat' dir='ltr'><strong>amicos</strong></span> <span class='ocrx_word' id='word_1_159' title='bbox 1357 1420 1452 1461; x_wconf 84' lang='lat' dir='ltr'><strong>eius,</strong></span> <span class='ocrx_word' id='word_1_160' title='bbox 1480 1421 1634 1454; x_wconf 85' lang='lat' dir='ltr'><strong>audien·</strong></span> <span class='ocrx_word' id='word_1_161' title='bbox 1675 1440 1677 1442; x_wconf 82' lang='grc'><strong>-</strong></span> 
     </span>
     <span class='ocr_line' id='line_1_21' title="bbox 159 1467 1635 1513; baseline 0 -11"><span class='ocrx_word' id='word_1_162' title='bbox 159 1470 260 1503; x_wconf 79' lang='lat' dir='ltr'><strong>tibus</strong></span> <span class='ocrx_word' id='word_1_163' title='bbox 286 1468 375 1503; x_wconf 78' lang='lat' dir='ltr'><strong>filiis</strong></span> <span class='ocrx_word' id='word_1_164' title='bbox 403 1475 438 1502; x_wconf 88' lang='lat' dir='ltr'><strong>et</strong></span> <span class='ocrx_word' id='word_1_165' title='bbox 464 1469 560 1510; x_wconf 78' lang='lat' dir='ltr'><strong>filia,</strong></span> <span class='ocrx_word' id='word_1_166' title='bbox 587 1469 668 1513; x_wconf 83' lang='lat' dir='ltr'><strong>quis</strong></span> <span class='ocrx_word' id='word_1_167' title='bbox 694 1467 779 1500; x_wconf 84' lang='lat' dir='ltr'><strong>inde</strong></span> <span class='ocrx_word' id='word_1_168' title='bbox 806 1468 984 1511; x_wconf 86' lang='lat' dir='ltr'><strong>colligere</strong></span> <span class='ocrx_word' id='word_1_169' title='bbox 1010 1469 1143 1512; x_wconf 84' lang='lat' dir='ltr'><strong>possit,</strong></span> <span class='ocrx_word' id='word_1_170' title='bbox 1171 1478 1229 1501; x_wconf 86' lang='lat' dir='ltr'><strong>me</strong></span> <span class='ocrx_word' id='word_1_171' title='bbox 1256 1468 1333 1501; x_wconf 86' lang='lat' dir='ltr'><strong>eius</strong></span> <span class='ocrx_word' id='word_1_172' title='bbox 1353 1468 1635 1503; x_wconf 81' lang='lat' dir='ltr'><strong>matrimonium</strong></span> 
     </span>
     <span class='ocr_line' id='line_1_22' title="bbox 161 1515 1633 1563; baseline -0.001 -12"><span class='ocrx_word' id='word_1_173' title='bbox 161 1516 366 1563; x_wconf 77' lang='lat' dir='ltr'><strong>appetere?</strong></span> <span class='ocrx_word' id='word_1_174' title='bbox 399 1517 508 1551; x_wconf 80' lang='lat' dir='ltr'><strong>SCH.</strong></span> <span class='ocrx_word' id='word_1_175' title='bbox 563 1517 699 1549; x_wconf 87' lang='lat' dir='ltr'><strong>Dieser</strong></span> <span class='ocrx_word' id='word_1_176' title='bbox 732 1516 837 1549; x_wconf 86' lang='lat' dir='ltr'><strong>stellt</strong></span> <span class='ocrx_word' id='word_1_177' title='bbox 868 1517 939 1549; x_wconf 83' lang='lat' dir='ltr'><strong>mit</strong></span> <span class='ocrx_word' id='word_1_178' title='bbox 974 1516 1131 1551; x_wconf 76' lang='lat' dir='ltr'><strong>Limem.</strong></span> <span class='ocrx_word' id='word_1_179' title='bbox 1168 1516 1230 1548; x_wconf 90' lang='lat' dir='ltr'><strong>die</strong></span> <span class='ocrx_word' id='word_1_180' title='bbox 1264 1517 1396 1550; x_wconf 51' lang='lat' dir='ltr'><strong>&amp;Vorte</strong></span> <span class='ocrx_word' id='word_1_181' title='bbox 1429 1525 1489 1549; x_wconf 85' lang='lat' dir='ltr'><strong>so:</strong></span> <span class='ocrx_word' id='word_1_182' title='bbox 1523 1515 1633 1558; x_wconf 77' lang='lat' dir='ltr'><strong>filia,-</strong></span> 
     </span>
     <span class='ocr_line' id='line_1_23' title="bbox 160 1560 1634 1610; baseline -0.001 -11"><span class='ocrx_word' id='word_1_183' title='bbox 160 1566 248 1610; x_wconf 80' lang='lat' dir='ltr'><strong>quz&#39;d</strong></span> <span class='ocrx_word' id='word_1_184' title='bbox 271 1570 324 1599; x_wconf 77' lang='lat' dir='ltr'><strong>est</strong></span> <span class='ocrx_word' id='word_1_185' title='bbox 349 1564 437 1599; x_wconf 75' lang='lat' dir='ltr'><strong>hoc?</strong></span> <span class='ocrx_word' id='word_1_186' title='bbox 468 1560 517 1598; x_wconf 77' lang='grc' dir='ltr'><strong>οὐ</strong></span> <span class='ocrx_word' id='word_1_187' title='bbox 544 1561 681 1598; x_wconf 78' lang='grc' dir='ltr'><strong><em>τᾶυτὸ</em></strong></span> <span class='ocrx_word' id='word_1_188' title='bbox 710 1564 754 1597; x_wconf 80' lang='grc' dir='ltr'><strong>ἐκ</strong></span> <span class='ocrx_word' id='word_1_189' title='bbox 778 1560 860 1597; x_wconf 76' lang='grc' dir='ltr'><strong>τοῦ</strong></span> <span class='ocrx_word' id='word_1_190' title='bbox 885 1560 1037 1598; x_wconf 80' lang='grc' dir='ltr'><strong>αὐτοῦ.</strong></span> <span class='ocrx_word' id='word_1_191' title='bbox 1063 1583 1108 1589; x_wconf 90' lang='grc'><strong>-</strong></span> <span class='ocrx_word' id='word_1_192' title='bbox 1142 1574 1207 1597; x_wconf 81' lang='lat' dir='ltr'><strong>cur</strong></span> <span class='ocrx_word' id='word_1_193' title='bbox 1233 1574 1301 1606; x_wconf 81' lang='lat' dir='ltr'><strong>ego</strong></span> <span class='ocrx_word' id='word_1_194' title='bbox 1322 1568 1539 1607; x_wconf 79' lang='lat' dir='ltr'><strong>personatus</strong></span> <span class='ocrx_word' id='word_1_195' title='bbox 1562 1575 1634 1598; x_wconf 84' lang='lat' dir='ltr'><strong>am-</strong></span> 
     </span>
     <span class='ocr_line' id='line_1_24' title="bbox 159 1611 1629 1657; baseline -0.001 -9"><span class='ocrx_word' id='word_1_196' title='bbox 159 1614 275 1648; x_wconf 75' lang='lat' dir='ltr'><strong>butem</strong></span> <span class='ocrx_word' id='word_1_197' title='bbox 307 1612 544 1656; x_wconf 72' lang='lat' dir='ltr'><strong>(anibiam?)</strong></span> <span class='ocrx_word' id='word_1_198' title='bbox 578 1613 601 1647; x_wconf 91' lang='lat' dir='ltr'><strong>i.</strong></span> <span class='ocrx_word' id='word_1_199' title='bbox 641 1624 673 1647; x_wconf 90' lang='lat' dir='ltr'><strong>e.</strong></span> <span class='ocrx_word' id='word_1_200' title='bbox 704 1612 733 1645; x_wconf 85' lang='lat' dir='ltr'><strong>si</strong></span> <span class='ocrx_word' id='word_1_201' title='bbox 768 1612 881 1646; x_wconf 90' lang='lat' dir='ltr'><strong>velim</strong></span> <span class='ocrx_word' id='word_1_202' title='bbox 917 1612 1029 1646; x_wconf 88' lang='lat' dir='ltr'><strong>huius</strong></span> <span class='ocrx_word' id='word_1_203' title='bbox 1063 1611 1230 1646; x_wconf 84' lang='lat' dir='ltr'><strong>mulieris</strong></span> <span class='ocrx_word' id='word_1_204' title='bbox 1259 1611 1403 1656; x_wconf 87' lang='lat' dir='ltr'><strong>nuptias</strong></span> <span class='ocrx_word' id='word_1_205' title='bbox 1439 1619 1629 1657; x_wconf 83' lang='lat' dir='ltr'><strong>appetere,</strong></span> 
     </span>
     <span class='ocr_line' id='line_1_25' title="bbox 160 1659 1633 1706; baseline -0.001 -11"><span class='ocrx_word' id='word_1_206' title='bbox 160 1673 226 1696; x_wconf 86' lang='lat' dir='ltr'><strong>cur</strong></span> <span class='ocrx_word' id='word_1_207' title='bbox 252 1662 470 1706; x_wconf 86' lang='lat' dir='ltr'><strong>ambagibus</strong></span> <span class='ocrx_word' id='word_1_208' title='bbox 495 1667 582 1694; x_wconf 87' lang='lat' dir='ltr'><strong>utar</strong></span> <span class='ocrx_word' id='word_1_209' title='bbox 606 1667 644 1694; x_wconf 88' lang='lat' dir='ltr'><strong>et</strong></span> <span class='ocrx_word' id='word_1_210' title='bbox 676 1661 782 1706; x_wconf 83' lang='lat' dir='ltr'><strong>quasi</strong></span> <span class='ocrx_word' id='word_1_211' title='bbox 806 1671 1004 1705; x_wconf 82' lang='lat' dir='ltr'><strong>personam</strong></span> <span class='ocrx_word' id='word_1_212' title='bbox 1029 1660 1207 1694; x_wconf 84' lang='lat' dir='ltr'><strong>induam?</strong></span> <span class='ocrx_word' id='word_1_213' title='bbox 1240 1659 1349 1695; x_wconf 86' lang='lat' dir='ltr'><strong>SCH.</strong></span> <span class='ocrx_word' id='word_1_214' title='bbox 1373 1678 1421 1686; x_wconf 93' lang='lat'>—</span> <span class='ocrx_word' id='word_1_215' title='bbox 1452 1660 1633 1695; x_wconf 77' lang='lat' dir='ltr'><strong>Parumne</strong></span> 
     </span>
     <span class='ocr_line' id='line_1_26' title="bbox 159 1708 1630 1755; baseline -0.001 -11"><span class='ocrx_word' id='word_1_216' title='bbox 159 1736 168 1744; x_wconf 91' lang='lat'><strong>.</strong></span> <span class='ocrx_word' id='word_1_217' title='bbox 196 1734 204 1743; x_wconf 91' lang='lat'><strong>.</strong></span> <span class='ocrx_word' id='word_1_218' title='bbox 229 1709 447 1743; x_wconf 77' lang='lat' dir='ltr'><strong>senectutis?</strong></span> <span class='ocrx_word' id='word_1_219' title='bbox 472 1709 500 1742; x_wconf 89' lang='lat' dir='ltr'><strong>i.</strong></span> <span class='ocrx_word' id='word_1_220' title='bbox 527 1720 558 1744; x_wconf 89' lang='lat' dir='ltr'><strong>e.</strong></span> <span class='ocrx_word' id='word_1_221' title='bbox 584 1709 633 1743; x_wconf 83' lang='lat' dir='ltr'><strong>At</strong></span> <span class='ocrx_word' id='word_1_222' title='bbox 658 1709 774 1755; x_wconf 87' lang='lat' dir='ltr'><strong>ipsius</strong></span> <span class='ocrx_word' id='word_1_223' title='bbox 800 1716 971 1742; x_wconf 85' lang='lat' dir='ltr'><strong>senectus</strong></span> <span class='ocrx_word' id='word_1_224' title='bbox 997 1709 1072 1742; x_wconf 87' lang='lat' dir='ltr'><strong>iam</strong></span> <span class='ocrx_word' id='word_1_225' title='bbox 1098 1709 1186 1741; x_wconf 84' lang='lat' dir='ltr'><strong>satis</strong></span> <span class='ocrx_word' id='word_1_226' title='bbox 1224 1708 1333 1742; x_wconf 75' lang='lat' dir='ltr'><strong>foeda</strong></span> <span class='ocrx_word' id='word_1_227' title='bbox 1365 1719 1527 1753; x_wconf 84' lang='lat' dir='ltr'><strong>persona</strong></span> <span class='ocrx_word' id='word_1_228' title='bbox 1563 1716 1630 1751; x_wconf 82' lang='lat' dir='ltr'><strong>est,</strong></span> 
     </span>
     <span class='ocr_line' id='line_1_27' title="bbox 159 1757 1631 1804; baseline 0 -13"><span class='ocrx_word' id='word_1_229' title='bbox 159 1769 252 1804; x_wconf 84' lang='lat' dir='ltr'><strong>quae</strong></span> <span class='ocrx_word' id='word_1_230' title='bbox 279 1768 338 1791; x_wconf 85' lang='lat' dir='ltr'><strong>me</strong></span> <span class='ocrx_word' id='word_1_231' title='bbox 364 1758 410 1791; x_wconf 86' lang='lat' dir='ltr'><strong>ab</strong></span> <span class='ocrx_word' id='word_1_232' title='bbox 437 1758 516 1791; x_wconf 90' lang='lat' dir='ltr'><strong>eius</strong></span> <span class='ocrx_word' id='word_1_233' title='bbox 542 1758 678 1803; x_wconf 89' lang='lat' dir='ltr'><strong>nuptiis</strong></span> <span class='ocrx_word' id='word_1_234' title='bbox 704 1759 911 1790; x_wconf 80' lang='lat' dir='ltr'><strong>absterrere</strong></span> <span class='ocrx_word' id='word_1_235' title='bbox 937 1757 1073 1802; x_wconf 85' lang='lat' dir='ltr'><strong>possit,</strong></span> <span class='ocrx_word' id='word_1_236' title='bbox 1112 1763 1155 1790; x_wconf 83' lang='lat' dir='ltr'><strong>ut</strong></span> <span class='ocrx_word' id='word_1_237' title='bbox 1185 1767 1332 1789; x_wconf 84' lang='lat' dir='ltr'><strong>necesse</strong></span> <span class='ocrx_word' id='word_1_238' title='bbox 1356 1767 1429 1789; x_wconf 90' lang='lat' dir='ltr'><strong>non</strong></span> <span class='ocrx_word' id='word_1_239' title='bbox 1454 1757 1501 1789; x_wconf 87' lang='lat' dir='ltr'><strong>sit</strong></span> <span class='ocrx_word' id='word_1_240' title='bbox 1534 1757 1631 1791; x_wconf 83' lang='lat' dir='ltr'><strong>mihi</strong></span> 
     </span>
     <span class='ocr_line' id='line_1_28' title="bbox 158 1804 1630 1852; baseline -0.001 -12"><span class='ocrx_word' id='word_1_241' title='bbox 158 1817 304 1852; x_wconf 83' lang='lat' dir='ltr'><strong>quoque</strong></span> <span class='ocrx_word' id='word_1_242' title='bbox 335 1816 537 1851; x_wconf 84' lang='lat' dir='ltr'><strong>personam</strong></span> <span class='ocrx_word' id='word_1_243' title='bbox 578 1806 802 1839; x_wconf 86' lang='lat' dir='ltr'><strong>dissimulati</strong></span> <span class='ocrx_word' id='word_1_244' title='bbox 845 1807 983 1839; x_wconf 86' lang='lat' dir='ltr'><strong>amoris</strong></span> <span class='ocrx_word' id='word_1_245' title='bbox 1012 1805 1180 1840; x_wconf 83' lang='lat' dir='ltr'><strong>induere.</strong></span> <span class='ocrx_word' id='word_1_246' title='bbox 1217 1804 1324 1838; x_wconf 82' lang='lat' dir='ltr'><strong>SCH.</strong></span> <span class='ocrx_word' id='word_1_247' title='bbox 1392 1805 1525 1837; x_wconf 87' lang='lat' dir='ltr'><strong>Cicero</strong></span> <span class='ocrx_word' id='word_1_248' title='bbox 1567 1806 1630 1839; x_wconf 87' lang='lat' dir='ltr'><strong>sah</strong></span> 
     </span>
     <span class='ocr_line' id='line_1_29' title="bbox 156 1851 1630 1900; baseline 0.001 -12"><span class='ocrx_word' id='word_1_249' title='bbox 156 1854 255 1888; x_wconf 83' lang='lat' dir='ltr'><strong>auch</strong></span> <span class='ocrx_word' id='word_1_250' title='bbox 282 1855 350 1888; x_wconf 80' lang='lat' dir='ltr'><strong>auf</strong></span> <span class='ocrx_word' id='word_1_251' title='bbox 373 1853 579 1887; x_wconf 79' lang='lat' dir='ltr'><strong>Sch&#39;onheit</strong></span> <span class='ocrx_word' id='word_1_252' title='bbox 602 1853 656 1896; x_wconf 87' lang='lat' dir='ltr'><strong>(S.</strong></span> <span class='ocrx_word' id='word_1_253' title='bbox 682 1865 740 1900; x_wconf 89' lang='lat' dir='ltr'><strong>ep.</strong></span> <span class='ocrx_word' id='word_1_254' title='bbox 767 1855 873 1897; x_wconf 85' lang='lat'><strong>515);</strong></span> <span class='ocrx_word' id='word_1_255' title='bbox 898 1866 932 1888; x_wconf 89' lang='lat' dir='ltr'><strong>u.</strong></span> <span class='ocrx_word' id='word_1_256' title='bbox 959 1854 1019 1887; x_wconf 87' lang='lat' dir='ltr'><strong>bei</strong></span> <span class='ocrx_word' id='word_1_257' title='bbox 1045 1851 1217 1887; x_wconf 85' lang='lat' dir='ltr'><strong>Plutarch</strong></span> <span class='ocrx_word' id='word_1_258' title='bbox 1243 1853 1280 1885; x_wconf 89' lang='lat' dir='ltr'><strong>in</strong></span> <span class='ocrx_word' id='word_1_259' title='bbox 1306 1851 1378 1885; x_wconf 86' lang='lat' dir='ltr'><strong>Vit.</strong></span> <span class='ocrx_word' id='word_1_260' title='bbox 1408 1854 1485 1885; x_wconf 90' lang='lat' dir='ltr'><strong>Cic.</strong></span> <span class='ocrx_word' id='word_1_261' title='bbox 1511 1864 1543 1886; x_wconf 90' lang='lat' dir='ltr'><strong>c.</strong></span> <span class='ocrx_word' id='word_1_262' title='bbox 1571 1854 1630 1889; x_wconf 88' lang='grc'><strong>41.</strong></span> 
     </span>
     <span class='ocr_line' id='line_1_30' title="bbox 157 1896 1630 1947; baseline -0.002 -11"><span class='ocrx_word' id='word_1_263' title='bbox 157 1903 258 1937; x_wconf 87' lang='lat' dir='ltr'><strong>wirft</strong></span> <span class='ocrx_word' id='word_1_264' title='bbox 282 1903 461 1936; x_wconf 80' lang='lat' dir='ltr'><strong>Terentia</strong></span> <span class='ocrx_word' id='word_1_265' title='bbox 485 1903 568 1936; x_wconf 86' lang='lat' dir='ltr'><strong>ihm</strong></span> <span class='ocrx_word' id='word_1_266' title='bbox 598 1912 685 1945; x_wconf 84' lang='lat' dir='ltr'><strong>vor,</strong></span> <span class='ocrx_word' id='word_1_267' title='bbox 727 1913 769 1936; x_wconf 87' lang='lat' dir='ltr'><strong>er</strong></span> <span class='ocrx_word' id='word_1_268' title='bbox 801 1903 898 1935; x_wconf 84' lang='lat' dir='ltr'><strong>habe</strong></span> <span class='ocrx_word' id='word_1_269' title='bbox 929 1902 988 1935; x_wconf 87' lang='lat' dir='ltr'><strong>die</strong></span> <span class='ocrx_word' id='word_1_270' title='bbox 1025 1901 1186 1936; x_wconf 86' lang='lat' dir='ltr'><strong>Publilia</strong></span> <span class='ocrx_word' id='word_1_271' title='bbox 1219 1897 1320 1947; x_wconf 75' lang='grc' dir='ltr'><em>ἔρωτι</em></span> <span class='ocrx_word' id='word_1_272' title='bbox 1348 1897 1411 1943; x_wconf 84' lang='grc' dir='ltr'><strong>τῆς</strong></span> <span class='ocrx_word' id='word_1_273' title='bbox 1444 1896 1536 1947; x_wconf 74' lang='grc' dir='ltr'><strong><em>ὥρας</em></strong></span> <span class='ocrx_word' id='word_1_274' title='bbox 1567 1912 1630 1947; x_wconf 84' lang='lat' dir='ltr'><strong>ge-</strong></span> 
     </span>
     <span class='ocr_line' id='line_1_31' title="bbox 153 1949 356 1985; baseline -0.01 0"><span class='ocrx_word' id='word_1_275' title='bbox 153 1949 356 1985; x_wconf 78' lang='lat' dir='ltr'><strong>heirathet.</strong></span> 
     </span>
    </p>

    <p class='ocr_par' dir='ltr' id='par_1_9' title="bbox 151 1995 1630 2476">
     <span class='ocr_line' id='line_1_32' title="bbox 251 1995 1630 2038; baseline -0.001 -6"><span class='ocrx_word' id='word_1_276' title='bbox 251 1999 284 2033; x_wconf 87' lang='lat'><strong>5.</strong></span> <span class='ocrx_word' id='word_1_277' title='bbox 311 2002 348 2032; x_wconf 80' lang='lat' dir='ltr'><strong>ut</strong></span> <span class='ocrx_word' id='word_1_278' title='bbox 373 2002 456 2033; x_wconf 81' lang='lat' dir='ltr'><strong>ante</strong></span> <span class='ocrx_word' id='word_1_279' title='bbox 480 1999 668 2033; x_wconf 81' lang='lat' dir='ltr'><strong>Kalendas</strong></span> <span class='ocrx_word' id='word_1_280' title='bbox 693 1999 772 2032; x_wconf 88' lang='lat' dir='ltr'><strong>scil.</strong></span> <span class='ocrx_word' id='word_1_281' title='bbox 800 1997 847 2031; x_wconf 84' lang='lat' dir='ltr'><strong>ad</strong></span> <span class='ocrx_word' id='word_1_282' title='bbox 872 2009 911 2031; x_wconf 89' lang='lat' dir='ltr'><strong>se</strong></span> <span class='ocrx_word' id='word_1_283' title='bbox 936 1997 1095 2031; x_wconf 84' lang='lat' dir='ltr'><strong>veniam.</strong></span> <span class='ocrx_word' id='word_1_284' title='bbox 1123 2015 1166 2021; x_wconf 95' lang='lat'><em>-</em></span> <span class='ocrx_word' id='word_1_285' title='bbox 1193 2000 1325 2029; x_wconf 72' lang='lat' dir='ltr'><strong>‘nostro</strong></span> <span class='ocrx_word' id='word_1_286' title='bbox 1361 1995 1450 2038; x_wconf 84' lang='lat' dir='ltr'><strong>otio,</strong></span> <span class='ocrx_word' id='word_1_287' title='bbox 1487 1997 1540 2030; x_wconf 85' lang='lat' dir='ltr'><strong>als</strong></span> <span class='ocrx_word' id='word_1_288' title='bbox 1563 1997 1630 2031; x_wconf 84' lang='lat' dir='ltr'><strong>fi&#39;u·</strong></span> 
     </span>
     <span class='ocr_line' id='line_1_33' title="bbox 156 2044 1629 2090; baseline -0.002 -9"><span class='ocrx_word' id='word_1_289' title='bbox 156 2057 289 2082; x_wconf 85' lang='lat' dir='ltr'><strong>unsere</strong></span> <span class='ocrx_word' id='word_1_290' title='bbox 322 2047 445 2080; x_wconf 82' lang='lat' dir='ltr'><strong>Ruhe.</strong></span> <span class='ocrx_word' id='word_1_291' title='bbox 502 2048 609 2080; x_wconf 89' lang='lat' dir='ltr'><strong>Denn</strong></span> <span class='ocrx_word' id='word_1_292' title='bbox 644 2058 682 2080; x_wconf 86' lang='lat' dir='ltr'><strong>es</strong></span> <span class='ocrx_word' id='word_1_293' title='bbox 714 2046 818 2080; x_wconf 87' lang='lat' dir='ltr'><strong>hatte</strong></span> <span class='ocrx_word' id='word_1_294' title='bbox 849 2044 931 2079; x_wconf 85' lang='lat' dir='ltr'><strong>ihm</strong></span> <span class='ocrx_word' id='word_1_295' title='bbox 962 2056 1055 2090; x_wconf 88' lang='lat' dir='ltr'><strong>ganz</strong></span> <span class='ocrx_word' id='word_1_296' title='bbox 1087 2056 1135 2078; x_wconf 85' lang='lat' dir='ltr'><strong>an</strong></span> <span class='ocrx_word' id='word_1_297' title='bbox 1170 2044 1288 2077; x_wconf 85' lang='lat' dir='ltr'><strong>einem</strong></span> <span class='ocrx_word' id='word_1_298' title='bbox 1329 2044 1435 2077; x_wconf 86' lang='lat' dir='ltr'><strong>Plane</strong></span> <span class='ocrx_word' id='word_1_299' title='bbox 1471 2046 1629 2090; x_wconf 85' lang='lat' dir='ltr'><strong>gefehlt‚</strong></span> 
     </span>
     <span class='ocr_line' id='line_1_34' title="bbox 152 2092 1629 2139; baseline -0.002 -9"><span class='ocrx_word' id='word_1_300' title='bbox 152 2098 244 2130; x_wconf 85' lang='lat' dir='ltr'><strong>Was</strong></span> <span class='ocrx_word' id='word_1_301' title='bbox 276 2094 377 2128; x_wconf 87' lang='lat' dir='ltr'><strong>nach</strong></span> <span class='ocrx_word' id='word_1_302' title='bbox 411 2097 541 2129; x_wconf 66' lang='lat' dir='ltr'><strong>Ciisars</strong></span> <span class='ocrx_word' id='word_1_303' title='bbox 575 2095 811 2139; x_wconf 85' lang='lat' dir='ltr'><strong>Ermordung</strong></span> <span class='ocrx_word' id='word_1_304' title='bbox 841 2106 886 2128; x_wconf 81' lang='lat' dir='ltr'><strong>zu</strong></span> <span class='ocrx_word' id='word_1_305' title='bbox 922 2093 1016 2127; x_wconf 87' lang='lat' dir='ltr'><strong>thun</strong></span> <span class='ocrx_word' id='word_1_306' title='bbox 1050 2094 1124 2135; x_wconf 86' lang='lat' dir='ltr'><strong>sei,</strong></span> <span class='ocrx_word' id='word_1_307' title='bbox 1154 2104 1219 2126; x_wconf 90' lang='lat' dir='ltr'><strong>um</strong></span> <span class='ocrx_word' id='word_1_308' title='bbox 1254 2092 1324 2125; x_wconf 88' lang='lat' dir='ltr'><strong>den</strong></span> <span class='ocrx_word' id='word_1_309' title='bbox 1354 2092 1457 2126; x_wconf 77' lang='lat' dir='ltr'><strong>Stant</strong></span> <span class='ocrx_word' id='word_1_310' title='bbox 1488 2094 1629 2127; x_wconf 84' lang='lat' dir='ltr'><strong>wieder</strong></span> 
     </span>
     <span class='ocr_line' id='line_1_35' title="bbox 153 2140 1626 2187; baseline -0.002 -9"><span class='ocrx_word' id='word_1_311' title='bbox 153 2143 417 2178; x_wconf 82' lang='lat' dir='ltr'><strong>herzustellen.</strong></span> <span class='ocrx_word' id='word_1_312' title='bbox 441 2161 490 2168; x_wconf 92' lang='lat'>—</span> <span class='ocrx_word' id='word_1_313' title='bbox 522 2143 579 2177; x_wconf 90' lang='lat' dir='ltr'><strong>De</strong></span> <span class='ocrx_word' id='word_1_314' title='bbox 604 2144 741 2186; x_wconf 79' lang='lat' dir='ltr'><strong>regina</strong></span> <span class='ocrx_word' id='word_1_315' title='bbox 768 2144 977 2187; x_wconf 83' lang='lat' dir='ltr'><strong>Cleopatra.</strong></span> <span class='ocrx_word' id='word_1_316' title='bbox 1025 2141 1084 2175; x_wconf 86' lang='lat' dir='ltr'><strong>Sie</strong></span> <span class='ocrx_word' id='word_1_317' title='bbox 1111 2152 1184 2174; x_wconf 84' lang='lat' dir='ltr'><strong>war</strong></span> <span class='ocrx_word' id='word_1_318' title='bbox 1210 2141 1310 2174; x_wconf 88' lang='lat' dir='ltr'><strong>nach</strong></span> <span class='ocrx_word' id='word_1_319' title='bbox 1340 2141 1438 2174; x_wconf 87' lang='lat' dir='ltr'><strong>Rom</strong></span> <span class='ocrx_word' id='word_1_320' title='bbox 1471 2140 1626 2185; x_wconf 84' lang='lat' dir='ltr'><strong>gekom-</strong></span> 
     </span>
     <span class='ocr_line' id='line_1_36' title="bbox 153 2189 1626 2237; baseline -0.002 -11"><span class='ocrx_word' id='word_1_321' title='bbox 153 2202 263 2234; x_wconf 87' lang='lat' dir='ltr'><strong>men,</strong></span> <span class='ocrx_word' id='word_1_322' title='bbox 297 2191 366 2224; x_wconf 86' lang='lat' dir='ltr'><strong>den</strong></span> <span class='ocrx_word' id='word_1_323' title='bbox 395 2191 570 2225; x_wconf 67' lang='lat' dir='ltr'><strong>casarion</strong></span> <span class='ocrx_word' id='word_1_324' title='bbox 596 2203 642 2225; x_wconf 88' lang='lat' dir='ltr'><strong>zu</strong></span> <span class='ocrx_word' id='word_1_325' title='bbox 669 2193 800 2227; x_wconf 68' lang='lat' dir='ltr'><strong>Giisars</strong></span> <span class='ocrx_word' id='word_1_326' title='bbox 833 2190 1078 2237; x_wconf 64' lang='lat' dir='ltr'><strong>Thronerben</strong></span> <span class='ocrx_word' id='word_1_327' title='bbox 1112 2200 1157 2222; x_wconf 90' lang='lat' dir='ltr'><strong>zu</strong></span> <span class='ocrx_word' id='word_1_328' title='bbox 1189 2189 1371 2230; x_wconf 76' lang='lat' dir='ltr'><strong>machen3</strong></span> <span class='ocrx_word' id='word_1_329' title='bbox 1409 2189 1497 2222; x_wconf 76' lang='lat' dir='ltr'><strong>aber</strong></span> <span class='ocrx_word' id='word_1_330' title='bbox 1524 2189 1626 2223; x_wconf 87' lang='lat' dir='ltr'><strong>nach</strong></span> 
     </span>
     <span class='ocr_line' id='line_1_37' title="bbox 153 2235 1625 2285; baseline -0.002 -11"><span class='ocrx_word' id='word_1_331' title='bbox 153 2241 287 2275; x_wconf 69' lang='lat' dir='ltr'><strong>casars</strong></span> <span class='ocrx_word' id='word_1_332' title='bbox 312 2240 551 2285; x_wconf 82' lang='lat' dir='ltr'><strong>Ermordung</strong></span> <span class='ocrx_word' id='word_1_333' title='bbox 584 2240 725 2273; x_wconf 86' lang='lat' dir='ltr'><strong>wieder</strong></span> <span class='ocrx_word' id='word_1_334' title='bbox 756 2239 851 2272; x_wconf 86' lang='lat' dir='ltr'><strong>nach</strong></span> <span class='ocrx_word' id='word_1_335' title='bbox 883 2238 1055 2284; x_wconf 81' lang='lat' dir='ltr'><strong>Agypten</strong></span> <span class='ocrx_word' id='word_1_336' title='bbox 1091 2237 1302 2274; x_wconf 67' lang='lat' dir='ltr'><strong>entflohen.</strong></span> <span class='ocrx_word' id='word_1_337' title='bbox 1334 2235 1371 2270; x_wconf 91' lang='lat' dir='ltr'><strong>S.</strong></span> <span class='ocrx_word' id='word_1_338' title='bbox 1399 2248 1458 2281; x_wconf 89' lang='lat' dir='ltr'><strong>ep.</strong></span> <span class='ocrx_word' id='word_1_339' title='bbox 1485 2238 1564 2278; x_wconf 76' lang='lat'><strong>704,</strong></span> <span class='ocrx_word' id='word_1_340' title='bbox 1592 2239 1625 2273; x_wconf 87' lang='lat'><strong>2.</strong></span> 
     </span>
     <span class='ocr_line' id='line_1_38' title="bbox 151 2284 1624 2329; baseline -0.005 -4"><span class='ocrx_word' id='word_1_341' title='bbox 151 2290 235 2329; x_wconf 82' lang='lat'><strong>688,</strong></span> <span class='ocrx_word' id='word_1_342' title='bbox 264 2290 294 2322; x_wconf 94' lang='lat'><strong>1.</strong></span> <span class='ocrx_word' id='word_1_343' title='bbox 321 2306 368 2313; x_wconf 89' lang='lat'>—</span> <span class='ocrx_word' id='word_1_344' title='bbox 403 2287 462 2321; x_wconf 89' lang='lat' dir='ltr'><strong>De</strong></span> <span class='ocrx_word' id='word_1_345' title='bbox 494 2288 660 2322; x_wconf 85' lang='lat' dir='ltr'><strong>Flamma</strong></span> <span class='ocrx_word' id='word_1_346' title='bbox 690 2287 717 2322; x_wconf 89' lang='lat' dir='ltr'><strong>i.</strong></span> <span class='ocrx_word' id='word_1_347' title='bbox 750 2299 782 2321; x_wconf 88' lang='lat' dir='ltr'><strong>e.</strong></span> <span class='ocrx_word' id='word_1_348' title='bbox 817 2287 864 2319; x_wconf 87' lang='lat' dir='ltr'><strong>de</strong></span> <span class='ocrx_word' id='word_1_349' title='bbox 895 2286 1082 2320; x_wconf 84' lang='lat' dir='ltr'><strong>Flaminio</strong></span> <span class='ocrx_word' id='word_1_350' title='bbox 1114 2286 1301 2327; x_wconf 83' lang='lat' dir='ltr'><strong>Flamma,</strong></span> <span class='ocrx_word' id='word_1_351' title='bbox 1329 2284 1484 2318; x_wconf 89' lang='lat' dir='ltr'><strong>obsecro</strong></span> <span class='ocrx_word' id='word_1_352' title='bbox 1502 2292 1563 2328; x_wconf 84' lang='lat' dir='ltr'><strong>te,</strong></span> <span class='ocrx_word' id='word_1_353' title='bbox 1592 2285 1624 2318; x_wconf 84' lang='lat' dir='ltr'><strong>si</strong></span> 
     </span>
     <span class='ocr_line' id='line_1_39' title="bbox 152 2332 1624 2382; baseline -0.004 -11"><span class='ocrx_word' id='word_1_354' title='bbox 152 2336 243 2382; x_wconf 84' lang='lat' dir='ltr'><strong>quid</strong></span> <span class='ocrx_word' id='word_1_355' title='bbox 269 2342 395 2382; x_wconf 85' lang='lat' dir='ltr'><strong>potes,</strong></span> <span class='ocrx_word' id='word_1_356' title='bbox 421 2346 507 2382; x_wconf 80' lang='lat' dir='ltr'><strong>age3</strong></span> <span class='ocrx_word' id='word_1_357' title='bbox 546 2336 584 2369; x_wconf 84' lang='lat' dir='ltr'><strong>id</strong></span> <span class='ocrx_word' id='word_1_358' title='bbox 618 2343 673 2369; x_wconf 82' lang='lat' dir='ltr'><strong>est</strong></span> <span class='ocrx_word' id='word_1_359' title='bbox 707 2347 756 2369; x_wconf 87' lang='lat' dir='ltr'><strong>ne</strong></span> <span class='ocrx_word' id='word_1_360' title='bbox 791 2336 996 2370; x_wconf 87' lang='lat' dir='ltr'><strong>Montanus</strong></span> <span class='ocrx_word' id='word_1_361' title='bbox 1031 2345 1099 2379; x_wconf 88' lang='lat' dir='ltr'><strong>pro</strong></span> <span class='ocrx_word' id='word_1_362' title='bbox 1125 2345 1168 2367; x_wconf 90' lang='lat' dir='ltr'><strong>eo</strong></span> <span class='ocrx_word' id='word_1_363' title='bbox 1196 2332 1393 2378; x_wconf 85' lang='lat' dir='ltr'><strong>dependat.</strong></span> <span class='ocrx_word' id='word_1_364' title='bbox 1417 2333 1624 2368; x_wconf 74' lang='lat' dir='ltr'><strong>MANUT.</strong></span> 
     </span>
     <span class='ocr_line' id='line_1_40' title="bbox 151 2380 1626 2430; baseline -0.003 -12"><span class='ocrx_word' id='word_1_365' title='bbox 151 2385 242 2419; x_wconf 87' lang='lat' dir='ltr'><strong>vid.</strong></span> <span class='ocrx_word' id='word_1_366' title='bbox 277 2395 336 2430; x_wconf 85' lang='lat' dir='ltr'><strong>ep.</strong></span> <span class='ocrx_word' id='word_1_367' title='bbox 369 2385 437 2419; x_wconf 81' lang='lat'><strong>581</strong></span> <span class='ocrx_word' id='word_1_368' title='bbox 463 2396 499 2418; x_wconf 90' lang='lat' dir='ltr'><strong>u.</strong></span> <span class='ocrx_word' id='word_1_369' title='bbox 526 2385 610 2426; x_wconf 82' lang='lat'><strong>698,</strong></span> <span class='ocrx_word' id='word_1_370' title='bbox 636 2385 668 2418; x_wconf 85' lang='lat'><strong>4.</strong></span> <span class='ocrx_word' id='word_1_371' title='bbox 704 2384 787 2417; x_wconf 86' lang='lat' dir='ltr'><strong>Asc.</strong></span> <span class='ocrx_word' id='word_1_372' title='bbox 822 2385 854 2418; x_wconf 87' lang='lat'><strong>1.</strong></span> <span class='ocrx_word' id='word_1_373' title='bbox 882 2395 919 2417; x_wconf 89' lang='lat' dir='ltr'><strong>u.</strong></span> <span class='ocrx_word' id='word_1_374' title='bbox 949 2383 1052 2421; x_wconf 78' lang='lat' dir='ltr'><strong>Crat.</strong></span> <span class='ocrx_word' id='word_1_375' title='bbox 1083 2382 1207 2416; x_wconf 85' lang='lat' dir='ltr'><strong>haben</strong></span> <span class='ocrx_word' id='word_1_376' title='bbox 1240 2381 1297 2414; x_wconf 87' lang='lat' dir='ltr'><strong>De</strong></span> <span class='ocrx_word' id='word_1_377' title='bbox 1328 2380 1471 2418; x_wconf 76' lang='lat' dir='ltr'><strong>Flavia.</strong></span> <span class='ocrx_word' id='word_1_378' title='bbox 1506 2381 1541 2415; x_wconf 90' lang='lat' dir='ltr'><strong>S.</strong></span> <span class='ocrx_word' id='word_1_379' title='bbox 1577 2381 1626 2415; x_wconf 81' lang='lat' dir='ltr'><strong>ad</strong></span> 
     </span>
     <span class='ocr_line' id='line_1_41' title="bbox 151 2431 903 2476; baseline -0.003 -10"><span class='ocrx_word' id='word_1_380' title='bbox 151 2432 305 2470; x_wconf 80' lang='lat' dir='ltr'><strong>Divers.</strong></span> <span class='ocrx_word' id='word_1_381' title='bbox 330 2432 432 2474; x_wconf 86' lang='lat' dir='ltr'>XIII,</span> <span class='ocrx_word' id='word_1_382' title='bbox 458 2433 504 2468; x_wconf 72' lang='lat'><strong>31</strong></span> <span class='ocrx_word' id='word_1_383' title='bbox 532 2432 617 2475; x_wconf 85' lang='lat'>(499</span> <span class='ocrx_word' id='word_1_384' title='bbox 643 2432 734 2466; x_wconf 84' lang='lat' dir='ltr'><strong>dies.</strong></span> <span class='ocrx_word' id='word_1_385' title='bbox 758 2431 903 2476; x_wconf 80' lang='lat' dir='ltr'><strong>Ausg.).</strong></span> 
     </span>
    </p>
   </div>
   <div class='ocr_carea' id='block_1_8' title="bbox 153 2493 1623 2833">
    <p class='ocr_par' dir='ltr' id='par_1_10' title="bbox 153 2493 1623 2833">
     <span class='ocr_line' id='line_1_42' title="bbox 250 2493 1623 2545; baseline -0.004 -11"><span class='ocrx_word' id='word_1_386' title='bbox 250 2502 280 2535; x_wconf 92' lang='lat'><strong>1.</strong></span> <span class='ocrx_word' id='word_1_387' title='bbox 316 2499 423 2534; x_wconf 82' lang='lat' dir='ltr'><strong>Heri.</strong></span> <span class='ocrx_word' id='word_1_388' title='bbox 484 2500 612 2534; x_wconf 82' lang='lat' dir='ltr'><strong>Novae</strong></span> <span class='ocrx_word' id='word_1_389' title='bbox 652 2499 830 2545; x_wconf 86' lang='lat' dir='ltr'><strong>epistolae</strong></span> <span class='ocrx_word' id='word_1_390' title='bbox 873 2498 1022 2532; x_wconf 88' lang='lat' dir='ltr'><strong>initium</strong></span> <span class='ocrx_word' id='word_1_391' title='bbox 1061 2497 1126 2532; x_wconf 85' lang='lat' dir='ltr'><strong>hic</strong></span> <span class='ocrx_word' id='word_1_392' title='bbox 1165 2501 1336 2530; x_wconf 83' lang='lat' dir='ltr'><strong>statuunt</strong></span> <span class='ocrx_word' id='word_1_393' title='bbox 1377 2493 1472 2532; x_wconf 82' lang='lat' dir='ltr'><strong>edd.</strong></span> <span class='ocrx_word' id='word_1_394' title='bbox 1512 2495 1623 2536; x_wconf 89' lang='lat' dir='ltr'><strong>Iunii,</strong></span> 
     </span>
     <span class='ocr_line' id='line_1_43' title="bbox 153 2543 1622 2588; baseline -0.003 -5"><span class='ocrx_word' id='word_1_395' title='bbox 153 2548 269 2583; x_wconf 87' lang='lat' dir='ltr'><strong>Oxon.</strong></span> <span class='ocrx_word' id='word_1_396' title='bbox 297 2551 327 2582; x_wconf 89' lang='lat' dir='ltr'><strong>l.</strong></span> <span class='ocrx_word' id='word_1_397' title='bbox 354 2550 387 2584; x_wconf 94' lang='grc'><strong>2.</strong></span> <span class='ocrx_word' id='word_1_398' title='bbox 413 2547 504 2581; x_wconf 89' lang='lat' dir='ltr'><strong>Lall.</strong></span> <span class='ocrx_word' id='word_1_399' title='bbox 537 2546 625 2581; x_wconf 86' lang='lat' dir='ltr'><strong>Sch.</strong></span> <span class='ocrx_word' id='word_1_400' title='bbox 652 2548 690 2580; x_wconf 88' lang='lat' dir='ltr'><strong>in</strong></span> <span class='ocrx_word' id='word_1_401' title='bbox 714 2548 785 2581; x_wconf 89' lang='lat' dir='ltr'><strong>Ed.</strong></span> <span class='ocrx_word' id='word_1_402' title='bbox 810 2548 902 2581; x_wconf 79' lang='lat' dir='ltr'><strong>Mai.</strong></span> <span class='ocrx_word' id='word_1_403' title='bbox 937 2547 1031 2580; x_wconf 72' lang='lat' dir='ltr'><strong>Lan.</strong></span> <span class='ocrx_word' id='word_1_404' title='bbox 1083 2547 1181 2579; x_wconf 84' lang='lat' dir='ltr'><strong>Here</strong></span> <span class='ocrx_word' id='word_1_405' title='bbox 1213 2545 1354 2578; x_wconf 85' lang='lat' dir='ltr'><strong>habent</strong></span> <span class='ocrx_word' id='word_1_406' title='bbox 1384 2544 1518 2588; x_wconf 82' lang='lat' dir='ltr'><strong>Margo</strong></span> <span class='ocrx_word' id='word_1_407' title='bbox 1544 2543 1622 2579; x_wconf 86' lang='lat' dir='ltr'><strong>Md.</strong></span> 
     </span>
     <span class='ocr_line' id='line_1_44' title="bbox 155 2592 1621 2643; baseline -0.005 -13"><span class='ocrx_word' id='word_1_408' title='bbox 155 2594 248 2633; x_wconf 79' lang='lat' dir='ltr'><strong>edd.</strong></span> <span class='ocrx_word' id='word_1_409' title='bbox 274 2596 428 2641; x_wconf 86' lang='lat' dir='ltr'><strong>Malasp.</strong></span> <span class='ocrx_word' id='word_1_410' title='bbox 455 2595 549 2632; x_wconf 82' lang='lat' dir='ltr'><strong>edd.</strong></span> <span class='ocrx_word' id='word_1_411' title='bbox 575 2595 700 2643; x_wconf 78' lang='lat' dir='ltr'><strong>Regii.</strong></span> <span class='ocrx_word' id='word_1_412' title='bbox 727 2597 860 2643; x_wconf 82' lang='lat' dir='ltr'><strong>Margo</strong></span> <span class='ocrx_word' id='word_1_413' title='bbox 887 2596 991 2631; x_wconf 75' lang='lat' dir='ltr'><strong>Crat,</strong></span> <span class='ocrx_word' id='word_1_414' title='bbox 1018 2595 1116 2628; x_wconf 86' lang='lat' dir='ltr'><strong>Vict.</strong></span> <span class='ocrx_word' id='word_1_415' title='bbox 1135 2596 1166 2628; x_wconf 91' lang='lat'><strong>1.</strong></span> <span class='ocrx_word' id='word_1_416' title='bbox 1183 2595 1217 2629; x_wconf 88' lang='lat'><strong>2.</strong></span> <span class='ocrx_word' id='word_1_417' title='bbox 1237 2592 1365 2627; x_wconf 91' lang='lat' dir='ltr'><strong>Lamb.</strong></span> <span class='ocrx_word' id='word_1_418' title='bbox 1382 2592 1465 2625; x_wconf 89' lang='lat' dir='ltr'><strong>Bos.</strong></span> <span class='ocrx_word' id='word_1_419' title='bbox 1491 2592 1621 2625; x_wconf 87' lang='lat' dir='ltr'><strong>Graev.</strong></span> 
     </span>
     <span class='ocr_line' id='line_1_45' title="bbox 154 2639 1620 2680; baseline -0.003 -4"><span class='ocrx_word' id='word_1_420' title='bbox 154 2644 248 2678; x_wconf 82' lang='lat' dir='ltr'><strong>Lall.</strong></span> <span class='ocrx_word' id='word_1_421' title='bbox 275 2657 325 2675; x_wconf 68' lang='grc' dir='ltr'><strong>Ξ</strong></span> <span class='ocrx_word' id='word_1_422' title='bbox 349 2644 442 2678; x_wconf 85' lang='lat' dir='ltr'><strong>Heri</strong></span> <span class='ocrx_word' id='word_1_423' title='bbox 464 2645 555 2680; x_wconf 85' lang='lat' dir='ltr'><strong>Ern.</strong></span> <span class='ocrx_word' id='word_1_424' title='bbox 579 2643 666 2678; x_wconf 84' lang='lat' dir='ltr'><strong>Sch.</strong></span> <span class='ocrx_word' id='word_1_425' title='bbox 693 2643 791 2676; x_wconf 79' lang='lat' dir='ltr'><strong>Liin.</strong></span> <span class='ocrx_word' id='word_1_426' title='bbox 827 2643 961 2676; x_wconf 84' lang='lat' dir='ltr'><strong>Hercle</strong></span> <span class='ocrx_word' id='word_1_427' title='bbox 984 2642 1062 2678; x_wconf 89' lang='lat' dir='ltr'><strong>Md.</strong></span> <span class='ocrx_word' id='word_1_428' title='bbox 1089 2643 1205 2676; x_wconf 84' lang='lat' dir='ltr'><strong>Oxou.</strong></span> <span class='ocrx_word' id='word_1_429' title='bbox 1234 2644 1265 2675; x_wconf 93' lang='lat'><strong>1.</strong></span> <span class='ocrx_word' id='word_1_430' title='bbox 1292 2642 1325 2676; x_wconf 89' lang='grc'><strong>2.</strong></span> <span class='ocrx_word' id='word_1_431' title='bbox 1349 2639 1431 2673; x_wconf 84' lang='lat' dir='ltr'><strong>Asc.</strong></span> <span class='ocrx_word' id='word_1_432' title='bbox 1460 2642 1490 2674; x_wconf 93' lang='lat'><strong>1.</strong></span> <span class='ocrx_word' id='word_1_433' title='bbox 1520 2641 1620 2672; x_wconf 84' lang='lat' dir='ltr'><strong>Crat.</strong></span> 
     </span>
     <span class='ocr_line' id='line_1_46' title="bbox 154 2687 1622 2737; baseline -0.002 -13"><span class='ocrx_word' id='word_1_434' title='bbox 154 2693 223 2725; x_wconf 85' lang='lat' dir='ltr'><strong>cfr.</strong></span> <span class='ocrx_word' id='word_1_435' title='bbox 253 2691 486 2726; x_wconf 79' lang='lat' dir='ltr'><strong>Priscianum</strong></span> <span class='ocrx_word' id='word_1_436' title='bbox 510 2693 555 2726; x_wconf 87' lang='lat' dir='ltr'><strong>T.</strong></span> <span class='ocrx_word' id='word_1_437' title='bbox 582 2694 617 2729; x_wconf 89' lang='lat'><strong>1.</strong></span> <span class='ocrx_word' id='word_1_438' title='bbox 643 2704 680 2737; x_wconf 78' lang='lat' dir='ltr'><strong>p.</strong></span> <span class='ocrx_word' id='word_1_439' title='bbox 707 2692 785 2727; x_wconf 83' lang='lat'><strong>622.</strong></span> <span class='ocrx_word' id='word_1_440' title='bbox 814 2690 943 2725; x_wconf 77' lang='lat' dir='ltr'><strong>Krehl.</strong></span> <span class='ocrx_word' id='word_1_441' title='bbox 971 2690 1169 2726; x_wconf 82' lang='lat' dir='ltr'><strong>ORELLI.</strong></span> <span class='ocrx_word' id='word_1_442' title='bbox 1206 2688 1239 2723; x_wconf 91' lang='lat' dir='ltr'><strong>S.</strong></span> <span class='ocrx_word' id='word_1_443' title='bbox 1267 2687 1504 2730; x_wconf 85' lang='lat' dir='ltr'><strong>Quinctilian.</strong></span> <span class='ocrx_word' id='word_1_444' title='bbox 1531 2689 1560 2726; x_wconf 93' lang='lat'><strong>1,</strong></span> <span class='ocrx_word' id='word_1_445' title='bbox 1588 2689 1622 2727; x_wconf 84' lang='lat'><strong>7,</strong></span> 
     </span>
     <span class='ocr_line' id='line_1_47' title="bbox 153 2735 1622 2784; baseline -0.005 -10"><span class='ocrx_word' id='word_1_446' title='bbox 153 2739 211 2775; x_wconf 84' lang='lat'><strong>22.</strong></span> <span class='ocrx_word' id='word_1_447' title='bbox 239 2740 311 2784; x_wconf 84' lang='lat' dir='ltr'><strong>vgl.</strong></span> <span class='ocrx_word' id='word_1_448' title='bbox 341 2740 410 2773; x_wconf 89' lang='lat' dir='ltr'><strong>mit</strong></span> <span class='ocrx_word' id='word_1_449' title='bbox 435 2741 466 2780; x_wconf 90' lang='lat'><strong>1,</strong></span> <span class='ocrx_word' id='word_1_450' title='bbox 495 2742 530 2783; x_wconf 86' lang='grc'><strong>4,</strong></span> <span class='ocrx_word' id='word_1_451' title='bbox 557 2742 588 2775; x_wconf 88' lang='lat'><strong>7.</strong></span> <span class='ocrx_word' id='word_1_452' title='bbox 618 2739 664 2773; x_wconf 88' lang='lat' dir='ltr'><strong>G.</strong></span> <span class='ocrx_word' id='word_1_453' title='bbox 694 2740 755 2774; x_wconf 80' lang='lat' dir='ltr'><strong>Fr.</strong></span> <span class='ocrx_word' id='word_1_454' title='bbox 782 2740 929 2774; x_wconf 85' lang='lat' dir='ltr'><strong>Grotef.</strong></span> <span class='ocrx_word' id='word_1_455' title='bbox 956 2741 1075 2784; x_wconf 61' lang='lat' dir='ltr'><strong>grass.</strong></span> <span class='ocrx_word' id='word_1_456' title='bbox 1102 2739 1183 2772; x_wconf 86' lang='lat' dir='ltr'><strong>Lat.</strong></span> <span class='ocrx_word' id='word_1_457' title='bbox 1212 2736 1416 2770; x_wconf 86' lang='lat' dir='ltr'><strong>Grammat.</strong></span> <span class='ocrx_word' id='word_1_458' title='bbox 1442 2737 1474 2771; x_wconf 84' lang='lat'><strong>2.</strong></span> <span class='ocrx_word' id='word_1_459' title='bbox 1500 2735 1566 2769; x_wconf 87' lang='lat' dir='ltr'><strong>Bd.</strong></span> <span class='ocrx_word' id='word_1_460' title='bbox 1594 2736 1622 2777; x_wconf 64' lang='grc' dir='ltr'><strong>ξ.</strong></span> 
     </span>
     <span class='ocr_line' id='line_1_48' title="bbox 155 2783 1623 2833; baseline -0.001 -11"><span class='ocrx_word' id='word_1_461' title='bbox 155 2789 233 2822; x_wconf 84' lang='grc'><strong>167.</strong></span> <span class='ocrx_word' id='word_1_462' title='bbox 263 2788 354 2822; x_wconf 79' lang='lat' dir='ltr'><strong>iiber</strong></span> <span class='ocrx_word' id='word_1_463' title='bbox 392 2787 474 2822; x_wconf 74' lang='lat' dir='ltr'><strong>here</strong></span> <span class='ocrx_word' id='word_1_464' title='bbox 500 2799 537 2824; x_wconf 78' lang='lat' dir='ltr'><strong>u.</strong></span> <span class='ocrx_word' id='word_1_465' title='bbox 562 2788 652 2822; x_wconf 76' lang='lat' dir='ltr'><strong>heri.</strong></span> <span class='ocrx_word' id='word_1_466' title='bbox 687 2807 729 2812; x_wconf 93' lang='lat'><strong>-</strong></span> <span class='ocrx_word' id='word_1_467' title='bbox 762 2788 911 2830; x_wconf 80' lang='lat' dir='ltr'><strong>literas,</strong></span> <span class='ocrx_word' id='word_1_468' title='bbox 945 2799 1077 2833; x_wconf 82' lang='lat' dir='ltr'><strong>nempe</strong></span> <span class='ocrx_word' id='word_1_469' title='bbox 1118 2786 1312 2833; x_wconf 76' lang='lat' dir='ltr'><strong>epistolam</strong></span> <span class='ocrx_word' id='word_1_470' title='bbox 1346 2786 1426 2821; x_wconf 62' lang='lat'><strong>7⁰70</strong></span> <span class='ocrx_word' id='word_1_471' title='bbox 1459 2802 1502 2808; x_wconf 88' lang='lat'>—</span> <span class='ocrx_word' id='word_1_472' title='bbox 1539 2783 1623 2816; x_wconf 73' lang='lat' dir='ltr'><strong>bene</strong></span> 
     </span>
    </p>
   </div>
  </div>
 </body>
</html>
