1795 3086
170 71 265 120 232
453 75 517 116 M.
550 76 603 117 T.
635 71 978 117 CICERONIS
1006 72 1375 119 EPISTOLAE.

298 184 614 228 EPISTOLA
645 183 974 229 DCCLXXV.
1032 187 1110 238 (ad
1138 187 1230 229 Att.
1272 186 1406 230 XVI.
1447 187 1536 236 14.)

305 260 385 295 Ser.
412 260 452 293 in
477 258 655 304 Arpinati
680 258 742 293 IV.
765 259 861 295 Idu».
888 261 985 295 Nov.
1010 259 1054 294 A.
1091 261 1135 295 U.
1165 262 1204 296 c.
1227 264 1307 297 710.
1331 261 1378 302 (a.
1406 261 1445 294 e.
1473 263 1547 305 44.)

485 324 623 359 Tribus
648 325 766 361 Attici
793 327 963 373 epistolis
990 327 1204 373 respondet.
1246 328 1347 363 1—4.

688 392 867 428 CICERO
893 392 1075 427 ATTICO
1102 392 1138 427 S.

289 459 422 502 Nihil
462 463 559 503 erat
595 460 738 515 plane,
787 460 906 514 quod
944 460 1200 503 scriberem.
1258 461 1373 505 Nam
1402 475 1535 518 quum
1564 462 1656 506 Pu-

181 515 318 558 teolis
346 529 499 570 essem,
539 516 743 571 quotidie
774 515 946 570 aliquid
978 517 1084 558 novi
1123 518 1179 558 do
1207 517 1475 569 Octaviano,
1515 521 1656 561 multa

181 572 319 613 etiam
347 571 462 614 falsa
491 572 546 613 de
574 572 783 613 Antonio.
840 571 911 612 Ad
938 585 993 614 ea
1023 578 1184 626 autem,
1214 587 1324 629 quae
1355 574 1583 628 scripsisti
1603 598 1657 604 -—-

179 631 274 669 tres
320 627 440 669 enim
488 641 747 683 acceperam
788 641 848 668 111.
887 627 997 669 Idus
1045 642 1068 668 a
1110 635 1155 669 te
1195 631 1409 683 epistolas
1440 649 1493 658 --
1521 631 1656 673 valde

181 683 266 724 tibi
303 682 540 735 assentior,
579 684 621 726 si
659 683 844 724 multum
883 682 1026 738 possit
1065 684 1354 740 Octavianus,
1398 686 1542 727 multo
1580 685 1659 727 fir-

179 739 293 780 mius
342 743 444 781 acta
481 739 665 795 tyranni
712 740 1047 794 comprobatum
1098 739 1160 781 iri
1197 754 1327 795 quam
1368 741 1415 781 in
1455 741 1660 783 Telluris

180 798 312 849 atque
339 795 390 836 id
419 799 576 837 contra
603 795 793 837 Brutum
823 795 944 837 fore:
991 794 1062 837 sin
1103 799 1251 837 autem
1282 797 1494 845 vincitur,
1531 798 1658 839 vides

181 849 513 906 intolerabilem
559 851 830 893 Antoniumx
880 855 946 903 ut,
996 864 1128 906 quem
1175 852 1306 898 velis,
1352 851 1541 893 nescias.
1618 852 1661 893 O

181 905 317 948 Sestii
345 906 647 959 tabellarium,
686 906 914 948 hominem
951 908 1162 962 nequam!
1217 907 1452 948 Postridie
1491 907 1660 949 Puteo-

180 962 241 1003 lis
272 954 444 1005 Romae
473 977 520 1005 se
551 963 674 1004 dixit
702 963 815 1004 fore.
874 962 1009 1013 Quod
1050 977 1119 1005 me
1157 977 1326 1015 mones,
1365 969 1415 1004 ut
1452 963 1662 1016 pedeten-

181 1018 279 1069 tim,
310 1019 554 1060 assentior:
585 1019 671 1061 etsi
701 1018 838 1060 aliter
866 1018 1133 1072 cogitabam.
1191 1019 1287 1061 Nec
1316 1032 1385 1059 me
1414 1017 1660 1074 Philippus

181 1076 258 1115 aut
287 1074 528 1115 Marcellus
556 1077 719 1116 movet.
775 1073 878 1113 Alia
909 1074 1029 1114 enim
1058 1087 1210 1115 eorum
1240 1075 1377 1116 ratio:
1418 1078 1477 1126 et,
1506 1074 1546 1115 si
1575 1087 1662 1116 non

181 1133 264 1181 est,
292 1133 438 1170 tamen
466 1129 660 1171 videtur.
719 1128 810 1170 Sed
838 1128 886 1168 in
916 1128 1006 1171 isto
1034 1129 1209 1183 iuvene,
1238 1142 1502 1185 quamquam
1525 1129 1662 1180 animi

180 1185 305 1235 satis,
347 1183 628 1227 auctoritatis
667 1198 824 1239 parum
854 1188 936 1226 est.
994 1185 1164 1227 Tamen
1206 1186 1328 1234 vide,
1377 1186 1418 1226 si
1460 1183 1578 1227 forte
1615 1186 1664 1226 in

180 1239 440 1283 Tusculano
472 1245 593 1283 recte
632 1253 729 1282 esse
768 1253 964 1295 possum,
1016 1254 1071 1282 ne
1109 1241 1158 1281 id
1198 1239 1362 1283 melius
1400 1240 1475 1293 sit,
1504 1261 1557 1269 —
1586 1254 1664 1282 ero

279 1362 311 1394 1.
361 1362 443 1393 erat
467 1373 516 1391 =
542 1365 617 1402 est5
643 1359 841 1394 scriberem
866 1372 913 1391 z
939 1357 1112 1393 scribam.
1146 1377 1193 1384 —
1225 1360 1267 1393 de
1294 1359 1496 1394 Octaviano
1522 1372 1570 1390 r:
1597 1359 1664 1393 Oe-

181 1407 299 1452 tavi03
325 1406 425 1441 denn
450 1413 529 1442 erst
553 1419 612 1441 am
637 1409 696 1443 22.
723 1407 826 1453 Sept.
854 1407 918 1440 des
944 1407 1039 1455 folg.
1066 1407 1173 1441 Iahrs
1200 1410 1282 1451 711,
1308 1407 1364 1441 als
1392 1417 1434 1440 er
1459 1418 1547 1441 zum
1567 1406 1666 1441 Con-

180 1456 241 1490 sul
281 1455 448 1489 erw'dhlt
483 1455 562 1489 und
604 1456 677 1490 mit
710 1454 1018 1490 consularischor
1055 1455 1196 1489 Pracht
1228 1455 1268 1488 in
1302 1454 1396 1489 Rom
1436 1455 1666 1502 eingezogen

179 1503 279 1537 nach
304 1503 588 1538 vollbrachtem
614 1503 733 1549 Opfer
756 1503 812 1537 als
837 1503 991 1537 solcher
1017 1502 1138 1536 durch
1176 1504 1259 1537 eine
1285 1503 1350 1536 lex
1377 1503 1521 1536 curiata
1547 1502 1666 1536 besta-

179 1553 257 1601 tigt
279 1563 375 1594 war,
416 1551 557 1586 erhielt
600 1561 644 1584 er
676 1550 799 1585 durch
832 1550 1036 1596 dieselbige
1067 1552 1158 1585 Acte
1187 1551 1260 1584 den
1294 1551 1440 1584 Namen
1472 1549 1512 1584 C.
1546 1549 1667 1584 lulius

181 1600 319 1635 caesar
345 1599 576 1633 Octavianus.
628 1598 739 1634 Doch
764 1605 905 1633 nannte
930 1609 1018 1632 man
1044 1597 1112 1633 ihn
1138 1598 1256 1633 sehon
1294 1598 1434 1631 friiher
1465 1598 1521 1632 oft
1544 1597 1667 1632 hono-

180 1649 234 1682 ris
261 1659 367 1682 causa
393 1647 486 1682 eben
512 1658 565 1682 so.
593 1668 636 1674 -—
656 1647 779 1690 falsa,
805 1647 953 1682 falsche
977 1646 1253 1681 Nachrichten.
1303 1666 1348 1671 —
1397 1645 1462 1680 Ad
1485 1656 1528 1679 ea
1553 1651 1668 1679 autem

179 1703 222 1730 ut
247 1695 509 1742 respondeam.
534 1714 582 1721 -
606 1694 683 1730 ΙΙΙ.
708 1696 765 1730 Id.
799 1706 857 1729 am
887 1697 942 1731 12.
972 1694 1198 1730 November.
1227 1713 1268 1719 —
1294 1695 1441 1728 multum
1464 1694 1595 1737 possit,
1621 1704 1669 1727 zu

181 1755 335 1791 grosser
359 1743 488 1778 Macht
513 1745 703 1792 gelangen
737 1744 772 1776 d.
798 1744 824 1778 i.
861 1743 923 1777 die
957 1742 1160 1777 Oberhand
1194 1742 1401 1790 gewinnen
1434 1741 1565 1783 sollte3
1615 1741 1668 1773 im

180 1787 345 1841 Gegens.
371 1803 446 1826 von
472 1792 651 1827 vincitur.
680 1813 722 1818 —
742 1791 908 1833 firmium
934 1790 1137 1838 kr'ziftiger.
1174 1801 1216 1815 —·-
1252 1795 1337 1824 acta
1363 1790 1511 1834 tyranni
1536 1789 1669 1823 Caesa-

180 1840 248 1883 ris,
275 1840 405 1874 essars
430 1841 742 1888 Verordnungen.
794 1859 841 1866 —-
890 1840 927 1873 in
956 1839 1114 1873 Telluris
1140 1838 1301 1883 templo,
1327 1847 1401 1882 quo
1426 1837 1468 1870 in
1492 1837 1577 1871 loco
1604 1836 1669 1870 de-

180 1894 330 1923 cretum
364 1895 432 1931 est,
471 1895 525 1930 ut,
563 1900 656 1934 quae
694 1889 828 1923 Caesar
862 1889 1068 1930 statuisset,
1105 1886 1349 1927 decrevisset,
1393 1885 1546 1933 egisset,
1590 1890 1670 1918 rata

184 1938 393 1971 manerent.
430 1936 638 1972 MANUT.
691 1936 774 1970 vid.
815 1947 874 1982 ep.
914 1936 997 1978 740,
1025 1938 1083 1970 11.
1134 1953 1177 1959 --
1213 1939 1335 1979 utque
1367 1933 1409 1967 dd
1433 1935 1566 1966 contra
1591 1933 1672 1974 Br.‚

180 1984 258 2018 und
282 1996 387 2019 zwar
411 1984 599 2032 geradezu
626 1996 749 2033 geg-en
774 1986 920 2019 Brutus.
969 2001 1013 2007 —
1062 1982 1334 2016 intolerabilem
1367 1982 1463 2023 sore,
1499 1981 1671 2014 futurum

181 2043 274 2067 esse.
319 2051 364 2058 --
388 2038 440 2075 ut,
466 2044 568 2078 quem
592 2034 696 2076 velis,
722 2034 874 2071 nesciae,
904 2042 944 2067 so
971 2031 1052 2065 dass
1079 2042 1166 2064 man
1192 2030 1304 2064 nicht
1329 2029 1436 2072 weis,
1462 2028 1570 2064 Wen
1595 2038 1671 2062 von

180 2080 316 2115 beiden
339 2090 427 2114 man
452 2080 536 2115 sich
560 2081 770 2117 wiinschen
796 2081 882 2115 soll.

277 2130 312 2165 2.
363 2129 486 2163 Sestiz'.
526 2128 566 2163 S.
592 2141 650 2175 ep.
673 2131 755 2172 767,
781 2131 817 2164 5.
866 2128 927 2162 An
950 2125 1059 2161 Sexti
1083 2125 1288 2160 Peducaei?
1317 2120 1514 2158 ORELLI.
1549 2122 1586 2158 S.
1614 2134 1671 2169 ep.

182 2178 263 2216 770,
289 2180 324 2211 1.
375 2195 418 2201 —
468 2180 507 2210 ut
535 2177 748 2220 pedetentim
785 2188 891 2224 agam
926 2181 1056 2210 eontra
1081 2174 1302 2215 Antonium,
1335 2184 1407 2205 nur
1432 2171 1585 2206 Schritt
1609 2173 1674 2205 fiir

181 2223 332 2260 sehr-itt
355 2236 477 2273 gegen
501 2224 683 2259 Antonius
709 2237 756 2259 zu
781 2223 958 2266 handel-n.
1011 2232 1054 2247 —“
1104 2225 1222 2254 movet
1246 2225 1320 2261 me,
1347 2220 1424 2262 „ist
1449 2220 1511 2254 ein
1537 2219 1674 2253 Grund

180 2268 246 2306 fiir
271 2272 415 2307 mich.“
467 2273 621 2307 Attikus
655 2272 760 2308 hatte
793 2272 865 2307 den
892 2270 1029 2305 Cicero
1056 2269 1244 2311 ermahnt‚
1284 2267 1367 2302 dem
1405 2267 1564 2313 Philipp
1597 2267 1673 2301 und

183 2321 354 2362 Marcell,
400 2321 460 2355 die
494 2320 578 2354 sich
611 2321 722 2356 nicht
761 2319 989 2360 iibereilten‚
1040 2315 1341 2361 nachzuahmen.
1391 2315 1433 2348 L.
1468 2315 1674 2361 Philippus

184 2370 289 2403 hatte
314 2368 375 2404 die
399 2369 499 2410 Atia,
526 2369 723 2404 Octavians
750 2371 903 2410 Mutter,
931 2378 1002 2400 zur
1026 2366 1152 2408 Frau;
1181 2367 1221 2398 C.
1247 2362 1455 2398 Marcellus
1489 2363 1577 2397 aber
1613 2361 1675 2396 die

183 2417 354 2453 Tochter
379 2417 448 2451 der
472 2416 571 2459 Atia,
603 2416 664 2450 die
690 2416 910 2452 Schwester
946 2413 1009 2448 des
1035 2413 1271 2448 Octavianus.
1332 2411 1519 2446 Dennoch
1551 2410 1674 2445 tadel-

185 2472 248 2498 ten
274 2465 358 2500 iene
385 2465 448 2500 des
472 2463 678 2514 liinglings
705 2464 858 2498 rasches
894 2462 972 2496 und
1004 2462 1154 2496 kiihnes
1181 2459 1468 2501 Vorschreiten,
1506 2459 1577 2492 mit
1610 2469 1675 2491 aus

185 2513 335 2548 Furcht
367 2525 439 2548 vor
473 2512 685 2556 Antoniu53
726 2513 803 2545 und
836 2512 897 2546 die
936 2510 1120 2545 leibliche
1153 2510 1296 2543 Mutter
1333 2506 1400 2541 sah
1439 2519 1476 2541 es
1510 2517 1674 2554 ung-ern,

125 2560 138 2564 ⁴
184 2562 266 2595 dass
311 2573 354 2596 er
389 2561 519 2596 Casan-s
553 2561 702 2596 Namen
745 2559 822 2593 und
855 2559 1046 2604 Adoption
1079 2557 1254 2592 annahm.
1329 2555 1465 2590 Cicero
1504 2554 1675 2603 dagegen

185 2607 292 2643 ward
324 2621 398 2643 nur
434 2620 510 2643 von
530 2608 629 2642 *dem
665 2608 875 2643 Gedanken
907 2607 1080 2655 geleitet‚
1126 2616 1213 2639 zum
1248 2604 1412 2638 zweiten
1446 2602 1572 2637 Mahle
1608 2602 1676 2635 der

185 2657 248 2690 des
274 2656 679 2691 RettersVaterlandes
705 2668 754 2690 zu
778 2656 949 2691 werden.
975 2673 1022 2681 —-
1049 2653 1164 2696 ratio,
1189 2652 1441 2686 Verh'ziltniss.
1469 2669 1508 2676 -
1540 2650 1676 2691 iuvene,

185 2704 403 2740 Octaviano.
432 2724 474 2729 —
502 2705 595 2747 vide,
621 2704 812 2752 iiberlege.
842 2725 884 2731 -
913 2708 1025 2743 recte,
1053 2701 1196 2736 sicher.
1237 2700 1316 2734 Fiir
1335 2700 1398 2733 das
1415 2697 1677 2732 handschrift-

185 2753 287 2787 liche
312 2763 454 2797 possum
480 2752 621 2798 Einige
645 2752 788 2797 possim.
824 2771 869 2778 -
907 2763 948 2786 ne
973 2752 1024 2794 id,
1049 2750 1094 2785 ob
1116 2749 1178 2784 das
1204 2748 1325 2783 nicht.
1360 2746 1422 2782 Sic
1447 2746 1544 2781 Edd.
1573 2756 1675 2780 meae
