1795 3086
317 89 629 136 EPISTOLA
658 87 1007 134 DCCXLVIII.
1036 88 1339 134 DCCXLIX.
1484 90 1571 138 177

100 206 240 256 dereS‚
269 216 403 259 quum
433 203 526 259 ipse
555 213 803 256 cognosses.
862 199 984 242 Huic
1024 215 1106 256 ego
1145 200 1300 243 literas
1330 200 1470 258 ipsius
1499 216 1568 244 ar-

100 261 272 302 bitratu
302 261 430 301 dabo.
487 259 580 300 Eae
609 263 653 298 te
681 270 735 297 ne
761 256 991 296 moverint.
1056 258 1150 298 Has
1189 256 1350 311 scripsi
1387 259 1432 298 in
1473 271 1568 298 eam

98 322 281 372 partem,
320 329 374 356 ne
402 328 472 356 me
499 317 665 354 motum
694 317 884 366 putares,
941 309 1220 366 Diijaxint,
1257 317 1306 354 ut
1334 313 1472 355 faciat
1501 326 1569 359 ea,

99 386 210 427 quae
239 369 484 426 promittit!
542 369 782 410 Commune
811 366 927 407 enim
956 366 1180 419 gaudium.
1237 367 1327 408 Sed
1356 382 1437 422 ego
1468 399 1478 410 .
1510 398 1521 410 .
1555 398 1565 409 .

98 427 211 468 nihil
242 427 345 467 dico
374 425 575 479 amplius.
634 423 680 463 Is
711 422 818 462 hinc
846 435 904 463 vl.
934 420 1057 461 Idus.
1114 422 1191 462 Ait
1229 423 1345 463 enim
1384 423 1568 464 attribu-

99 483 262 524 tionem
300 482 348 522 in
377 481 499 527 Idus,
541 493 588 521 se
627 481 773 519 autem
811 475 964 532 urgeri
1002 475 1182 517 acriter.
1254 478 1325 518 Tu
1366 493 1419 519 ex
1457 479 1568 520 meis

98 538 258 590 literis,
287 550 374 592 quo
403 535 533 577 modo
564 532 845 588 respondeas,
883 530 1182 572 moderabere.
1240 529 1396 586 Plura,
1438 547 1569 587 quum

98 598 142 634 et
180 593 366 634 Brutum
402 590 561 633 videro
606 595 650 631 et
695 588 881 629 Erotem
919 586 1156 628 remittam.
1231 586 1408 629 Atticae
1445 603 1570 630 meae

98 648 428 690 excusationem
456 645 632 702 accipio
663 656 844 699 eamque
871 655 970 685 amo
1005 642 1273 698 plurimum3
1311 642 1383 684 cui
1422 648 1465 685 et
1492 644 1571 687 Pi-
1633 664 1640 674 -

100 705 186 746 liae
215 704 415 746 salutem.

257 878 574 921 EPISTOLA
603 876 908 920 DCCXLIX.
966 876 1043 929 (ad
1071 875 1164 918 Att.
1193 872 1329 917 XVI.
1359 873 1421 923 5.)

192 950 275 985 ser.
302 952 341 985 in
367 953 567 987 Puteolano
592 952 673 987 vn.
700 951 756 985 1a.
785 951 912 994 Quint.
939 950 984 986 A.
1010 950 1057 985 U.
1085 949 1123 984 c.
1152 950 1233 984 710.
1260 950 1308 990 (a.
1337 949 1377 983 c.
1403 949 1477 989 44.)

100 1018 314 1051 Praemissis
340 1017 557 1062 quibusdam
585 1017 629 1051 de
655 1018 763 1052 Bruti
788 1016 899 1050 ludis.
927 1019 958 1052 l.
1004 1016 1045 1059 Q.
1085 1015 1306 1049 Ciceronem
1342 1014 1463 1047 filium
1498 1014 1575 1047 col-

100 1065 232 1099 laudat.
263 1067 294 1100 2.
322 1065 366 1099 de
392 1065 631 1114 navigatione
666 1076 729 1099 sua
755 1077 793 1099 se
818 1064 1001 1098 dubitare.
1026 1065 1132 1098 3-4,
1183 1062 1341 1108 Nepotis
1377 1062 1575 1107 epistolam

177 1125 216 1148 se
243 1120 474 1159 exspectare.
525 1115 716 1148 Postremo
742 1112 787 1146 de
815 1112 985 1157 epistolis
1010 1111 1085 1146 suis
1108 1110 1261 1145 edendis
1287 1109 1431 1144 scribit.
1456 1111 1490 1146 5.

610 1178 788 1214 CICERO
814 1177 995 1212 ATTICO
1022 1175 1059 1210 S.

210 1246 331 1287 Tuas
382 1246 471 1287 iam
519 1245 674 1287 literas
715 1245 880 1286 Brutus
926 1244 1233 1297 exspectabat:
1281 1242 1355 1284 cui
1396 1243 1574 1298 quidem

100 1314 181 1355 ego
209 1300 239 1353 †
267 1315 356 1343 non
392 1314 553 1343 novum
590 1300 822 1343 attuleram
862 1299 918 1341 de
956 1300 1106 1342 Tereo
1146 1296 1287 1340 Accii.
1343 1299 1431 1340 Ille
1458 1299 1573 1341 Bru-

101 1448 149 1470 zu
173 1435 398 1484 verbiirgen.
433 1456 476 1463 —
531 1447 712 1479 cognose,
736 1447 850 1471 wann
875 1435 932 1470 Du
959 1432 1058 1469 Dich
1084 1432 1202 1468 selbst
1226 1433 1345 1467 davon
1370 1433 1576 1477 iiberzeugt

101 1484 251 1518 h'zittest.
281 1504 322 1510 —-
349 1484 445 1517 Huic
469 1484 605 1527 Quinto
630 1485 724 1518 filio.
753 1502 796 1509 —
831 1484 972 1524 literas,
999 1482 1193 1528 epistolam
1219 1482 1392 1525 proxime
1416 1492 1574 1526 sequen-

102 1538 192 1572 tem,
219 1532 296 1566 749.
326 1531 397 1574 ips.
423 1533 556 1565 arbitr.
591 1532 652 1566 ein
677 1531 900 1570 Schreiben,
934 1530 1010 1565 wie
1037 1541 1080 1563 er
1105 1541 1141 1562 es
1164 1528 1353 1562 wiinscht.
1403 1548 1445 1555 -
1497 1528 1576 1562 Eae

105 1605 112 1612 .
141 1603 149 1612 .
177 1589 219 1612 ue
245 1589 349 1619 mov„
378 1579 448 1612 lass
474 1579 572 1614 Dich
597 1580 686 1613 aber
710 1578 876 1612 dadurch
903 1577 1011 1612 nicht
1035 1576 1210 1618 blenden‚
1236 1594 1279 1600 —
1317 1577 1357 1610 in
1380 1586 1461 1609 eam
1484 1586 1573 1619 par-

106 1632 188 1668 tem,
233 1625 447 1670 dergestalt.
497 1644 544 1652 —
589 1639 632 1661 ne
657 1652 665 1660 .
694 1652 702 1660 .
732 1652 740 1660 .
764 1631 922 1670 putarem,
955 1626 1036 1659 dass
1061 1626 1120 1659 Du
1144 1623 1314 1658 dadurch
1339 1623 1438 1657 doch
1464 1623 1575 1656 nicht

104 1675 144 1707 in
170 1675 243 1708 den
267 1673 400 1708 VVahn
425 1673 609 1720 gerathen
643 1674 816 1716 kb'nnest,
857 1686 904 1707 zu
936 1673 1022 1707 dem
1056 1672 1226 1706 Glauben
1260 1671 1437 1705 verleitet
1471 1681 1574 1705 wer-

105 1722 197 1763 den,
224 1720 288 1754 ich
314 1721 367 1755 sei
393 1721 432 1753 in
460 1722 633 1755 Hinsicht
667 1721 785 1756 dieses
811 1721 947 1755 Neffen
983 1732 1080 1768 ganz
1111 1720 1272 1754 andex-er
1295 1719 1475 1764 Meinung
1509 1728 1574 1762 ge-

105 1769 270 1803 worden.
311 1786 358 1794 —
389 1769 533 1811 faciat,
561 1770 682 1804 leiste.
723 1788 763 1794 —
809 1769 985 1811 gaudium
1009 1769 1122 1810 foret,
1147 1767 1245 1800 deun
1270 1766 1331 1800 das
1356 1766 1488 1801 wiirde
1513 1767 1577 1798 fiir

106 1817 182 1850 Uns
210 1817 291 1849 eine
314 1816 696 1864 gemeinschaftliche
721 1817 870 1850 Frende
897 1816 988 1850 sein.
1015 1833 1058 1840 -—-
1084 1815 1158 1849 Sed
1172 1824 1240 1856 ego
1267 1839 1275 1847 .
1303 1837 1311 1846 .
1340 1838 1348 1846 .
1375 1813 1456 1847 scil.
1483 1823 1576 1847 con-

104 1864 262 1898 trarium
288 1871 427 1898 metuo.
473 1864 723 1910 Aposiopesis.
774 1883 815 1889 —
871 1864 935 1898 ΓΙ.
968 1864 1056 1897 Idus
1089 1862 1226 1906 Quint„
1265 1872 1325 1895 am
1354 1863 1407 1895 10.
1433 1860 1575 1902 Iulius3

110 1912 193 1945 scil.
222 1911 302 1945 hinc
335 1923 354 1946 e
380 1913 584 1946 Puteolano
617 1914 853 1957 profecturus
888 1918 952 1945 est.
1006 1910 1102 1954 ,‚Ed.
1140 1910 1268 1944 Rom.·:
1319 1908 1381 1944 VI.
1415 1908 1577 1947 Melius;

107 1971 194 1992 nam
220 1959 314 1993 haec
341 1959 502 2004 epistola
527 1960 667 2004 scripta
695 1967 751 1994 est
775 1960 874 1993 VIII.
899 1960 998 1992 Idus.
1025 1958 1190 1993 Dixisset
1215 1957 1337 2004 igitur
1361 1966 1456 1990 cras.
1494 1955 1576 1988 Alii

108 2008 219 2040 etiam
247 2008 343 2047 (Asc.
380 2018 453 2041 sec.
491 2008 545 2040 Iu.
582 2007 698 2050 Crat.)
736 2009 811 2042 ΙΙΙ.
848 2008 929 2041 Id.“
977 2007 1070 2040 Ern.
1112 2005 1176 2050 qui
1209 2004 1355 2050 recepit
1391 2004 1456 2038 VI.
1489 2003 1577 2036 Idus

106 2066 190 2088 cum
226 2054 340 2088 Oxon.
369 2056 401 2089 2.
438 2055 563 2088 Ceteri
599 2055 686 2089 scil.
731 2056 818 2089 VII.
852 2055 906 2088 Id.
949 2053 1145 2089 ORELLI.
1193 2053 1289 2086 Vera
1327 2059 1383 2086 est
1423 2050 1489 2084 vul
1520 2056 1578 2083 ata

110 2102 195 2136 1⁷11.
223 2103 322 2135 Idus.
368 2103 462 2136 Nam
496 2103 596 2136 VIII.
622 2103 708 2136 Idus
739 2108 819 2136 erat
843 2114 927 2136 cum
963 2102 1002 2144 Q.
1026 2102 1107 2136 filio
1131 2100 1229 2146 apud
1254 2101 1410 2133 Brutum
1435 2098 1475 2131 in
1493 2062 1578 2131 {Ie-

108 2150 185 2184 side
210 2150 284 2194 (ep.
311 2150 418 2192 748);
451 2150 533 2185 VII.
560 2151 646 2184 Idus
679 2150 720 2192 Q.
746 2151 846 2184 filius
870 2151 1059 2194 profectus
1092 2154 1143 2182 est
1169 2154 1217 2187 et,
1260 2153 1302 2180 ut
1336 2153 1391 2180 est
1424 2145 1462 2178 in
1497 2144 1577 2190 epi-

108 2198 214 2238 stola,
239 2198 362 2231 altero
389 2197 449 2231 die
475 2197 514 2232 h.
533 2209 561 2231 e.
589 2199 647 2231 VI.
665 2198 752 2232 Idus
775 2198 941 2232 Atticum
967 2197 1170 2231 convenire
1193 2195 1354 2230 volebat.
1381 2212 1424 2218 -
1450 2193 1575 2226 altrib.

109 2246 146 2278 in
170 2246 258 2278 Idus
282 2245 364 2286 (auf
386 2245 457 2278 den
484 2246 540 2279 15.
566 2245 660 2280 habe
695 2257 737 2279 er
773 2246 918 2280 Geldex·
949 2244 1094 2278 zuriick
1127 2256 1174 2278 zu
1204 2242 1372 2283 zahlen),
1397 2240 1577 2274 solutioni

110 2293 286 2336 pecuniae
313 2292 455 2326 debitae
481 2293 677 2327 destinatas
703 2294 802 2329 Idus.
850 2294 905 2327 Ea
938 2293 1114 2327 attributa
1145 2297 1226 2326 erat
1255 2289 1369 2324 alicui
1394 2289 1532 2323 Romae
1558 2298 1579 2320 a

111 2339 297 2374 creditore
323 2340 461 2382 Quinti.
505 2340 734 2375 ERNESTI.
782 2359 828 2366 —
877 2341 1070 2381 modemb„
1101 2341 1161 2375 Du
1184 2339 1295 2375 wil-st
1318 2336 1438 2373 Deine
1465 2337 1577 2368 Mass-

112 2386 245 2433 regeln
270 2387 446 2421 nehmen.
473 2408 515 2414 —
542 2389 671 2431 Plura,
698 2388 827 2422 Mehr!
855 2389 939 2423 scil.
965 2388 1136 2422 scribam.

209 2454 238 2485 l.
288 2452 312 2495 ’ὶ-
345 2465 416 2487 non
448 2465 589 2498 novum,
631 2455 723 2489 weil
768 2466 810 2488 er
849 2467 885 2490 es
919 2455 1034 2490 sehon
1067 2454 1214 2502 einiger
1244 2455 1388 2487 Massen
1424 2453 1574 2482 wusste.

114 2500 222 2533 Denn
249 2511 285 2533 es
310 2501 409 2535 wird
435 2502 568 2549 gleich
593 2508 737 2551 gesagt,
770 2503 929 2537 rumoris
955 2529 962 2535 .
989 2528 996 2536 .
1024 2503 1111 2548 quid
1135 2509 1206 2537 etc.
1257 2500 1318 2534 Sic
1356 2496 1444 2531 Cdd.
1483 2495 1576 2528 ¹²05·

113 2547 271 2580 Videtur
295 2547 369 2594 leg.
393 2550 550 2583 nuntium
576 2561 715 2584 novum.
746 2551 875 2584 Delev.
911 2562 979 2584 non
1005 2552 1119 2586 Oxon.
1146 2552 1177 2584 1.
1216 2555 1252 2582 et
1285 2547 1328 2579 de
1355 2543 1510 2578 Corradi
1537 2553 1580 2575 ac

113 2595 209 2628 Man.
240 2596 423 2629 sententia
460 2597 603 2641 (probb.
630 2599 768 2632 Graev.
797 2604 833 2631 et
858 2599 967 2640 Ern.)
999 2599 1096 2632 oliv.
1133 2596 1220 2631 sch.
1254 2595 1346 2627 Liin.
1387 2589 1579 2625 ORELLI.

115 2660 161 2667 —
187 2643 228 2675 de
254 2644 367 2676 Tereo
403 2644 524 2686 Accii,
558 2645 639 2679 dass
673 2658 757 2679 man
791 2644 851 2679 bei
884 2646 1013 2680 seinen
1047 2646 1203 2690 Spielen
1238 2642 1309 2675 den
1341 2640 1481 2673 Tereus
1516 2637 1581 2670 des

115 2690 250 2723 Accius
274 2690 442 2737 gegeben
467 2691 571 2725 habe.
621 2693 690 2727 Die
726 2692 957 2727 Geschichte
994 2694 1056 2727 des
1090 2692 1244 2731 Tereus,
1280 2689 1348 2721 der
1373 2684 1582 2720 Philomela

115 2748 150 2768 u.
178 2739 314 2772 Procne
342 2751 368 2774 s.
392 2738 450 2772 bei
478 2739 581 2773 ovid.
616 2743 762 2775 Metam.
788 2741 851 2782 VI,
876 2741 956 2776 424.
981 2741 1037 2775 bis
1063 2742 1144 2776 682.
1193 2736 1332 2782 Hygin.
1357 2735 1429 2769 fab.
1462 2733 1517 2767 45.
1543 2743 1581 2765 u·

184 2817 242 2841 (ἐς.
263 2817 364 2843 eriere
387 2827 411 2842 v.
433 2818 556 2844 ninerb.
576 2808 624 2844 iv'.
1086 2795 1144 2834 1²
