1795 3086
179 87 241 135 60
455 91 520 133 Μ.
553 90 610 134 Τ.
642 87 984 133 CICERONIS
1013 90 1386 135 EPISTOLAE.

179 205 411 258 utramque
440 206 624 257 partem.
673 201 967 254 Proficiscor,
993 205 1042 245 ut
1059 202 1393 254 constitueram,
1417 204 1590 258 legatus
1615 207 1660 248 in

179 259 441 300 Graeciam?
479 258 644 300 Caedis
676 258 975 312 impendentis
1003 259 1249 314 periculum
1280 259 1486 300 nonnihil
1515 261 1661 303 vitare

176 315 353 366 videor,
388 314 466 356 sed
499 326 683 355 casurus
712 315 758 354 in
788 315 985 370 aliquam
1013 315 1401 370 vituperationem,
1440 318 1560 370 quod
1590 318 1658 358 rei

175 370 382 426 publicae
419 369 638 411 defuerim
676 374 766 411 tam
805 370 934 424 gravi
963 375 1177 426 tempore.
1248 370 1329 412 Sin
1359 374 1506 412 autem
1536 386 1658 414 man-

174 440 302 476 ser03
342 426 441 467 sore
470 439 540 466 me
569 425 750 481 quidem
780 425 914 467 video
943 426 988 466 in
1019 426 1295 478 discrimine,
1340 426 1419 468 sed
1450 427 1660 470 accidere

173 495 304 537 posse
334 481 552 536 suspicor,
581 486 629 523 ut
658 482 871 536 prodesse
900 484 1067 536 possim
1098 484 1163 523 rei
1184 484 1403 537 publicae.
1463 483 1559 524 Iam
1580 485 1658 527 illa

173 536 363 579 consilia
392 538 569 591 privata
597 540 714 589 sunt,
744 537 861 592 quod
893 538 1038 579 sentio
1061 539 1191 580 valde
1222 552 1319 580 esse
1341 539 1451 580 utile
1472 539 1528 580 ad
1552 554 1658 581 con-

171 592 472 634 firmationem
512 592 748 634 Ciceronis
788 608 858 634 me
899 592 1007 634 illuc
1051 596 1232 636 venire:
1272 608 1356 635 nec
1395 595 1486 636 alia
1525 609 1659 638 causa

171 647 466 703 profectionis
496 648 610 689 mihi
640 649 735 689 ulla
763 648 851 690 fuit
879 653 984 701 tum,
1029 664 1162 705 quum
1192 650 1429 692 consilium
1467 651 1567 706 cepi
1595 652 1658 693 le-

170 705 269 758 gari
299 706 354 746 ab
385 704 589 746 Caesare.
647 705 770 747 Tota
800 704 941 761 igitur
970 706 1058 747 hac
1079 706 1135 746 de
1156 719 1219 758 re,
1249 711 1297 748 ut
1321 707 1455 759 soles,
1485 709 1524 748 si
1547 708 1657 763 quid

170 760 231 802 ad
258 774 327 801 me
355 761 581 815 pertinere
610 766 752 816 putas,
783 762 1020 817 cogitabis.
1078 761 1236 803 Redeo
1265 776 1383 803 nunc
1411 763 1468 803 ad
1492 764 1656 819 episto-

168 817 257 858 lam
286 822 421 858 tuam.
481 817 654 859 Scribis
683 818 801 859 enim
831 832 925 860 esse
946 832 1146 859 rumores
1175 832 1260 870 me,
1291 818 1348 859 ad
1371 818 1515 859 lacum
1534 820 1655 874 quod

166 872 325 926 habeo,
346 872 659 926 venditurum3
688 875 978 916 minusculam
1002 887 1110 916 vero
1128 873 1284 915 villam
1303 874 1459 928 utique
1483 874 1656 924 Quinto

166 928 451 981 traditurum,
480 930 552 971 vel
582 930 781 984 impenso
811 931 973 985 pretio,
1011 944 1100 985 quo
1129 930 1460 981 introducatur,
1492 935 1542 972 ut
1570 931 1654 972 tibi

167 984 363 1034 Quintus
393 985 516 1027 filius
548 986 737 1040 dixerit,
766 987 924 1028 dotata
944 986 1140 1042 Aquilia.
1200 986 1301 1040 Ego
1330 999 1439 1028 vero
1470 986 1526 1027 de
1548 1001 1654 1028 ven-

167 1041 341 1082 ditione
369 1041 486 1082 nihil
517 1042 687 1097 cogito,
727 1042 816 1083 nisi
846 1041 971 1098 quid,
1012 1042 1130 1096 quod
1160 1042 1302 1096 magis
1342 1056 1412 1082 me
1441 1043 1653 1095 delectet,

165 1096 394 1139 invenero.
464 1097 661 1146 Quintus
713 1102 858 1139 autem
908 1097 964 1138 de
1003 1098 1191 1139 emendo
1230 1096 1348 1138 nihil
1400 1103 1529 1140 curat
1565 1099 1654 1140 hoc

164 1156 379 1207 tempore.
455 1152 576 1194 Satis
617 1153 736 1194 enim
766 1158 1001 1208 torquetur
1039 1153 1265 1194 debitione
1304 1153 1448 1195 dotis:
1489 1155 1536 1194 in
1567 1168 1654 1210 qua

163 1208 382 1250 mirificas
411 1208 608 1262 Egnatio
639 1208 808 1263 gratias
839 1210 946 1264 agit.
1006 1209 1046 1249 A
1085 1209 1288 1251 ducenda
1323 1213 1468 1250 autem
1508 1224 1653 1252 uxore

165 1265 233 1305 sic
273 1264 504 1316 abhorret,
547 1269 598 1306 ut
637 1265 778 1307 libero
819 1266 986 1307 lectulo
1016 1270 1147 1319 neget
1186 1279 1281 1307 esse
1311 1264 1556 1320 quidquam
1585 1267 1651 1306 iu-

165 1320 373 1363 cundius.
442 1320 531 1362 Sed
570 1320 684 1362 haec
731 1335 907 1377 quoque
946 1321 1176 1362 hactenus.
1236 1321 1390 1362 Redeo
1433 1322 1552 1362 enim
1593 1322 1650 1362 ad

164 1376 375 1418 miseram
413 1390 491 1418 seu
521 1377 686 1418 nullam
716 1378 866 1432 potius
907 1391 999 1418 rem
1042 1378 1279 1431 publicam.
1338 1376 1402 1418 M.
1431 1377 1651 1419 Antonius

165 1433 224 1474 ad
253 1447 323 1474 me
351 1432 536 1487 scripsit
567 1432 623 1474 de
655 1433 938 1475 restitutione
979 1432 1084 1474 Sex.
1116 1433 1298 1475 Clodii:
1339 1446 1470 1488 quam
1507 1433 1651 1475 hono-

261 1555 295 1589 4.
348 1553 387 1589 in
412 1558 605 1600 utramque
626 1559 782 1600 partem,
809 1556 874 1588 fiir
899 1555 977 1588 und
1001 1555 1136 1589 wider.
1187 1572 1232 1581 -
1282 1556 1440 1598 legatus,
1466 1555 1539 1590 mit
1564 1556 1650 1590 dem

164 1602 381 1638 Charakter
405 1604 508 1638 eines
535 1603 765 1637 R’o‘mischen
776 1603 1081 1651 Abgeordneten,
1110 1603 1231 1637 libera
1258 1604 1450 1652 legatione
1474 1617 1495 1638 a
1518 1611 1650 1639 senatu

161 1652 375 1697 impetrata.
413 1671 460 1677 —-
510 1651 687 1694 nonnihil,
714 1652 754 1684 in
780 1653 923 1695 Etwas,
949 1663 1018 1686 vor
1044 1652 1113 1686 der
1138 1652 1259 1685 Hand.
1295 1671 1340 1677 —-—
1391 1654 1471 1686 Iam
1497 1667 1546 1684 Ξ
1571 1665 1649 1686 nun

159 1699 249 1734 aber
276 1701 326 1734 ist
351 1700 413 1734 die
437 1699 664 1742 Riicksicht,
690 1699 772 1734 dass
800 1726 808 1734 .
838 1726 845 1734 .
873 1726 881 1733 .
909 1730 916 1737 .
935 1724 944 1742 ‚
972 1701 1055 1734 eine
1084 1700 1207 1734 blosse
1234 1700 1490 1735 Privatsache.
1519 1719 1562 1724 —
1600 1703 1651 1736 ad

157 1747 322 1790 confirm.
351 1748 429 1782 cic.
456 1748 533 1781 filii
557 1748 715 1783 Athenis
742 1748 817 1783 iam
835 1749 1029 1783 versantis.
1055 1748 1140 1795 Vgl.
1165 1759 1222 1793 ep.
1246 1750 1369 1787 6822.
1396 1749 1500 1791 illuc,
1527 1749 1647 1783 Athe-

158 1809 236 1834 nas,
281 1814 324 1820 -·
374 1797 503 1840 legari
534 1798 579 1831 ab
617 1797 790 1839 Caesare,
826 1797 932 1831 mich
956 1808 1045 1831 vom
1079 1797 1193 1831 Casar
1226 1797 1297 1830 mit
1322 1797 1405 1830 dem
1432 1797 1648 1832 Charakter

159 1845 263 1880 eines
288 1845 415 1879 freien
441 1845 657 1879 Gesandten
684 1845 780 1879 nach
796 1844 1081 1879 Griechenland
1101 1845 1290 1879 entlassen
1316 1857 1362 1878 zu
1383 1845 1574 1879 sehen.—
1599 1846 1649 1880 ad

157 1904 214 1927 me
236 1893 434 1938 pertinere,
462 1893 543 1928 dass
572 1905 609 1927 es
637 1893 719 1928 eine
746 1893 867 1928 Sache
893 1905 966 1928 von
992 1893 1293 1927 Erheblichkeit
1317 1895 1382 1927 fiir
1407 1894 1511 1927 mich
1537 1894 1605 1928 sei.

254 1943 288 1977 5.
331 1942 427 1975 enim
452 1956 501 1973 z
528 1942 709 1976 namlich.
747 1960 789 1966 -
835 1942 884 1975 ad
907 1943 1026 1976 lacum
1051 1942 1075 1975 i.
1103 1952 1133 1975 e.
1155 1941 1356 1987 praedium
1382 1942 1422 1975 in
1448 1953 1541 1990 agro
1570 1943 1645 1977 Cu-

158 2001 270 2024 mano
304 1989 350 2023 ad
375 1990 501 2024 lacum
526 1991 736 2024 Lucrinum
772 1990 866 2034 quod
890 1989 1011 2024 habeo.
1060 1989 1098 2024 S.
1128 2000 1185 2036 ep.
1214 1991 1295 2031 698,
1324 1993 1355 2024 l.
1407 2009 1453 2015 --·
1501 1991 1644 2032 villam,

157 2038 213 2072 ibi
237 2049 347 2082 quam
373 2038 504 2072 habeo.
532 2058 579 2064 ——
610 2039 744 2083 utique.
771 2038 851 2073 Om.
878 2038 998 2082 utique
1024 2038 1136 2072 Oxou.
1165 2039 1196 2073 2.
1223 2038 1320 2071 Ball.
1347 2039 1508 2072 Helmst.
1534 2039 1642 2074 Rom.

156 2087 265 2132 prob.
294 2087 430 2121 Graev.
465 2086 499 2120 E
526 2087 620 2122 Med.
654 2087 756 2120 nihil
783 2092 947 2121 notatur.
994 2086 1068 2121 Sed
1091 2085 1184 2119 alibi
1211 2098 1322 2131 saepe
1348 2098 1419 2132 pro
1447 2089 1487 2122 Q.
1517 2088 1642 2130 (Quin-

156 2138 230 2178 tus)
254 2135 295 2168 in
321 2145 364 2169 eo
390 2140 447 2169 est
471 2146 557 2179 qne3
596 2148 641 2169 ex
668 2147 742 2179 quo
770 2141 807 2169 et
831 2134 960 2168 villam
987 2146 1075 2168 sane
1102 2140 1251 2179 poterat
1275 2135 1395 2179 utique
1419 2135 1525 2169 oriri.
1567 2136 1640 2170 ΟΒ.

156 2201 206 2208 -
229 2184 288 2217 vel
312 2183 396 2227 irrep.
423 2184 542 2226 pretio
569 2191 655 2222 cet.,
694 2183 763 2217 der
792 2183 853 2216 die
878 2183 980 2216 Villa
1013 2183 1136 2216 haben
1161 2183 1293 2226 wolle,
1328 2195 1443 2218 wenn
1476 2195 1519 2217 er
1542 2183 1640 2218 auch

156 2232 221 2266 (las
256 2243 376 2278 ganze
406 2231 659 2279 Heirathsgut
704 2231 773 2264 der
807 2231 962 2276 Aquilia
1002 2231 1097 2264 dazu
1133 2230 1368 2265 verwenden
1404 2233 1557 2265 iniisste.
1594 2251 1636 2257 —

156 2280 322 2324 Aquilia,
350 2291 460 2323 quam
488 2280 646 2322 Quintus
674 2286 783 2326 pater
808 2290 967 2313 uxorem
992 2279 1172 2313 ducturus
1197 2279 1408 2320 videbatur,
1435 2280 1640 2324 Pomponia

156 2329 319 2362 dimissa.
347 2328 455 2363 SCII.
506 2329 593 2376 Vgl.
621 2340 678 2373 ep.
706 2330 788 2369 690,
816 2329 850 2362 4.
876 2329 958 2366 699,
985 2330 1018 2363 3.
1072 2347 1115 2353 --
1167 2327 1345 2361 debitione
1369 2328 1479 2369 dotis,
1514 2328 1638 2361 durch

154 2377 217 2411 die
243 2376 524 2424 Riickzahlung·
549 2377 619 2411 der
643 2377 790 2424 Mitgist
822 2388 870 2409 an
897 2376 1001 2411 seine
1034 2375 1246 2409 entlassene
1271 2375 1505 2410 Gemahlinn
1531 2377 1638 2410 Pom-

155 2426 277 2472 ponia.
305 2444 350 2450 -—
376 2425 541 2467 Egnatio
568 2425 786 2470 trapezitae,
814 2424 879 2469 qui
906 2435 990 2458 eum
1016 2430 1174 2472 argento
1199 2423 1425 2458 sublevarat.
1453 2424 1563 2459 SOH.

251 2476 285 2509 6.
337 2474 477 2507 nullam,
503 2485 550 2502 z
582 2473 697 2519 plane
722 2472 925 2518 perditam.
980 2492 1024 2498 —
1072 2472 1156 2507 Sex.
1186 2472 1320 2516 Clodii,
1356 2472 1423 2516 qui
1449 2473 1638 2508 exsulabat

154 2522 443 2564 condemnatus,
479 2521 579 2565 quod
616 2533 659 2556 eo
685 2521 781 2555 duce
814 2522 978 2566 populus
1015 2521 1053 2554 in
1087 2520 1231 2554 curiam
1266 2522 1303 2554 P.
1339 2520 1464 2556 Clodii
1500 2532 1636 2567 corpus

157 2571 385 2604 contulisset
410 2577 689 2614 cremassetque
716 2569 906 2603 subselliis
935 2576 971 2603 et
996 2569 1136 2603 mensis
1169 2575 1207 2602 ct
1232 2569 1422 2603 codicibus
1458 2569 1635 2603 librario·

156 2630 262 2661 rum;
289 2630 362 2663 quo
386 2619 477 2666 igne
505 2625 543 2652 et
567 2619 648 2663 ipsa
673 2618 777 2652 curia
802 2624 840 2652 et
864 2618 992 2651 curiae
1019 2618 1144 2651 iuncta
1170 2618 1301 2651 Porcia
1321 2617 1632 2664 basilica-flagra-

154 2673 270 2701 verat.
320 2667 403 2700 Vid.
429 2666 611 2702 Pedianus
637 2667 676 2700 in
702 2673 926 2714 argumento
953 2665 1180 2700 Milonianae
1214 2672 1251 2700 et
1276 2666 1318 2699 in
1343 2671 1512 2700 extremo
1538 2665 1634 2699 eius=

155 2716 241 2750 dem
277 2715 458 2751 orationis
494 2715 775 2750 commentario.
825 2715 1027 2749 MANUT.
1103 2714 1232 2760 Vergl.
1268 2726 1316 2748 zu
1341 2715 1450 2760 epist.
1485 2714 1570 2755 519,
1597 2715 1633 2756 3,

156 2763 246 2800 Scit„
274 2766 351 2802 219.
380 2764 453 2798 und
480 2766 561 2804 690,
587 2766 618 2800 2.
673 2784 711 2791 e-
767 2774 874 2808 quam
908 2763 1053 2808 honora,
1086 2763 1127 2797 in
1153 2763 1226 2799 wie
1254 2762 1503 2798 ehrenvollen
1542 2761 1632 2796 ΑυεΖ
