<?xml version="1.0" encoding="UTF-8"?>
<!DOCTYPE html PUBLIC "-//W3C//DTD XHTML 1.0 Transitional//EN"
    "http://www.w3.org/TR/xhtml1/DTD/xhtml1-transitional.dtd">
<html xmlns="http://www.w3.org/1999/xhtml" xml:lang="en" lang="en">
 <head>
  <title>
</title>
<meta http-equiv="Content-Type" content="text/html;charset=utf-8" />
  <meta name='ocr-system' content='tesseract 3.04.00' />
  <meta name='ocr-capabilities' content='ocr_page ocr_carea ocr_par ocr_line ocrx_word'/>
</head>
<body>
  <div class='ocr_page' id='page_1' title='image "./epistolaeadattic04ciceuoft_0286.png"; bbox 0 0 1795 3086; ppageno 0'>
   <div class='ocr_carea' id='block_1_1' title="bbox 237 79 1449 133">
    <p class='ocr_par' dir='ltr' id='par_1_1' title="bbox 237 79 1449 133">
     <span class='ocr_line' id='line_1_1' title="bbox 237 79 1449 133; baseline -0.007 0"><span class='ocrx_word' id='word_1_1' title='bbox 237 84 332 133; x_wconf 76' lang='grc'>276</span> <span class='ocrx_word' id='word_1_2' title='bbox 522 86 581 126; x_wconf 85' lang='grc' dir='ltr'>Μ,</span> <span class='ocrx_word' id='word_1_3' title='bbox 613 84 667 125; x_wconf 85' lang='lat' dir='ltr'>T=</span> <span class='ocrx_word' id='word_1_4' title='bbox 703 79 1046 125; x_wconf 82' lang='lat' dir='ltr'>CICERONIS</span> <span class='ocrx_word' id='word_1_5' title='bbox 1077 80 1449 125; x_wconf 81' lang='lat' dir='ltr'>EPISTOLAE..</span> 
     </span>
    </p>
   </div>
   <div class='ocr_carea' id='block_1_2' title="bbox 238 191 1784 1702">
    <p class='ocr_par' dir='ltr' id='par_1_2' title="bbox 238 191 1784 1702">
     <span class='ocr_line' id='line_1_2' title="bbox 238 191 1721 250; baseline -0.003 -9"><span class='ocrx_word' id='word_1_6' title='bbox 238 198 433 241; x_wconf 71' lang='lat' dir='ltr'>vinciam</span> <span class='ocrx_word' id='word_1_7' title='bbox 464 196 663 250; x_wconf 77' lang='lat' dir='ltr'><strong>legiones</strong></span> <span class='ocrx_word' id='word_1_8' title='bbox 693 195 928 237; x_wconf 72' lang='lat' dir='ltr'>ducerem?</span> <span class='ocrx_word' id='word_1_9' title='bbox 958 197 1048 239; x_wconf 81' lang='lat' dir='ltr'>aut,</span> <span class='ocrx_word' id='word_1_10' title='bbox 1075 194 1114 234; x_wconf 85' lang='lat' dir='ltr'>si</span> <span class='ocrx_word' id='word_1_11' title='bbox 1137 197 1289 236; x_wconf 39' lang='lat' dir='ltr'>cefteia</span> <span class='ocrx_word' id='word_1_12' title='bbox 1312 191 1588 247; x_wconf 78' lang='lat' dir='ltr'><strong>transissem,</strong></span> <span class='ocrx_word' id='word_1_13' title='bbox 1618 207 1721 236; x_wconf 85' lang='lat' dir='ltr'>num</span> 
     </span>
     <span class='ocr_line' id='line_1_3' title="bbox 241 249 1721 306; baseline -0.003 -11"><span class='ocrx_word' id='word_1_14' title='bbox 241 256 375 295; x_wconf 82' lang='lat' dir='ltr'>etiam</span> <span class='ocrx_word' id='word_1_15' title='bbox 413 253 553 306; x_wconf 82' lang='lat' dir='ltr'><strong>Alpes</strong></span> <span class='ocrx_word' id='word_1_16' title='bbox 592 253 790 306; x_wconf 70' lang='lat' dir='ltr'>poteram</span> <span class='ocrx_word' id='word_1_17' title='bbox 829 251 1124 301; x_wconf 76' lang='lat' dir='ltr'>transvolare,</span> <span class='ocrx_word' id='word_1_18' title='bbox 1174 264 1287 305; x_wconf 83' lang='lat' dir='ltr'>quae</span> <span class='ocrx_word' id='word_1_19' title='bbox 1326 249 1556 304; x_wconf 82' lang='lat' dir='ltr'>plaesidio</span> <span class='ocrx_word' id='word_1_20' title='bbox 1593 250 1721 292; x_wconf 82' lang='grc'>1111115</span> 
     </span>
     <span class='ocr_line' id='line_1_4' title="bbox 241 305 1719 369; baseline -0.004 -18"><span class='ocrx_word' id='word_1_21' title='bbox 241 309 473 351; x_wconf 73' lang='lat' dir='ltr'>tenentur?</span> <span class='ocrx_word' id='word_1_22' title='bbox 529 307 661 347; x_wconf 85' lang='lat' dir='ltr'>Adde</span> <span class='ocrx_word' id='word_1_23' title='bbox 689 306 793 359; x_wconf 78' lang='lat' dir='ltr'>huc,</span> <span class='ocrx_word' id='word_1_24' title='bbox 831 306 950 369; x_wconf 83' lang='lat' dir='ltr'>quod</span> <span class='ocrx_word' id='word_1_25' title='bbox 982 305 1177 369; x_wconf 77' lang='lat' dir='ltr'>pelserr&#39;i</span> <span class='ocrx_word' id='word_1_26' title='bbox 1218 306 1381 346; x_wconf 82' lang='lat' dir='ltr'>literae</span> <span class='ocrx_word' id='word_1_27' title='bbox 1411 306 1537 346; x_wconf 83' lang='lat' dir='ltr'>nulla</span> <span class='ocrx_word' id='word_1_28' title='bbox 1565 306 1719 348; x_wconf 80' lang='lat' dir='ltr'>condi-</span> 
     </span>
     <span class='ocr_line' id='line_1_5' title="bbox 241 361 1721 426; baseline -0.002 -21"><span class='ocrx_word' id='word_1_29' title='bbox 241 366 363 406; x_wconf 79' lang='lat' dir='ltr'>tione</span> <span class='ocrx_word' id='word_1_30' title='bbox 393 366 656 426; x_wconf 79' lang='lat' dir='ltr'>potuerunt·</span> <span class='ocrx_word' id='word_1_31' title='bbox 687 361 914 404; x_wconf 80' lang='lat' dir='ltr'>sexcentis</span> <span class='ocrx_word' id='word_1_32' title='bbox 935 362 1053 402; x_wconf 86' lang='lat' dir='ltr'>enim</span> <span class='ocrx_word' id='word_1_33' title='bbox 1074 361 1189 403; x_wconf 92' lang='grc'>10015</span> <span class='ocrx_word' id='word_1_34' title='bbox 1213 362 1528 403; x_wconf 70' lang='lat' dir='ltr'>excutiuntur:</span> <span class='ocrx_word' id='word_1_35' title='bbox 1558 361 1721 403; x_wconf 87' lang='lat' dir='ltr'>deinde</span> 
     </span>
     <span class='ocr_line' id='line_1_6' title="bbox 240 416 1722 472; baseline -0.002 -12"><span class='ocrx_word' id='word_1_36' title='bbox 240 420 374 461; x_wconf 83' lang='lat' dir='ltr'>etiam</span> <span class='ocrx_word' id='word_1_37' title='bbox 406 419 656 460; x_wconf 74' lang='lat' dir='ltr'>ietinentur</span> <span class='ocrx_word' id='word_1_38' title='bbox 684 420 737 459; x_wconf 80' lang='lat' dir='ltr'>ab</span> <span class='ocrx_word' id='word_1_39' title='bbox 767 417 941 472; x_wconf 84' lang='lat' dir='ltr'>Lepido</span> <span class='ocrx_word' id='word_1_40' title='bbox 972 418 1212 459; x_wconf 85' lang='lat' dir='ltr'>tabellarii.</span> <span class='ocrx_word' id='word_1_41' title='bbox 1273 417 1400 458; x_wconf 82' lang='lat' dir='ltr'>Illud</span> <span class='ocrx_word' id='word_1_42' title='bbox 1435 430 1505 458; x_wconf 83' lang='lat' dir='ltr'>me</span> <span class='ocrx_word' id='word_1_43' title='bbox 1543 416 1722 459; x_wconf 75' lang='lat' dir='ltr'>Conlu-</span> 
     </span>
     <span class='ocr_line' id='line_1_7' title="bbox 240 473 1722 539; baseline -0.002 -23"><span class='ocrx_word' id='word_1_44' title='bbox 240 478 321 539; x_wconf 75' lang='grc' dir='ltr'>1)ᾳο</span> <span class='ocrx_word' id='word_1_45' title='bbox 348 489 434 539; x_wconf 89' lang='lat' dir='ltr'>pro</span> <span class='ocrx_word' id='word_1_46' title='bbox 465 475 679 517; x_wconf 80' lang='lat' dir='ltr'>concione</span> <span class='ocrx_word' id='word_1_47' title='bbox 710 474 884 515; x_wconf 83' lang='lat' dir='ltr'><strong>dixisse</strong></span> <span class='ocrx_word' id='word_1_48' title='bbox 925 487 1054 515; x_wconf 89' lang='lat' dir='ltr'>nemo</span> <span class='ocrx_word' id='word_1_49' title='bbox 1092 475 1273 516; x_wconf 81' lang='lat' dir='ltr'>vocabit</span> <span class='ocrx_word' id='word_1_50' title='bbox 1309 474 1355 514; x_wconf 88' lang='lat' dir='ltr'>in</span> <span class='ocrx_word' id='word_1_51' title='bbox 1385 473 1584 520; x_wconf 84' lang='lat' dir='ltr'>dubium,</span> <span class='ocrx_word' id='word_1_52' title='bbox 1620 486 1722 528; x_wconf 83' lang='lat' dir='ltr'>pro-</span> 
     </span>
     <span class='ocr_line' id='line_1_8' title="bbox 240 529 1724 583; baseline -0.003 -11"><span class='ocrx_word' id='word_1_53' title='bbox 240 531 433 573; x_wconf 80' lang='lat' dir='ltr'>vinciam</span> <span class='ocrx_word' id='word_1_54' title='bbox 463 545 531 572; x_wconf 86' lang='lat' dir='ltr'>me</span> <span class='ocrx_word' id='word_1_55' title='bbox 556 530 689 581; x_wconf 88' lang='lat' dir='ltr'>nulli,</span> <span class='ocrx_word' id='word_1_56' title='bbox 720 530 808 570; x_wconf 90' lang='lat' dir='ltr'>nisi</span> <span class='ocrx_word' id='word_1_57' title='bbox 838 529 934 583; x_wconf 85' lang='lat' dir='ltr'>qui</span> <span class='ocrx_word' id='word_1_58' title='bbox 946 531 1000 571; x_wconf 84' lang='lat' dir='ltr'>ab</span> <span class='ocrx_word' id='word_1_59' title='bbox 1030 534 1186 571; x_wconf 80' lang='lat' dir='ltr'>senatu</span> <span class='ocrx_word' id='word_1_60' title='bbox 1205 531 1367 571; x_wconf 85' lang='lat' dir='ltr'>missus</span> <span class='ocrx_word' id='word_1_61' title='bbox 1390 529 1604 582; x_wconf 85' lang='lat' dir='ltr'>venisset,</span> <span class='ocrx_word' id='word_1_62' title='bbox 1634 533 1724 570; x_wconf 51' lang='lat' dir='ltr'>tra„</span> 
     </span>
     <span class='ocr_line' id='line_1_9' title="bbox 240 585 1725 647; baseline -0.003 -19"><span class='ocrx_word' id='word_1_63' title='bbox 240 588 454 629; x_wconf 82' lang='lat' dir='ltr'>diturum.</span> <span class='ocrx_word' id='word_1_64' title='bbox 525 586 640 627; x_wconf 85' lang='lat' dir='ltr'>Nam</span> <span class='ocrx_word' id='word_1_65' title='bbox 685 585 740 625; x_wconf 89' lang='lat' dir='ltr'>de</span> <span class='ocrx_word' id='word_1_66' title='bbox 776 585 953 639; x_wconf 82' lang='lat' dir='ltr'>legione</span> <span class='ocrx_word' id='word_1_67' title='bbox 991 586 1224 627; x_wconf 78' lang='lat' dir='ltr'>tricesima</span> <span class='ocrx_word' id='word_1_68' title='bbox 1270 585 1490 627; x_wconf 83' lang='lat' dir='ltr'>tradenda</span> <span class='ocrx_word' id='word_1_69' title='bbox 1537 587 1725 647; x_wconf 78' lang='lat' dir='ltr'>quantas</span> 
     </span>
     <span class='ocr_line' id='line_1_10' title="bbox 239 639 1726 696; baseline -0.003 -12"><span class='ocrx_word' id='word_1_70' title='bbox 239 643 548 685; x_wconf 77' lang='lat' dir='ltr'>contentiones</span> <span class='ocrx_word' id='word_1_71' title='bbox 590 641 825 684; x_wconf 74' lang='lat' dir='ltr'>habuerim</span> <span class='ocrx_word' id='word_1_72' title='bbox 871 641 981 695; x_wconf 86' lang='lat' dir='ltr'>quid</span> <span class='ocrx_word' id='word_1_73' title='bbox 1022 655 1106 695; x_wconf 82' lang='lat' dir='ltr'>ego</span> <span class='ocrx_word' id='word_1_74' title='bbox 1141 641 1365 683; x_wconf 62' lang='lat' dir='ltr'>scribam?</span> <span class='ocrx_word' id='word_1_75' title='bbox 1415 653 1504 696; x_wconf 83' lang='lat' dir='ltr'>qua</span> <span class='ocrx_word' id='word_1_76' title='bbox 1542 639 1726 691; x_wconf 80' lang='lat' dir='ltr'>tradita,</span> 
     </span>
     <span class='ocr_line' id='line_1_11' title="bbox 239 672 1725 755; baseline -0.003 -15"><span class='ocrx_word' id='word_1_77' title='bbox 239 702 403 755; x_wconf 80' lang='lat' dir='ltr'>quanto</span> <span class='ocrx_word' id='word_1_78' title='bbox 432 711 513 752; x_wconf 90' lang='lat' dir='ltr'>pro</span> <span class='ocrx_word' id='word_1_79' title='bbox 546 711 593 737; x_wconf 87' lang='lat' dir='ltr'>re</span> <span class='ocrx_word' id='word_1_80' title='bbox 623 697 804 751; x_wconf 83' lang='lat' dir='ltr'>publica</span> <span class='ocrx_word' id='word_1_81' title='bbox 824 697 1049 738; x_wconf 83' lang='lat' dir='ltr'>infirmior</span> <span class='ocrx_word' id='word_1_82' title='bbox 1049 672 1247 739; x_wconf 43' lang='lat' dir='ltr'>‘’·sutums</span> <span class='ocrx_word' id='word_1_83' title='bbox 1265 696 1446 750; x_wconf 83' lang='lat' dir='ltr'>fuerim,</span> <span class='ocrx_word' id='word_1_84' title='bbox 1477 696 1576 751; x_wconf 88' lang='lat' dir='ltr'>quis</span> <span class='ocrx_word' id='word_1_85' title='bbox 1598 696 1725 750; x_wconf 83' lang='lat' dir='ltr'>igno-</span> 
     </span>
     <span class='ocr_line' id='line_1_12' title="bbox 240 752 1724 815; baseline -0.003 -19"><span class='ocrx_word' id='word_1_86' title='bbox 240 756 336 796; x_wconf 75' lang='lat' dir='ltr'>rat?</span> <span class='ocrx_word' id='word_1_87' title='bbox 394 755 497 794; x_wconf 84' lang='lat' dir='ltr'>Hac</span> <span class='ocrx_word' id='word_1_88' title='bbox 538 752 657 794; x_wconf 89' lang='lat' dir='ltr'>enim</span> <span class='ocrx_word' id='word_1_89' title='bbox 688 753 867 808; x_wconf 80' lang='lat' dir='ltr'>legione</span> <span class='ocrx_word' id='word_1_90' title='bbox 907 752 1002 793; x_wconf 86' lang='lat' dir='ltr'>noli</span> <span class='ocrx_word' id='word_1_91' title='bbox 1032 753 1180 793; x_wconf 69' lang='lat' dir='ltr'>aciius</span> <span class='ocrx_word' id='word_1_92' title='bbox 1211 755 1287 793; x_wconf 83' lang='lat' dir='ltr'>aut</span> <span class='ocrx_word' id='word_1_93' title='bbox 1316 754 1562 807; x_wconf 77' lang='lat' dir='ltr'>pugnacius</span> <span class='ocrx_word' id='word_1_94' title='bbox 1593 752 1724 815; x_wconf 67' lang='lat' dir='ltr'>quid›</span> 
     </span>
     <span class='ocr_line' id='line_1_13' title="bbox 238 807 1726 875; baseline -0.003 -25"><span class='ocrx_word' id='word_1_95' title='bbox 238 824 367 875; x_wconf 83' lang='lat' dir='ltr'>quam</span> <span class='ocrx_word' id='word_1_96' title='bbox 409 813 564 873; x_wconf 79' lang='lat' dir='ltr'>putare</span> <span class='ocrx_word' id='word_1_97' title='bbox 602 823 713 851; x_wconf 84' lang='lat' dir='ltr'>esse</span> <span class='ocrx_word' id='word_1_98' title='bbox 783 808 935 858; x_wconf 79' lang='lat' dir='ltr'>Quare</span> <span class='ocrx_word' id='word_1_99' title='bbox 975 823 1075 850; x_wconf 90' lang='lat' dir='ltr'>eum</span> <span class='ocrx_word' id='word_1_100' title='bbox 1115 822 1185 849; x_wconf 91' lang='lat' dir='ltr'>me</span> <span class='ocrx_word' id='word_1_101' title='bbox 1226 809 1438 849; x_wconf 84' lang='lat' dir='ltr'>existima</span> <span class='ocrx_word' id='word_1_102' title='bbox 1476 821 1597 860; x_wconf 87' lang='lat' dir='ltr'>esse,</span> <span class='ocrx_word' id='word_1_103' title='bbox 1647 807 1726 862; x_wconf 88' lang='lat' dir='ltr'>qui</span> 
     </span>
     <span class='ocr_line' id='line_1_14' title="bbox 238 863 1725 922; baseline -0.002 -16"><span class='ocrx_word' id='word_1_104' title='bbox 238 867 431 922; x_wconf 87' lang='lat' dir='ltr'>primum</span> <span class='ocrx_word' id='word_1_105' title='bbox 462 866 584 920; x_wconf 81' lang='lat' dir='ltr'>pacis</span> <span class='ocrx_word' id='word_1_106' title='bbox 615 864 931 919; x_wconf 85' lang='lat' dir='ltr'>cupidissimus</span> <span class='ocrx_word' id='word_1_107' title='bbox 962 864 1070 914; x_wconf 73' lang='grc'>51111,</span> <span class='ocrx_word' id='word_1_108' title='bbox 1110 878 1262 906; x_wconf 86' lang='grc'>01111105</span> <span class='ocrx_word' id='word_1_109' title='bbox 1293 864 1411 905; x_wconf 83' lang='grc'>0111111</span> <span class='ocrx_word' id='word_1_110' title='bbox 1442 864 1565 905; x_wconf 82' lang='lat' dir='ltr'>cives</span> <span class='ocrx_word' id='word_1_111' title='bbox 1593 863 1725 917; x_wconf 81' lang='lat' dir='ltr'>plane</span> 
     </span>
     <span class='ocr_line' id='line_1_15' title="bbox 240 919 1727 976; baseline -0.002 -13"><span class='ocrx_word' id='word_1_112' title='bbox 240 922 399 963; x_wconf 85' lang='lat' dir='ltr'>studeo</span> <span class='ocrx_word' id='word_1_113' title='bbox 438 935 533 962; x_wconf 89' lang='lat' dir='ltr'>esse</span> <span class='ocrx_word' id='word_1_114' title='bbox 577 922 750 962; x_wconf 83' lang='lat' dir='ltr'>salvos:</span> <span class='ocrx_word' id='word_1_115' title='bbox 792 920 971 968; x_wconf 82' lang='lat' dir='ltr'>deinde,</span> <span class='ocrx_word' id='word_1_116' title='bbox 1012 920 1089 976; x_wconf 88' lang='lat' dir='ltr'>qui</span> <span class='ocrx_word' id='word_1_117' title='bbox 1120 924 1165 962; x_wconf 85' lang='lat' dir='ltr'>et</span> <span class='ocrx_word' id='word_1_118' title='bbox 1202 935 1271 962; x_wconf 90' lang='lat' dir='ltr'>me</span> <span class='ocrx_word' id='word_1_119' title='bbox 1302 925 1345 961; x_wconf 91' lang='lat' dir='ltr'>et</span> <span class='ocrx_word' id='word_1_120' title='bbox 1374 934 1468 961; x_wconf 86' lang='lat' dir='ltr'>rem</span> <span class='ocrx_word' id='word_1_121' title='bbox 1498 919 1727 974; x_wconf 81' lang='lat' dir='ltr'>publicam</span> 
     </span>
     <span class='ocr_line' id='line_1_16' title="bbox 238 975 1727 1031; baseline -0.003 -11"><span class='ocrx_word' id='word_1_122' title='bbox 238 977 474 1021; x_wconf 78' lang='lat' dir='ltr'>vindicare</span> <span class='ocrx_word' id='word_1_123' title='bbox 516 977 563 1017; x_wconf 91' lang='lat' dir='ltr'>in</span> <span class='ocrx_word' id='word_1_124' title='bbox 602 977 859 1018; x_wconf 79' lang='lat' dir='ltr'>libertatem</span> <span class='ocrx_word' id='word_1_125' title='bbox 898 981 1079 1031; x_wconf 78' lang='lat' dir='ltr'>paratus</span> <span class='ocrx_word' id='word_1_126' title='bbox 1109 976 1207 1017; x_wconf 87' lang='lat' dir='ltr'>sim.</span> <span class='ocrx_word' id='word_1_127' title='bbox 1271 977 1412 1026; x_wconf 84' lang='lat' dir='ltr'>Quod</span> <span class='ocrx_word' id='word_1_128' title='bbox 1452 975 1727 1016; x_wconf 80' lang='lat' dir='ltr'>familiarem</span> 
     </span>
     <span class='ocr_line' id='line_1_17' title="bbox 238 1031 1727 1086; baseline -0.003 -11"><span class='ocrx_word' id='word_1_129' title='bbox 238 1047 380 1075; x_wconf 90' lang='lat' dir='ltr'>meum</span> <span class='ocrx_word' id='word_1_130' title='bbox 412 1037 592 1073; x_wconf 89' lang='lat' dir='ltr'>tuorum</span> <span class='ocrx_word' id='word_1_131' title='bbox 631 1047 817 1073; x_wconf 76' lang='lat' dir='ltr'>numero</span> <span class='ocrx_word' id='word_1_132' title='bbox 855 1031 1010 1083; x_wconf 79' lang='lat' dir='ltr'>habes,</span> <span class='ocrx_word' id='word_1_133' title='bbox 1047 1033 1257 1085; x_wconf 86' lang='lat' dir='ltr'>opinione</span> <span class='ocrx_word' id='word_1_134' title='bbox 1297 1037 1374 1073; x_wconf 84' lang='lat' dir='ltr'>tua</span> <span class='ocrx_word' id='word_1_135' title='bbox 1410 1031 1524 1072; x_wconf 82' lang='lat' dir='ltr'>mihi</span> <span class='ocrx_word' id='word_1_136' title='bbox 1554 1031 1727 1086; x_wconf 83' lang='lat' dir='ltr'>gratius</span> 
     </span>
     <span class='ocr_line' id='line_1_18' title="bbox 239 1087 1725 1142; baseline -0.003 -12"><span class='ocrx_word' id='word_1_137' title='bbox 239 1094 319 1131; x_wconf 83' lang='lat' dir='ltr'>est.</span> <span class='ocrx_word' id='word_1_138' title='bbox 379 1088 571 1129; x_wconf 70' lang='lat' dir='ltr'>Invideo</span> <span class='ocrx_word' id='word_1_139' title='bbox 602 1087 677 1127; x_wconf 86' lang='lat' dir='ltr'>illi</span> <span class='ocrx_word' id='word_1_140' title='bbox 706 1091 868 1139; x_wconf 82' lang='lat' dir='ltr'>tamen,</span> <span class='ocrx_word' id='word_1_141' title='bbox 910 1087 1031 1142; x_wconf 85' lang='lat' dir='ltr'>quod</span> <span class='ocrx_word' id='word_1_142' title='bbox 1062 1089 1256 1129; x_wconf 80' lang='lat' dir='ltr'>ambulat</span> <span class='ocrx_word' id='word_1_143' title='bbox 1285 1092 1331 1128; x_wconf 78' lang='lat' dir='ltr'>et</span> <span class='ocrx_word' id='word_1_144' title='bbox 1359 1087 1537 1128; x_wconf 83' lang='lat' dir='ltr'>iocatur</span> <span class='ocrx_word' id='word_1_145' title='bbox 1564 1092 1725 1127; x_wconf 72' lang='lat' dir='ltr'>tecum„</span> 
     </span>
     <span class='ocr_line' id='line_1_19' title="bbox 239 1142 1728 1198; baseline -0.002 -13"><span class='ocrx_word' id='word_1_146' title='bbox 239 1145 458 1196; x_wconf 76' lang='lat' dir='ltr'>Quaeres,</span> <span class='ocrx_word' id='word_1_147' title='bbox 489 1143 646 1198; x_wconf 83' lang='lat' dir='ltr'>quanti</span> <span class='ocrx_word' id='word_1_148' title='bbox 676 1144 930 1185; x_wconf 70' lang='lat' dir='ltr'>aestimem?</span> <span class='ocrx_word' id='word_1_149' title='bbox 983 1143 1033 1184; x_wconf 88' lang='lat' dir='ltr'>Si</span> <span class='ocrx_word' id='word_1_150' title='bbox 1064 1157 1256 1198; x_wconf 85' lang='lat' dir='ltr'>unquam</span> <span class='ocrx_word' id='word_1_151' title='bbox 1285 1143 1468 1184; x_wconf 78' lang='lat' dir='ltr'>licuerit</span> <span class='ocrx_word' id='word_1_152' title='bbox 1495 1142 1651 1184; x_wconf 77' lang='lat' dir='ltr'>vivere</span> <span class='ocrx_word' id='word_1_153' title='bbox 1681 1142 1728 1182; x_wconf 89' lang='lat' dir='ltr'>in</span> 
     </span>
     <span class='ocr_line' id='line_1_20' title="bbox 240 1198 1725 1254; baseline -0.002 -11"><span class='ocrx_word' id='word_1_154' title='bbox 240 1200 351 1253; x_wconf 85' lang='lat' dir='ltr'>otio,</span> <span class='ocrx_word' id='word_1_155' title='bbox 381 1199 648 1254; x_wconf 83' lang='lat' dir='ltr'>experieris.</span> <span class='ocrx_word' id='word_1_156' title='bbox 708 1199 891 1240; x_wconf 89' lang='lat' dir='ltr'>Nullum</span> <span class='ocrx_word' id='word_1_157' title='bbox 933 1200 1051 1240; x_wconf 89' lang='lat' dir='ltr'>enim</span> <span class='ocrx_word' id='word_1_158' title='bbox 1090 1200 1333 1253; x_wconf 76' lang='lat' dir='ltr'>vestigium</span> <span class='ocrx_word' id='word_1_159' title='bbox 1372 1200 1524 1241; x_wconf 80' lang='lat' dir='ltr'>abste</span> <span class='ocrx_word' id='word_1_160' title='bbox 1555 1198 1725 1240; x_wconf 85' lang='lat' dir='ltr'>disces-</span> 
     </span>
     <span class='ocr_line' id='line_1_21' title="bbox 239 1254 1727 1309; baseline -0.002 -12"><span class='ocrx_word' id='word_1_161' title='bbox 239 1270 370 1298; x_wconf 88' lang='lat' dir='ltr'>surus</span> <span class='ocrx_word' id='word_1_162' title='bbox 400 1269 508 1297; x_wconf 88' lang='lat' dir='ltr'>sum.</span> <span class='ocrx_word' id='word_1_163' title='bbox 570 1255 693 1295; x_wconf 86' lang='lat' dir='ltr'>Illud</span> <span class='ocrx_word' id='word_1_164' title='bbox 723 1255 1010 1297; x_wconf 85' lang='lat' dir='ltr'>vehementer</span> <span class='ocrx_word' id='word_1_165' title='bbox 1047 1255 1264 1301; x_wconf 80' lang='lat' dir='ltr'>admiror,</span> <span class='ocrx_word' id='word_1_166' title='bbox 1301 1269 1389 1297; x_wconf 91' lang='lat' dir='ltr'>non</span> <span class='ocrx_word' id='word_1_167' title='bbox 1419 1254 1654 1309; x_wconf 85' lang='lat' dir='ltr'>scripsisse</span> <span class='ocrx_word' id='word_1_168' title='bbox 1683 1258 1727 1295; x_wconf 84' lang='lat' dir='ltr'>te</span> 
     </span>
     <span class='ocr_line' id='line_1_22' title="bbox 239 1311 1726 1366; baseline -0.001 -13"><span class='ocrx_word' id='word_1_169' title='bbox 239 1312 377 1361; x_wconf 86' lang='lat' dir='ltr'>mihi,</span> <span class='ocrx_word' id='word_1_170' title='bbox 418 1311 637 1352; x_wconf 82' lang='lat' dir='ltr'>manendo</span> <span class='ocrx_word' id='word_1_171' title='bbox 678 1311 723 1351; x_wconf 93' lang='lat' dir='ltr'>in</span> <span class='ocrx_word' id='word_1_172' title='bbox 762 1313 1023 1366; x_wconf 82' lang='lat' dir='ltr'>provincia,</span> <span class='ocrx_word' id='word_1_173' title='bbox 1067 1325 1123 1352; x_wconf 84' lang='lat' dir='ltr'>an</span> <span class='ocrx_word' id='word_1_174' title='bbox 1153 1312 1360 1352; x_wconf 86' lang='lat' dir='ltr'>ducendo</span> <span class='ocrx_word' id='word_1_175' title='bbox 1401 1312 1651 1352; x_wconf 86' lang='lat' dir='ltr'>exercitum</span> <span class='ocrx_word' id='word_1_176' title='bbox 1680 1311 1726 1351; x_wconf 88' lang='lat' dir='ltr'>in</span> 
     </span>
     <span class='ocr_line' id='line_1_23' title="bbox 239 1367 1726 1422; baseline -0.001 -13"><span class='ocrx_word' id='word_1_177' title='bbox 239 1368 418 1409; x_wconf 83' lang='lat' dir='ltr'>Italiam</span> <span class='ocrx_word' id='word_1_178' title='bbox 459 1368 525 1407; x_wconf 86' lang='lat' dir='ltr'>rei</span> <span class='ocrx_word' id='word_1_179' title='bbox 555 1368 762 1421; x_wconf 79' lang='lat' dir='ltr'>publicae</span> <span class='ocrx_word' id='word_1_180' title='bbox 793 1367 935 1422; x_wconf 79' lang='lat' dir='ltr'>magis</span> <span class='ocrx_word' id='word_1_181' title='bbox 966 1367 1228 1409; x_wconf 79' lang='lat' dir='ltr'>satisfacere</span> <span class='ocrx_word' id='word_1_182' title='bbox 1258 1367 1437 1421; x_wconf 88' lang='lat' dir='ltr'>possim.</span> <span class='ocrx_word' id='word_1_183' title='bbox 1496 1367 1597 1421; x_wconf 84' lang='lat' dir='ltr'>Ego</span> <span class='ocrx_word' id='word_1_184' title='bbox 1627 1367 1726 1421; x_wconf 82' lang='lat' dir='ltr'>qui-</span> 
     </span>
     <span class='ocr_line' id='line_1_24' title="bbox 239 1422 1728 1471; baseline -0.001 -6"><span class='ocrx_word' id='word_1_185' title='bbox 239 1425 355 1471; x_wconf 75' lang='lat' dir='ltr'>dem,</span> <span class='ocrx_word' id='word_1_186' title='bbox 398 1423 482 1464; x_wconf 85' lang='lat' dir='ltr'>etsi</span> <span class='ocrx_word' id='word_1_187' title='bbox 522 1422 636 1462; x_wconf 83' lang='lat' dir='ltr'>mihi</span> <span class='ocrx_word' id='word_1_188' title='bbox 676 1425 811 1464; x_wconf 79' lang='lat' dir='ltr'>tutius</span> <span class='ocrx_word' id='word_1_189' title='bbox 843 1436 895 1464; x_wconf 81' lang='lat' dir='ltr'>ac</span> <span class='ocrx_word' id='word_1_190' title='bbox 924 1425 1073 1464; x_wconf 89' lang='lat' dir='ltr'>minus</span> <span class='ocrx_word' id='word_1_191' title='bbox 1115 1424 1388 1465; x_wconf 82' lang='lat' dir='ltr'>laboriosum</span> <span class='ocrx_word' id='word_1_192' title='bbox 1426 1428 1495 1465; x_wconf 86' lang='lat' dir='ltr'>est</span> <span class='ocrx_word' id='word_1_193' title='bbox 1522 1436 1728 1471; x_wconf 84' lang='lat' dir='ltr'>manere;</span> 
     </span>
     <span class='ocr_line' id='line_1_25' title="bbox 238 1476 1784 1534; baseline -0.001 -13"><span class='ocrx_word' id='word_1_194' title='bbox 238 1485 402 1531; x_wconf 86' lang='lat' dir='ltr'>tamen,</span> <span class='ocrx_word' id='word_1_195' title='bbox 443 1476 548 1533; x_wconf 83' lang='lat' dir='ltr'>quia</span> <span class='ocrx_word' id='word_1_196' title='bbox 577 1478 726 1532; x_wconf 61' lang='lat' dir='ltr'>xideo,</span> <span class='ocrx_word' id='word_1_197' title='bbox 764 1479 844 1519; x_wconf 85' lang='lat' dir='ltr'>tali</span> <span class='ocrx_word' id='word_1_198' title='bbox 871 1482 1071 1534; x_wconf 87' lang='lat' dir='ltr'>tempore</span> <span class='ocrx_word' id='word_1_199' title='bbox 1111 1480 1254 1520; x_wconf 83' lang='lat' dir='ltr'>multo</span> <span class='ocrx_word' id='word_1_200' title='bbox 1292 1479 1436 1534; x_wconf 82' lang='lat' dir='ltr'>magis</span> <span class='ocrx_word' id='word_1_201' title='bbox 1476 1480 1730 1534; x_wconf 81' lang='lat' dir='ltr'>legionibus</span> <span class='ocrx_word' id='word_1_202' title='bbox 1783 1499 1784 1502; x_wconf 39' lang='lat'>¹</span> 
     </span>
     <span class='ocr_line' id='line_1_26' title="bbox 240 1535 1727 1591; baseline -0.001 -14"><span class='ocrx_word' id='word_1_203' title='bbox 240 1550 350 1591; x_wconf 90' lang='lat' dir='ltr'>opus</span> <span class='ocrx_word' id='word_1_204' title='bbox 392 1548 505 1586; x_wconf 84' lang='lat' dir='ltr'>esse,</span> <span class='ocrx_word' id='word_1_205' title='bbox 551 1547 681 1587; x_wconf 81' lang='lat' dir='ltr'>quam</span> <span class='ocrx_word' id='word_1_206' title='bbox 721 1535 983 1589; x_wconf 80' lang='lat' dir='ltr'>plovinciis,</span> <span class='ocrx_word' id='word_1_207' title='bbox 1024 1548 1136 1590; x_wconf 89' lang='lat' dir='ltr'>quae</span> <span class='ocrx_word' id='word_1_208' title='bbox 1175 1536 1441 1590; x_wconf 82' lang='lat' dir='ltr'>praesertim</span> <span class='ocrx_word' id='word_1_209' title='bbox 1479 1535 1727 1589; x_wconf 84' lang='lat' dir='ltr'>reciperari</span> 
     </span>
     <span class='ocr_line' id='line_1_27' title="bbox 243 1589 1726 1645; baseline -0.001 -12"><span class='ocrx_word' id='word_1_210' title='bbox 243 1593 370 1632; x_wconf 86' lang='lat' dir='ltr'>nullo</span> <span class='ocrx_word' id='word_1_211' title='bbox 400 1589 583 1644; x_wconf 80' lang='lat' dir='ltr'>negotio</span> <span class='ocrx_word' id='word_1_212' title='bbox 614 1595 812 1645; x_wconf 81' lang='lat' dir='ltr'>possunt,</span> <span class='ocrx_word' id='word_1_213' title='bbox 843 1592 1074 1643; x_wconf 85' lang='lat' dir='ltr'>constitui,</span> <span class='ocrx_word' id='word_1_214' title='bbox 1115 1594 1166 1631; x_wconf 91' lang='lat' dir='ltr'>ut</span> <span class='ocrx_word' id='word_1_215' title='bbox 1194 1605 1314 1632; x_wconf 86' lang='lat' dir='ltr'>nunc</span> <span class='ocrx_word' id='word_1_216' title='bbox 1343 1595 1426 1643; x_wconf 86' lang='lat' dir='ltr'>est,</span> <span class='ocrx_word' id='word_1_217' title='bbox 1466 1605 1567 1632; x_wconf 89' lang='lat' dir='ltr'>cum</span> <span class='ocrx_word' id='word_1_218' title='bbox 1595 1604 1726 1632; x_wconf 80' lang='lat' dir='ltr'>exer-</span> 
     </span>
     <span class='ocr_line' id='line_1_28' title="bbox 241 1645 1727 1702; baseline -0.001 -13"><span class='ocrx_word' id='word_1_219' title='bbox 241 1649 334 1689; x_wconf 88' lang='lat' dir='ltr'>citu</span> <span class='ocrx_word' id='word_1_220' title='bbox 374 1645 620 1701; x_wconf 84' lang='lat' dir='ltr'>proficisci.</span> <span class='ocrx_word' id='word_1_221' title='bbox 687 1647 868 1689; x_wconf 88' lang='lat' dir='ltr'>Deinde</span> <span class='ocrx_word' id='word_1_222' title='bbox 915 1661 974 1690; x_wconf 83' lang='lat' dir='ltr'>ex</span> <span class='ocrx_word' id='word_1_223' title='bbox 1013 1647 1178 1697; x_wconf 86' lang='lat' dir='ltr'>literis,</span> <span class='ocrx_word' id='word_1_224' title='bbox 1226 1660 1336 1702; x_wconf 84' lang='lat' dir='ltr'>quas</span> <span class='ocrx_word' id='word_1_225' title='bbox 1382 1647 1558 1690; x_wconf 82' lang='lat' dir='ltr'>Pansae</span> <span class='ocrx_word' id='word_1_226' title='bbox 1606 1647 1727 1696; x_wconf 80' lang='lat' dir='ltr'>misi,</span> 
     </span>
    </p>
   </div>
   <div class='ocr_carea' id='block_1_3' title="bbox 244 1884 1729 1978">
    <p class='ocr_par' dir='ltr' id='par_1_3' title="bbox 244 1884 1729 1978">
     <span class='ocr_line' id='line_1_29' title="bbox 244 1884 1729 1931; baseline -0.003 -11"><span class='ocrx_word' id='word_1_227' title='bbox 244 1887 540 1929; x_wconf 82' lang='lat' dir='ltr'>Narbonensem,</span> <span class='ocrx_word' id='word_1_228' title='bbox 568 1885 629 1919; x_wconf 84' lang='lat' dir='ltr'>cui</span> <span class='ocrx_word' id='word_1_229' title='bbox 654 1891 827 1931; x_wconf 77' lang='lat' dir='ltr'>praeerat</span> <span class='ocrx_word' id='word_1_230' title='bbox 853 1884 1027 1930; x_wconf 81' lang='lat' dir='ltr'>Lepidus.</span> <span class='ocrx_word' id='word_1_231' title='bbox 1054 1884 1137 1917; x_wconf 80' lang='lat' dir='ltr'>Vid.</span> <span class='ocrx_word' id='word_1_232' title='bbox 1166 1895 1223 1930; x_wconf 84' lang='lat' dir='ltr'>ep.</span> <span class='ocrx_word' id='word_1_233' title='bbox 1254 1887 1322 1920; x_wconf 82' lang='grc'>801</span> <span class='ocrx_word' id='word_1_234' title='bbox 1350 1885 1401 1918; x_wconf 88' lang='lat' dir='ltr'>im</span> <span class='ocrx_word' id='word_1_235' title='bbox 1428 1885 1515 1922; x_wconf 79' lang='lat' dir='ltr'>Ans,</span> <span class='ocrx_word' id='word_1_236' title='bbox 1542 1904 1589 1910; x_wconf 92' lang='lat'>—</span> <span class='ocrx_word' id='word_1_237' title='bbox 1626 1886 1729 1920; x_wconf 71' lang='lat' dir='ltr'>nulla</span> 
     </span>
     <span class='ocr_line' id='line_1_30' title="bbox 244 1933 1729 1978; baseline 0 -9"><span class='ocrx_word' id='word_1_238' title='bbox 244 1936 458 1977; x_wconf 76' lang='lat' dir='ltr'>conditione,</span> <span class='ocrx_word' id='word_1_239' title='bbox 484 1937 549 1969; x_wconf 78' lang='lat' dir='ltr'>auf</span> <span class='ocrx_word' id='word_1_240' title='bbox 573 1935 713 1968; x_wconf 87' lang='lat' dir='ltr'>keinen</span> <span class='ocrx_word' id='word_1_241' title='bbox 737 1934 836 1967; x_wconf 79' lang='lat' dir='ltr'>Fan.</span> <span class='ocrx_word' id='word_1_242' title='bbox 875 1954 917 1959; x_wconf 79' lang='lat'>—·</span> <span class='ocrx_word' id='word_1_243' title='bbox 954 1937 1135 1976; x_wconf 72' lang='lat' dir='ltr'>excutere,</span> <span class='ocrx_word' id='word_1_244' title='bbox 1161 1933 1441 1978; x_wconf 78' lang='lat' dir='ltr'>durchsuchen,</span> <span class='ocrx_word' id='word_1_245' title='bbox 1467 1933 1655 1969; x_wconf 82' lang='lat' dir='ltr'>visitiren.</span> <span class='ocrx_word' id='word_1_246' title='bbox 1685 1953 1729 1958; x_wconf 80' lang='lat'><em>-</em></span> 
     </span>
    </p>
   </div>
   <div class='ocr_carea' id='block_1_4' title="bbox 244 1981 981 2018">
    <p class='ocr_par' dir='ltr' id='par_1_4' title="bbox 244 1981 981 2018">
     <span class='ocr_line' id='line_1_31' title="bbox 244 1981 981 2018; baseline -0.001 -1"><span class='ocrx_word' id='word_1_247' title='bbox 244 1984 301 2017; x_wconf 81' lang='lat' dir='ltr'>ab.</span> <span class='ocrx_word' id='word_1_248' title='bbox 328 1983 390 2017; x_wconf 89' lang='lat' dir='ltr'>Sic</span> <span class='ocrx_word' id='word_1_249' title='bbox 416 1984 491 2017; x_wconf 83' lang='lat' dir='ltr'>Md.</span> <span class='ocrx_word' id='word_1_250' title='bbox 520 1983 621 2018; x_wconf 85' lang='lat' dir='ltr'>Crat.</span> <span class='ocrx_word' id='word_1_251' title='bbox 648 1997 697 2013; x_wconf 71' lang='lat' dir='ltr'><strong><em>z</em></strong></span> <span class='ocrx_word' id='word_1_252' title='bbox 723 1992 745 2014; x_wconf 87' lang='grc' dir='ltr'><em>α</em></span> <span class='ocrx_word' id='word_1_253' title='bbox 772 1982 867 2015; x_wconf 83' lang='lat' dir='ltr'>Cett.</span> <span class='ocrx_word' id='word_1_254' title='bbox 906 1981 981 2016; x_wconf 78' lang='grc' dir='ltr'>0Ιέ.</span> 
     </span>
    </p>
   </div>
   <div class='ocr_carea' id='block_1_5' title="bbox 245 2040 1782 2144">
    <p class='ocr_par' dir='ltr' id='par_1_5' title="bbox 245 2040 1782 2144">
     <span class='ocr_line' id='line_1_32' title="bbox 340 2040 1782 2090; baseline -0.003 -4"><span class='ocrx_word' id='word_1_255' title='bbox 340 2051 374 2086; x_wconf 88' lang='lat'>5.</span> <span class='ocrx_word' id='word_1_256' title='bbox 425 2062 542 2084; x_wconf 81' lang='lat' dir='ltr'>nemo.</span> <span class='ocrx_word' id='word_1_257' title='bbox 593 2048 733 2085; x_wconf 82' lang='lat' dir='ltr'>Bened.</span> <span class='ocrx_word' id='word_1_258' title='bbox 770 2060 839 2082; x_wconf 81' lang='lat' dir='ltr'>nae</span> <span class='ocrx_word' id='word_1_259' title='bbox 866 2061 885 2082; x_wconf 85' lang='lat' dir='ltr'>e</span> <span class='ocrx_word' id='word_1_260' title='bbox 912 2048 1004 2084; x_wconf 82' lang='lat' dir='ltr'>cdd.</span> <span class='ocrx_word' id='word_1_261' title='bbox 1040 2054 1173 2083; x_wconf 85' lang='lat' dir='ltr'>contra</span> <span class='ocrx_word' id='word_1_262' title='bbox 1197 2049 1513 2083; x_wconf 75' lang='lat' dir='ltr'>‘consuetudinem</span> <span class='ocrx_word' id='word_1_263' title='bbox 1545 2047 1730 2090; x_wconf 84' lang='lat' dir='ltr'>Latinam,</span> <span class='ocrx_word' id='word_1_264' title='bbox 1780 2040 1782 2043; x_wconf 44' lang='grc'><strong>”</strong></span> 
     </span>
     <span class='ocr_line' id='line_1_33' title="bbox 245 2096 1725 2144; baseline -0.002 -12"><span class='ocrx_word' id='word_1_265' title='bbox 245 2109 337 2143; x_wconf 83' lang='lat' dir='ltr'>quae</span> <span class='ocrx_word' id='word_1_266' title='bbox 364 2099 528 2143; x_wconf 84' lang='lat' dir='ltr'>requirit</span> <span class='ocrx_word' id='word_1_267' title='bbox 553 2109 763 2144; x_wconf 86' lang='lat' dir='ltr'>pronomen</span> <span class='ocrx_word' id='word_1_268' title='bbox 790 2104 876 2142; x_wconf 83' lang='lat' dir='ltr'>post</span> <span class='ocrx_word' id='word_1_269' title='bbox 901 2110 937 2132; x_wconf 81' lang='lat' dir='ltr'>V.</span> <span class='ocrx_word' id='word_1_270' title='bbox 964 2108 1041 2132; x_wconf 82' lang='lat' dir='ltr'>nae.</span> <span class='ocrx_word' id='word_1_271' title='bbox 1071 2098 1143 2131; x_wconf 76' lang='grc' dir='ltr'>ΟΒ.</span> <span class='ocrx_word' id='word_1_272' title='bbox 1162 2098 1298 2132; x_wconf 85' lang='lat' dir='ltr'>Bened.</span> <span class='ocrx_word' id='word_1_273' title='bbox 1326 2097 1371 2131; x_wconf 82' lang='lat' dir='ltr'>ad</span> <span class='ocrx_word' id='word_1_274' title='bbox 1390 2096 1577 2141; x_wconf 78' lang='lat' dir='ltr'>Lepidum</span> <span class='ocrx_word' id='word_1_275' title='bbox 1594 2098 1725 2131; x_wconf 83' lang='lat' dir='ltr'>refert.</span> 
     </span>
    </p>
   </div>
   <div class='ocr_carea' id='block_1_6' title="bbox 243 2144 1727 2288">
    <p class='ocr_par' dir='ltr' id='par_1_6' title="bbox 243 2144 1727 2288">
     <span class='ocr_line' id='line_1_34' title="bbox 243 2144 1727 2193; baseline -0.002 -13"><span class='ocrx_word' id='word_1_276' title='bbox 243 2165 291 2171; x_wconf 98' lang='lat'><strong>—</strong></span> <span class='ocrx_word' id='word_1_277' title='bbox 318 2148 494 2181; x_wconf 77' lang='lat' dir='ltr'>tradenda</span> <span class='ocrx_word' id='word_1_278' title='bbox 519 2147 679 2193; x_wconf 84' lang='lat' dir='ltr'>Lepido.</span> <span class='ocrx_word' id='word_1_279' title='bbox 708 2166 750 2172; x_wconf 94' lang='lat'><em>—</em></span> <span class='ocrx_word' id='word_1_280' title='bbox 788 2145 975 2179; x_wconf 76' lang='lat' dir='ltr'>habuerim</span> <span class='ocrx_word' id='word_1_281' title='bbox 1008 2157 1092 2178; x_wconf 90' lang='lat' dir='ltr'>cum</span> <span class='ocrx_word' id='word_1_282' title='bbox 1124 2146 1283 2191; x_wconf 84' lang='lat' dir='ltr'>Lepido,</span> <span class='ocrx_word' id='word_1_283' title='bbox 1317 2145 1396 2190; x_wconf 83' lang='lat' dir='ltr'>qui,</span> <span class='ocrx_word' id='word_1_284' title='bbox 1429 2145 1539 2178; x_wconf 82' lang='lat' dir='ltr'>illam</span> <span class='ocrx_word' id='word_1_285' title='bbox 1575 2151 1617 2179; x_wconf 91' lang='lat' dir='ltr'>ut</span> <span class='ocrx_word' id='word_1_286' title='bbox 1654 2144 1727 2178; x_wconf 83' lang='lat' dir='ltr'>sibi</span> 
     </span>
     <span class='ocr_line' id='line_1_35' title="bbox 244 2193 1726 2239; baseline -0.001 -12"><span class='ocrx_word' id='word_1_287' title='bbox 244 2195 449 2235; x_wconf 83' lang='lat' dir='ltr'>traderem,</span> <span class='ocrx_word' id='word_1_288' title='bbox 474 2196 745 2239; x_wconf 81' lang='lat' dir='ltr'>postulaverat.</span> <span class='ocrx_word' id='word_1_289' title='bbox 772 2193 855 2228; x_wconf 76' lang='lat' dir='ltr'>VitL</span> <span class='ocrx_word' id='word_1_290' title='bbox 871 2205 929 2239; x_wconf 79' lang='lat' dir='ltr'>ep.</span> <span class='ocrx_word' id='word_1_291' title='bbox 948 2195 1018 2228; x_wconf 80' lang='lat'>849</span> <span class='ocrx_word' id='word_1_292' title='bbox 1033 2194 1099 2226; x_wconf 90' lang='lat' dir='ltr'>sub</span> <span class='ocrx_word' id='word_1_293' title='bbox 1115 2193 1180 2229; x_wconf 88' lang='lat' dir='ltr'>fin.</span> <span class='ocrx_word' id='word_1_294' title='bbox 1209 2213 1253 2218; x_wconf 93' lang='lat'>-—</span> <span class='ocrx_word' id='word_1_295' title='bbox 1281 2204 1350 2237; x_wconf 82' lang='lat' dir='ltr'>qua</span> <span class='ocrx_word' id='word_1_296' title='bbox 1377 2193 1516 2226; x_wconf 74' lang='lat' dir='ltr'>tradita</span> <span class='ocrx_word' id='word_1_297' title='bbox 1537 2207 1588 2224; x_wconf 64' lang='grc' dir='ltr'>Ξ</span> <span class='ocrx_word' id='word_1_298' title='bbox 1612 2204 1726 2237; x_wconf 84' lang='lat' dir='ltr'>quam</span> 
     </span>
     <span class='ocr_line' id='line_1_36' title="bbox 243 2241 1727 2288; baseline 0 -13"><span class='ocrx_word' id='word_1_299' title='bbox 243 2254 357 2288; x_wconf 87' lang='lat' dir='ltr'>quum</span> <span class='ocrx_word' id='word_1_300' title='bbox 383 2244 443 2277; x_wconf 83' lang='lat' dir='ltr'>vel</span> <span class='ocrx_word' id='word_1_301' title='bbox 462 2244 494 2276; x_wconf 88' lang='lat' dir='ltr'>si</span> <span class='ocrx_word' id='word_1_302' title='bbox 520 2242 774 2277; x_wconf 85' lang='lat' dir='ltr'>tradidissem.</span> <span class='ocrx_word' id='word_1_303' title='bbox 807 2261 854 2267; x_wconf 91' lang='lat'>-—-</span> <span class='ocrx_word' id='word_1_304' title='bbox 883 2252 953 2286; x_wconf 80' lang='lat' dir='ltr'>pro</span> <span class='ocrx_word' id='word_1_305' title='bbox 978 2252 1007 2275; x_wconf 88' lang='lat' dir='ltr'>r.</span> <span class='ocrx_word' id='word_1_306' title='bbox 1033 2252 1084 2285; x_wconf 57' lang='lat' dir='ltr'>p„</span> <span class='ocrx_word' id='word_1_307' title='bbox 1117 2242 1182 2274; x_wconf 79' lang='lat' dir='ltr'>fiir</span> <span class='ocrx_word' id='word_1_308' title='bbox 1206 2241 1269 2275; x_wconf 88' lang='lat' dir='ltr'>das</span> <span class='ocrx_word' id='word_1_309' title='bbox 1294 2242 1479 2275; x_wconf 83' lang='lat' dir='ltr'>Interesse</span> <span class='ocrx_word' id='word_1_310' title='bbox 1505 2241 1576 2274; x_wconf 82' lang='lat' dir='ltr'>der</span> <span class='ocrx_word' id='word_1_311' title='bbox 1600 2241 1727 2287; x_wconf 74' lang='lat' dir='ltr'>Repu-</span> 
     </span>
    </p>
   </div>
   <div class='ocr_carea' id='block_1_7' title="bbox 245 2288 1655 2338">
    <p class='ocr_par' dir='ltr' id='par_1_7' title="bbox 245 2288 1655 2338">
     <span class='ocr_line' id='line_1_37' title="bbox 245 2288 1655 2338; baseline 0 -14"><span class='ocrx_word' id='word_1_312' title='bbox 245 2291 339 2326; x_wconf 89' lang='lat' dir='ltr'>blik.</span> <span class='ocrx_word' id='word_1_313' title='bbox 371 2309 410 2316; x_wconf 89' lang='lat'>-—</span> <span class='ocrx_word' id='word_1_314' title='bbox 446 2301 520 2324; x_wconf 81' lang='lat' dir='ltr'>esse</span> <span class='ocrx_word' id='word_1_315' title='bbox 543 2297 628 2338; x_wconf 84' lang='lat' dir='ltr'>post</span> <span class='ocrx_word' id='word_1_316' title='bbox 651 2295 781 2335; x_wconf 80' lang='lat' dir='ltr'>putare</span> <span class='ocrx_word' id='word_1_317' title='bbox 802 2290 877 2324; x_wconf 85' lang='lat' dir='ltr'>del.</span> <span class='ocrx_word' id='word_1_318' title='bbox 895 2290 1033 2331; x_wconf 23' lang='lat' dir='ltr'>‘·Lamb.</span> <span class='ocrx_word' id='word_1_319' title='bbox 1061 2290 1196 2324; x_wconf 85' lang='lat' dir='ltr'>Graev.</span> <span class='ocrx_word' id='word_1_320' title='bbox 1223 2289 1316 2323; x_wconf 88' lang='lat' dir='ltr'>Ern.</span> <span class='ocrx_word' id='word_1_321' title='bbox 1344 2288 1429 2324; x_wconf 87' lang='lat' dir='ltr'>Sch.</span> <span class='ocrx_word' id='word_1_322' title='bbox 1454 2289 1550 2323; x_wconf 78' lang='lat' dir='ltr'>Liin.</span> <span class='ocrx_word' id='word_1_323' title='bbox 1578 2290 1655 2324; x_wconf 75' lang='grc' dir='ltr'>ΟΒ.</span> 
     </span>
    </p>
   </div>
   <div class='ocr_carea' id='block_1_8' title="bbox 240 2356 1778 2786">
    <p class='ocr_par' dir='ltr' id='par_1_8' title="bbox 240 2356 1778 2786">
     <span class='ocr_line' id='line_1_38' title="bbox 340 2356 1727 2404; baseline -0.001 -11"><span class='ocrx_word' id='word_1_324' title='bbox 340 2359 373 2393; x_wconf 87' lang='grc'>6.</span> <span class='ocrx_word' id='word_1_325' title='bbox 391 2356 630 2401; x_wconf 80' lang='lat' dir='ltr'>familiarem</span> <span class='ocrx_word' id='word_1_326' title='bbox 655 2369 782 2399; x_wconf 83' lang='lat' dir='ltr'>meum,</span> <span class='ocrx_word' id='word_1_327' title='bbox 810 2357 1029 2392; x_wconf 83' lang='lat' dir='ltr'>Cornelium</span> <span class='ocrx_word' id='word_1_328' title='bbox 1056 2356 1227 2401; x_wconf 86' lang='lat' dir='ltr'>Gallum,</span> <span class='ocrx_word' id='word_1_329' title='bbox 1254 2368 1367 2401; x_wconf 84' lang='lat' dir='ltr'>quem</span> <span class='ocrx_word' id='word_1_330' title='bbox 1391 2356 1544 2391; x_wconf 88' lang='lat' dir='ltr'>Asinius</span> <span class='ocrx_word' id='word_1_331' title='bbox 1570 2368 1629 2404; x_wconf 83' lang='lat' dir='ltr'>ep.</span> <span class='ocrx_word' id='word_1_332' title='bbox 1656 2357 1727 2392; x_wconf 74' lang='lat'>849</span> 
     </span>
     <span class='ocr_line' id='line_1_39' title="bbox 246 2404 1725 2453; baseline -0.001 -15"><span class='ocrx_word' id='word_1_333' title='bbox 246 2406 477 2441; x_wconf 68' lang='lat' dir='ltr'>familiarem</span> <span class='ocrx_word' id='word_1_334' title='bbox 513 2419 623 2441; x_wconf 87' lang='lat' dir='ltr'>suum</span> <span class='ocrx_word' id='word_1_335' title='bbox 658 2412 779 2440; x_wconf 85' lang='lat' dir='ltr'>vocat.</span> <span class='ocrx_word' id='word_1_336' title='bbox 814 2405 923 2440; x_wconf 82' lang='lat' dir='ltr'><strong><em>SCH.</em></strong></span> <span class='ocrx_word' id='word_1_337' title='bbox 974 2404 1101 2441; x_wconf 86' lang='lat' dir='ltr'>Wohl</span> <span class='ocrx_word' id='word_1_338' title='bbox 1134 2405 1205 2439; x_wconf 86' lang='lat' dir='ltr'>der</span> <span class='ocrx_word' id='word_1_339' title='bbox 1236 2405 1399 2440; x_wconf 83' lang='lat' dir='ltr'>Dichter</span> <span class='ocrx_word' id='word_1_340' title='bbox 1431 2411 1543 2438; x_wconf 83' lang='lat' dir='ltr'>unter</span> <span class='ocrx_word' id='word_1_341' title='bbox 1567 2405 1725 2453; x_wconf 80' lang='lat' dir='ltr'>August.</span> 
     </span>
     <span class='ocr_line' id='line_1_40' title="bbox 246 2453 1778 2498; baseline -0.002 -10"><span class='ocrx_word' id='word_1_342' title='bbox 246 2453 284 2488; x_wconf 92' lang='lat' dir='ltr'>S.</span> <span class='ocrx_word' id='word_1_343' title='bbox 311 2455 503 2489; x_wconf 84' lang='lat' dir='ltr'>Burmann</span> <span class='ocrx_word' id='word_1_344' title='bbox 527 2468 576 2489; x_wconf 91' lang='lat' dir='ltr'>zu</span> <span class='ocrx_word' id='word_1_345' title='bbox 601 2454 741 2489; x_wconf 86' lang='lat' dir='ltr'>Sueton</span> <span class='ocrx_word' id='word_1_346' title='bbox 766 2455 863 2498; x_wconf 84' lang='lat' dir='ltr'>Aug.</span> <span class='ocrx_word' id='word_1_347' title='bbox 878 2456 934 2490; x_wconf 80' lang='lat'>66.</span> <span class='ocrx_word' id='word_1_348' title='bbox 963 2453 1068 2488; x_wconf 83' lang='lat' dir='ltr'>ovid.</span> <span class='ocrx_word' id='word_1_349' title='bbox 1094 2453 1180 2487; x_wconf 88' lang='lat' dir='ltr'>Am.</span> <span class='ocrx_word' id='word_1_350' title='bbox 1207 2454 1279 2496; x_wconf 89' lang='lat'>111,</span> <span class='ocrx_word' id='word_1_351' title='bbox 1303 2456 1339 2498; x_wconf 87' lang='grc'>9,</span> <span class='ocrx_word' id='word_1_352' title='bbox 1365 2454 1423 2489; x_wconf 82' lang='grc'>64.</span> <span class='ocrx_word' id='word_1_353' title='bbox 1451 2471 1494 2477; x_wconf 89' lang='grc'>-</span> <span class='ocrx_word' id='word_1_354' title='bbox 1521 2453 1560 2487; x_wconf 75' lang='lat' dir='ltr'>oe&#39;n</span> <span class='ocrx_word' id='word_1_355' title='bbox 1585 2457 1728 2487; x_wconf 81' lang='lat' dir='ltr'>tuorum</span> <span class='ocrx_word' id='word_1_356' title='bbox 1777 2463 1778 2467; x_wconf 55' lang='lat'>¹</span> 
     </span>
     <span class='ocr_line' id='line_1_41' title="bbox 245 2500 1728 2550; baseline -0.001 -16"><span class='ocrx_word' id='word_1_357' title='bbox 245 2513 394 2536; x_wconf 81' lang='lat' dir='ltr'>numero</span> <span class='ocrx_word' id='word_1_358' title='bbox 421 2503 550 2537; x_wconf 81' lang='lat' dir='ltr'>Lamb.</span> <span class='ocrx_word' id='word_1_359' title='bbox 601 2522 645 2529; x_wconf 91' lang='lat'>—</span> <span class='ocrx_word' id='word_1_360' title='bbox 696 2502 795 2547; x_wconf 81' lang='lat' dir='ltr'>opin.</span> <span class='ocrx_word' id='word_1_361' title='bbox 826 2506 900 2542; x_wconf 81' lang='lat' dir='ltr'>tua,</span> <span class='ocrx_word' id='word_1_362' title='bbox 936 2502 992 2535; x_wconf 77' lang='lat' dir='ltr'>als</span> <span class='ocrx_word' id='word_1_363' title='bbox 1019 2503 1079 2537; x_wconf 88' lang='lat' dir='ltr'>Du</span> <span class='ocrx_word' id='word_1_364' title='bbox 1104 2502 1267 2550; x_wconf 78' lang='lat' dir='ltr'>glaubst.</span> <span class='ocrx_word' id='word_1_365' title='bbox 1318 2520 1365 2527; x_wconf 88' lang='lat'>—·</span> <span class='ocrx_word' id='word_1_366' title='bbox 1416 2502 1576 2536; x_wconf 81' lang='lat' dir='ltr'>Quaeres</span> <span class='ocrx_word' id='word_1_367' title='bbox 1601 2500 1728 2546; x_wconf 78' lang='lat' dir='ltr'>quanti</span> 
     </span>
     <span class='ocr_line' id='line_1_42' title="bbox 246 2549 1724 2598; baseline 0 -15"><span class='ocrx_word' id='word_1_368' title='bbox 246 2551 428 2584; x_wconf 79' lang='lat' dir='ltr'>aestimem</span> <span class='ocrx_word' id='word_1_369' title='bbox 454 2550 494 2585; x_wconf 80' lang='grc' dir='ltr'>τὸ</span> <span class='ocrx_word' id='word_1_370' title='bbox 519 2551 714 2586; x_wconf 80' lang='lat' dir='ltr'>ambulare</span> <span class='ocrx_word' id='word_1_371' title='bbox 742 2556 779 2584; x_wconf 86' lang='lat' dir='ltr'>et</span> <span class='ocrx_word' id='word_1_372' title='bbox 804 2550 922 2586; x_wconf 77' lang='lat' dir='ltr'>iocari</span> <span class='ocrx_word' id='word_1_373' title='bbox 946 2557 1086 2585; x_wconf 84' lang='lat' dir='ltr'>tecum.</span> <span class='ocrx_word' id='word_1_374' title='bbox 1138 2550 1202 2584; x_wconf 83' lang='lat' dir='ltr'>Sic</span> <span class='ocrx_word' id='word_1_375' title='bbox 1234 2552 1381 2598; x_wconf 83' lang='lat' dir='ltr'>(Margo</span> <span class='ocrx_word' id='word_1_376' title='bbox 1416 2550 1537 2591; x_wconf 86' lang='lat' dir='ltr'>Crat.)</span> <span class='ocrx_word' id='word_1_377' title='bbox 1570 2549 1665 2583; x_wconf 86' lang='lat' dir='ltr'>Vict.</span> <span class='ocrx_word' id='word_1_378' title='bbox 1690 2550 1724 2583; x_wconf 86' lang='lat'>2.</span> 
     </span>
     <span class='ocr_line' id='line_1_43' title="bbox 245 2597 1725 2642; baseline -0.001 -11"><span class='ocrx_word' id='word_1_379' title='bbox 245 2599 373 2635; x_wconf 80' lang='lat' dir='ltr'>Lamb.</span> <span class='ocrx_word' id='word_1_380' title='bbox 401 2600 539 2634; x_wconf 83' lang='lat' dir='ltr'>Graev.</span> <span class='ocrx_word' id='word_1_381' title='bbox 564 2600 658 2635; x_wconf 86' lang='lat' dir='ltr'>Ern.</span> <span class='ocrx_word' id='word_1_382' title='bbox 686 2601 785 2636; x_wconf 80' lang='lat' dir='ltr'>Quae</span> <span class='ocrx_word' id='word_1_383' title='bbox 811 2609 870 2632; x_wconf 79' lang='lat' dir='ltr'>res</span> <span class='ocrx_word' id='word_1_384' title='bbox 894 2598 1003 2641; x_wconf 84' lang='lat' dir='ltr'><strong>(Md.)</strong></span> <span class='ocrx_word' id='word_1_385' title='bbox 1037 2599 1134 2633; x_wconf 82' lang='lat' dir='ltr'>Vict.</span> <span class='ocrx_word' id='word_1_386' title='bbox 1161 2601 1194 2633; x_wconf 92' lang='lat'>1.</span> <span class='ocrx_word' id='word_1_387' title='bbox 1235 2600 1333 2634; x_wconf 71' lang='lat' dir='ltr'>Quas</span> <span class='ocrx_word' id='word_1_388' title='bbox 1367 2609 1429 2633; x_wconf 70' lang='lat' dir='ltr'>res</span> <span class='ocrx_word' id='word_1_389' title='bbox 1463 2597 1588 2642; x_wconf 78' lang='lat' dir='ltr'>quanti</span> <span class='ocrx_word' id='word_1_390' title='bbox 1612 2597 1725 2630; x_wconf 72' lang='lat' dir='ltr'>aesti-</span> 
     </span>
     <span class='ocr_line' id='line_1_44' title="bbox 242 2644 1726 2694; baseline -0.001 -15"><span class='ocrx_word' id='word_1_391' title='bbox 242 2657 346 2691; x_wconf 83' lang='lat' dir='ltr'>mem,</span> <span class='ocrx_word' id='word_1_392' title='bbox 373 2648 408 2681; x_wconf 82' lang='lat' dir='ltr'>si</span> <span class='ocrx_word' id='word_1_393' title='bbox 433 2649 551 2694; x_wconf 84' lang='lat' dir='ltr'>Neap.</span> <span class='ocrx_word' id='word_1_394' title='bbox 579 2650 662 2682; x_wconf 88' lang='lat' dir='ltr'>Asc.</span> <span class='ocrx_word' id='word_1_395' title='bbox 691 2650 721 2682; x_wconf 92' lang='lat'>1.</span> <span class='ocrx_word' id='word_1_396' title='bbox 747 2644 884 2681; x_wconf 84' lang='lat' dir='ltr'>Bened.</span> <span class='ocrx_word' id='word_1_397' title='bbox 912 2647 998 2682; x_wconf 85' lang='lat' dir='ltr'>Sch.</span> <span class='ocrx_word' id='word_1_398' title='bbox 1023 2646 1119 2680; x_wconf 84' lang='lat' dir='ltr'>Liin.</span> <span class='ocrx_word' id='word_1_399' title='bbox 1158 2647 1232 2683; x_wconf 79' lang='grc' dir='ltr'>ΟΒ.</span> <span class='ocrx_word' id='word_1_400' title='bbox 1271 2665 1318 2671; x_wconf 88' lang='grc'>-</span> <span class='ocrx_word' id='word_1_401' title='bbox 1359 2647 1514 2680; x_wconf 76' lang='lat' dir='ltr'>ducendo</span> <span class='ocrx_word' id='word_1_402' title='bbox 1541 2656 1657 2679; x_wconf 80' lang='lat' dir='ltr'>exerc.</span> <span class='ocrx_word' id='word_1_403' title='bbox 1685 2646 1726 2678; x_wconf 77' lang='lat' dir='ltr'>in</span> 
     </span>
     <span class='ocr_line' id='line_1_45' title="bbox 240 2695 1724 2742; baseline -0.002 -14"><span class='ocrx_word' id='word_1_404' title='bbox 240 2695 342 2738; x_wconf 63' lang='lat' dir='ltr'>Ital„</span> <span class='ocrx_word' id='word_1_405' title='bbox 369 2695 453 2731; x_wconf 85' lang='lat' dir='ltr'>scil.</span> <span class='ocrx_word' id='word_1_406' title='bbox 479 2696 626 2742; x_wconf 88' lang='lat' dir='ltr'>quando</span> <span class='ocrx_word' id='word_1_407' title='bbox 651 2695 737 2730; x_wconf 85' lang='lat' dir='ltr'>fieri</span> <span class='ocrx_word' id='word_1_408' title='bbox 763 2696 877 2729; x_wconf 82' lang='lat' dir='ltr'>liceat</span> <span class='ocrx_word' id='word_1_409' title='bbox 902 2707 972 2741; x_wconf 85' lang='lat' dir='ltr'>per</span> <span class='ocrx_word' id='word_1_410' title='bbox 998 2695 1197 2740; x_wconf 88' lang='lat' dir='ltr'>Lepidum.</span> <span class='ocrx_word' id='word_1_411' title='bbox 1233 2713 1275 2719; x_wconf 85' lang='lat'>-—</span> <span class='ocrx_word' id='word_1_412' title='bbox 1317 2696 1387 2729; x_wconf 72' lang='lat' dir='ltr'>tali</span> <span class='ocrx_word' id='word_1_413' title='bbox 1410 2700 1580 2740; x_wconf 78' lang='lat' dir='ltr'>tempore,</span> <span class='ocrx_word' id='word_1_414' title='bbox 1607 2704 1724 2737; x_wconf 89' lang='lat' dir='ltr'>quum</span> 
     </span>
     <span class='ocr_line' id='line_1_46' title="bbox 240 2741 1775 2786; baseline -0.001 -10"><span class='ocrx_word' id='word_1_415' title='bbox 240 2743 367 2778; x_wconf 77' lang='lat' dir='ltr'>omnia</span> <span class='ocrx_word' id='word_1_416' title='bbox 391 2745 543 2780; x_wconf 82' lang='lat' dir='ltr'>fervent</span> <span class='ocrx_word' id='word_1_417' title='bbox 567 2745 684 2779; x_wconf 81' lang='lat' dir='ltr'>armis</span> <span class='ocrx_word' id='word_1_418' title='bbox 711 2750 748 2779; x_wconf 89' lang='lat' dir='ltr'>et</span> <span class='ocrx_word' id='word_1_419' title='bbox 774 2743 891 2779; x_wconf 84' lang='lat' dir='ltr'>bello.</span> <span class='ocrx_word' id='word_1_420' title='bbox 943 2763 985 2768; x_wconf 86' lang='lat'><strong>—</strong></span> <span class='ocrx_word' id='word_1_421' title='bbox 1036 2744 1137 2778; x_wconf 79' lang='lat' dir='ltr'>nullo</span> <span class='ocrx_word' id='word_1_422' title='bbox 1177 2744 1347 2786; x_wconf 72' lang='lat' dir='ltr'>negotio,</span> <span class='ocrx_word' id='word_1_423' title='bbox 1380 2742 1479 2778; x_wconf 88' lang='lat' dir='ltr'>ohne</span> <span class='ocrx_word' id='word_1_424' title='bbox 1512 2741 1639 2777; x_wconf 80' lang='lat' dir='ltr'>Miihe.</span> <span class='ocrx_word' id='word_1_425' title='bbox 1680 2758 1721 2767; x_wconf 91' lang='lat'>-·-</span> <span class='ocrx_word' id='word_1_426' title='bbox 1774 2741 1775 2746; x_wconf 76' lang='grc'>’</span> 
     </span>
    </p>
   </div>
  </div>
 </body>
</html>
