1795 3086
441 71 758 114 EPISTOLA
789 70 1136 115 DCCCXLIV.
1163 93 1166 97 ·
1473 67 1565 114 357

203 184 524 226 EPISTOLA
553 181 901 225 DCCCXLIV.
961 181 1037 234 (ad
1068 180 1173 222 niv.
1203 178 1312 221 XII.
1347 180 1434 227 114.)

235 259 316 295 Ser.
345 260 484 308 Pergae
509 258 572 292 lv,
599 257 698 292 Non.
726 258 808 291 Iun.
834 258 876 291 A.
903 257 950 291 U.
977 256 1018 290 c.
1054 257 1134 291 711.
1179 254 1227 296 (a.
1265 253 1305 287 c,
1333 252 1426 294 43.)
1480 254 1482 256 ’

75 327 242 373 Exponit
270 338 330 361 res
355 338 377 359 a
402 336 440 359 se
465 331 599 372 gestas.
637 323 741 358 1—2.
792 323 960 357 Rhodios
997 328 1156 357 accusat.
1187 312 1301 355 3--4,γ
1325 314 1561 363 procuratio-

97 387 184 409 nem
217 375 324 409 Asiae
356 373 466 420 petit.
498 374 533 411 5.
569 371 707 407 merita
745 383 808 404 sua
844 372 884 404 in
917 382 998 405 rein
1034 369 1224 416 publicam
1258 371 1536 402 commemorat.

769 421 876 455 6—8.
1502 421 1505 424 ’

394 490 667 527 LENTULUS
695 491 931 526 clcERom
959 477 1114 525 on'S.
1141 489 1179 522 P.
1206 490 1250 523 D.

182 566 329 616 Quum
359 563 550 605 Brutum
579 568 782 606 nostrum
813 563 1120 605 convenissem
1161 572 1346 613 eumque
1385 556 1560 598 tardius

73 622 118 662 in
148 623 303 663 Asiam
333 625 570 662 venturum
599 619 1020 668 animadverterem,
1061 618 1110 657 in
1146 615 1300 657 Asiam
1339 613 1473 665 redii,
1512 617 1562 653 ut

71 677 285 731 reliquias
315 676 404 718 mei
433 677 602 717 laboris
635 676 898 729 colligerem
941 679 987 717 et
1021 672 1256 727 pecuniam
1296 683 1427 725 quam
1467 669 1561 722 pri-

69 746 188 774 mum
216 732 408 774 Romam
437 732 676 774 mitterem.
747 732 935 773 Interim
975 729 1167 782 cognovi
1205 729 1253 768 in
1283 726 1436 781 Lycia.
1466 737 1562 764 esse

71 790 259 830 classem
290 789 562 829 Dolabellae
604 787 883 841 ampliusque
926 789 1103 827 centum
1143 796 1277 824 naves
1317 780 1561 831 onerarias,

70 844 118 885 in
145 857 256 898 quas
288 845 517 885 exercitus
548 844 644 885 eius
673 843 864 897 imponi,
888 845 1058 896 posset:
1105 840 1243 894 idque
1275 836 1560 878 Dola-bellam

71 914 125 942 ea
165 903 310 941 mente
350 912 644 953 comparasse,
679 903 743 948 ut,
790 899 829 939 si
869 897 1034 953 Syr-iae
1070 908 1168 950 spes
1208 906 1306 935 eum
1344 892 1560 932 frustrata

71 959 213 1008 esset,
262 956 589 996 conscenderet
627 954 676 994 in
714 967 850 995 naves
904 958 947 995 et
982 953 1166 995 Italiam
1218 952 1395 1005 peteret
1423 959 1557 1000 seque

70 1025 171 1052 cum
200 1010 409 1052 Antoniis
451 1014 497 1051 et
538 1009 727 1063 reliquis
765 1010 1011 1051 latronibus
1052 1007 1371 1060 coniungeret.-
1420 1003 1559 1045 Cuius

71 1068 139 1108 rei
169 1071 294 1108 tanto
323 1067 370 1106 in
399 1065 564 1108 timore
604 1065 687 1117 fui,
723 1070 788 1119 ut,
828 1067 1030 1106 omnibus
1062 1065 1194 1106 rebus
1226 1060 1417 1112 relictis,
1458 1071 1559 1098 cum

69 1122 355 1177 paucioribus
406 1126 452 1164 et
488 1121 736 1162 minoribus
781 1121 968 1163 navibus
1016 1121 1074 1162 ad
1112 1120 1218 1160 illas
1266 1118 1333 1158 ire
1373 1118 1558 1156 conatus

71 1180 170 1220 sim.
238 1177 366 1227 Quae
405 1190 491 1227 reS‚
535 1177 575 1219 si
613 1191 640 1218 a
677 1176 878 1218 Rhodiis
916 1191 1005 1217 non
1044 1189 1187 1217 essem
1226 1172 1558 1226 interpellatus,

70 1234 263 1275 fortasse
293 1237 388 1274 tota
417 1232 593 1274 sublata
623 1237 763 1273 esset:
811 1236 960 1273 tamen
997 1244 1155 1285 magna
1193 1243 1253 1270 ex
1290 1232 1418 1282 parte
1457 1238 1561 1280 pro-

70 1290 231 1344 fligata
261 1293 343 1341 est,
374 1289 583 1343 quoniam
605 1288 785 1342 quidem
815 1287 972 1329 classis
1002 1287 1221 1341 dissipata
1250 1288 1318 1325 est
1346 1282 1562 1324 adventus

70 1346 215 1387 nostri
245 1346 430 1394 timore3
459 1344 629 1384 milites
660 1343 885 1402 ducesque
916 1344 1180 1397 effugerunt,
1211 1339 1445 1382 onerariae
1468 1351 1561 1378 om-

71 1415 151 1443 nes
198 1400 256 1441 ad
302 1413 436 1441 unam
475 1413 503 1441 a
539 1398 668 1440 nobis
709 1403 814 1441 sunt
859 1403 1088 1454 exceptae.
1168 1397 1304 1439 Certe
1343 1416 1400 1425 --
1439 1392 1561 1447 quod

71 1457 268 1498 maxime
298 1457 431 1498 timui
461 1479 513 1486 —
542 1455 706 1497 videor
744 1468 841 1496 esse
881 1458 1159 1507 consecutus,
1205 1455 1255 1494 ut
1293 1464 1380 1492 non
1418 1448 1563 1504 possit

73 1513 313 1554 Dolabella
354 1513 404 1552 in
441 1511 623 1551 Italiam
662 1511 901 1564 pervenire
936 1524 1018 1551 nec
1058 1511 1150 1551 suis
1191 1509 1327 1550 sociis
1367 1504 1562 1546 firmatis

73 1570 230 1610 durius
259 1567 386 1610 vobis
419 1566 605 1608 efficere
634 1568 874 1620 negotium.
933 1566 1110 1608 Rhodii
1149 1578 1230 1606 nos
1271 1568 1315 1604 et
1356 1576 1451 1603 rem
1481 1574 1559 1615 pua
1601 1566 1610 1578 ’

74 1625 238 1665 blicam
267 1637 398 1679 quam
426 1623 558 1665 valde
588 1622 941 1676 desperaverint,
971 1636 1025 1663 ex
1052 1622 1214 1672 literis,
1243 1632 1352 1674 quas
1382 1618 1562 1672 publice

72 1680 192 1732 misi,
222 1693 478 1735 cognosces.
537 1679 600 1720 Et
629 1679 814 1733 quidem
843 1679 983 1720 multo
1023 1678 1203 1733 parcius
1243 1675 1431 1729 scripsi:
1479 1673 1561 1713 min

172 1845 204 1877 1.
255 1842 428 1883 Brutum,
455 1841 502 1874 M.
529 1841 703 1880 Brutum,
727 1839 792 1884 qui
817 1838 1056 1873 Macedoniae
1081 1842 1268 1882 praeerat.
1321 1835 1400 1870 cfr.
1414 1846 1471 1880 ep.
1485 1837 1566 1871 843.

76 1913 118 1918 --
147 1890 303 1933 tardius,
329 1902 376 1923 zu
403 1891 497 1934 sp'zit.
539 1907 582 1912 —
625 1888 803 1932 reliquias
827 1887 900 1920 mei
924 1887 1077 1928 laboris,
1103 1885 1320 1930 pecuniam,
1348 1895 1442 1928 quae
1467 1882 1564 1917 mihi

75 1939 282 1974 debebatur
308 1937 513 1981 quaestori,
550 1936 624 1969 den
650 1936 739 1970 Rest
763 1935 912 1969 meiner
937 1933 1240 1981 Gefalleinziige3
1274 1931 1482 1979 vectigalia
1505 1942 1567 1964 re-

78 1989 194 2031 liqua.
237 1986 275 2019 S.
302 1986 330 2028 §.
359 1986 394 2020 5.
428 2003 471 2009 —
507 1984 700 2028 ampliu-sq.
740 1988 890 2017 centum.
928 1983 1030 2016 Crat.
1080 1982 1235 2025 amplius
1270 1991 1377 2025 quam
1413 1984 1565 2014 centum.

78 2033 277 2069 ORELLI.
307 2044 413 2077 quam
440 2032 585 2066 Glosse.
601 2051 650 2058 -
676 2042 720 2065 ea
744 2036 872 2075 mente,
900 2042 942 2064 eo
970 2029 1142 2064 consilio.
1167 2046 1210 2053 —
1235 2031 1435 2073 frustrata
1462 2033 1565 2069 esset,

77 2082 202 2118 cassio
228 2081 381 2128 Syriam
408 2086 575 2115 tenente.
605 2100 649 2106 —-
674 2080 724 2114 ad
748 2081 848 2123 illas,
877 2084 1008 2113 contra
1032 2077 1256 2112 Dolabellae
1281 2087 1405 2111 naves.

171 2152 206 2185 2.
254 2149 523 2191 interpellatus,
554 2147 773 2193 impeditus.
821 2166 868 2172 —
919 2147 1064 2180 sublata
1091 2145 1115 2178 i.
1142 2156 1172 2178 e.
1199 2143 1418 2190 periculum
1444 2155 1464 2176 a
1490 2143 1566 2177 Do-

78 2198 216 2232 labella
239 2197 484 2232 noetuendum
509 2196 696 2230 sublatum
723 2195 867 2229 fuisset.
903 2213 946 2219 --
995 2194 1217 2238 profligata,
1237 2191 1427 2232 vereitelt,
1455 2192 1566 2239 abge-

77 2246 274 2294 schlagen.
327 2263 372 2270 -—
422 2244 605 2288 quoniam.
666 2243 730 2278 Sic
766 2243 915 2288 scripsi.
941 2243 1082 2287 quando
1107 2241 1248 2286 quidem
1273 2242 1391 2285 Neap.
1418 2240 1504 2273 Asc.
1535 2242 1566 2274 1.

79 2295 180 2329 Crat.
206 2292 334 2326 Lamb.
359 2292 455 2326 Lall.
483 2292 571 2327 Sch.
597 2293 692 2326 Liin.
721 2292 922 2326 ORELLI.
975 2291 1024 2324 So
1051 2301 1108 2335 ep.
1136 2291 1217 2329 836,
1244 2291 1278 2323 3.
1305 2306 1348 2312 --
1374 2289 1424 2320 ad
1448 2298 1568 2328 mmm,

13 2347 15 2379 ‘1
78 2342 188 2376 nulla
214 2347 385 2385 excepta,
411 2341 482 2373 in's
507 2347 706 2386 gesammt‚
743 2339 843 2373 ohne
869 2339 1097 2373 Ausnahme.
1123 2356 1170 2363 —
1203 2338 1280 2371 suis
1299 2335 1413 2369 sociis
1431 2335 1566 2376 firma-

14 2390 15 2394 ’
79 2391 127 2424 tis
152 2396 239 2433 cet„
276 2388 354 2421 und
379 2387 498 2421 durch
523 2388 789 2436 Verst'aeirkung
820 2387 946 2421 seiner
978 2386 1324 2432 Bundesgenosscn,
1357 2383 1424 2417 der
1450 2384 1567 2417 Anto-

14 2447 17 2471 }
79 2439 226 2482 niancr,
253 2435 365 2471 Euch
389 2436 461 2470 den
486 2436 629 2482 Kampf
651 2435 763 2470 nicht
788 2435 1033 2470 erschweren
1057 2434 1172 2468 kann.

176 2507 212 2540 3.
264 2514 370 2549 quam
394 2503 499 2537 valde
523 2504 661 2547 desper.
687 2503 712 2536 i.
747 2513 777 2536 e.
814 2514 926 2547 quam
961 2501 1167 2537 insolentes
1200 2511 1289 2548 erga
1314 2511 1380 2534 nos
1405 2498 1565 2540 fuerint,

81 2554 183 2598 quod
207 2553 253 2586 de
279 2563 322 2586 re
348 2552 500 2596 publica
525 2558 562 2586 et
588 2550 695 2586 bonis
721 2551 889 2597 partibus
913 2557 1038 2585 actum
1064 2555 1253 2596 putarent.
1279 2548 1386 2582 8011.
1437 2568 1479 2574 —-
1523 2559 1568 2581 ex

83 2602 214 2641 literis,
240 2612 327 2644 quas
349 2600 492 2644 publice
515 2600 613 2642 misi,
647 2611 709 2633 aus
736 2598 900 2633 meinem
925 2597 1218 2632 Amtsberichte.
1267 2597 1324 2630 Er
1351 2595 1469 2629 meint
1494 2595 1568 2629 den

39 2690 42 2692 ‚
82 2649 208 2696 vor-ig.
236 2649 351 2683 Brief.
379 2667 423 2673 —
449 2649 561 2682 mullo
584 2647 749 2692 parcium,
775 2647 853 2681 viel
879 2646 1126 2687 schonender,
1151 2645 1234 2679 scil.
1261 2656 1372 2689 quam
1397 2644 1566 2678 scribere

85 2700 290 2742 potuissem
328 2696 371 2731 de
402 2696 645 2741 improbitate
678 2695 926 2730 Rhodiorum.
976 2694 1040 2728 Sic
1076 2694 1149 2728 Md.
1188 2694 1304 2738 Neap.
1341 2693 1427 2727 Asc.
1464 2692 1564 2726 crat.

83 2746 186 2784 Vict.
213 2748 246 2780 1.
273 2747 306 2782 2.
334 2745 477 2788 scripsi,
503 2756 606 2788 quam
636 2755 673 2778 re
702 2755 791 2778 vera
809 2745 947 2788 furere
978 2753 1037 2776 eos
1061 2741 1190 2776 inveni.
1244 2741 1347 2777 Quod
1378 2751 1467 2775 vero
1493 2740 1566 2774 ali-
