1795 3086
423 95 736 141 EPISTOLA
775 96 1151 142 DCCCXXXV.
1448 97 1539 147 337

56 221 182 264 posse
212 221 282 249 me
312 222 393 250 nec
422 209 478 251 de
506 209 637 251 laude
666 208 807 250 ieiuni
838 208 1033 252 hominis
1064 211 1262 253 delibare
1292 212 1536 276 quidquam

55 271 101 306 ct
128 266 307 306 subesse
348 272 493 307 tamen
533 265 796 320 propinquis
838 266 964 318 locis,
1004 272 1066 313 ut,
1107 267 1146 308 si
1176 267 1332 309 durius
1363 269 1535 322 ahquid

56 325 187 373 esset,
218 334 481 363 succurrere
510 320 719 362 celeriter
747 334 935 374 possem.
993 323 1092 377 Ego
1124 337 1210 364 non
1234 325 1372 366 malus
1401 324 1534 365 homo

53 375 141 417 hoc
171 377 440 432 suspicabar.
526 378 588 418 At
631 376 916 429 Laterensis,
965 378 1037 419 vir
1074 379 1410 431 sanctissimus,
1454 393 1534 422 suo

53 431 357 487 chirographo
386 432 525 474 mittit
550 431 664 472 mihi
692 432 845 474 literas
876 433 1089 488 meisque,
1118 435 1356 489 desperans
1388 436 1444 477 de
1473 450 1536 483 se,

54 489 111 529 de
141 491 361 541 exercitu,
403 487 458 529 de
499 487 665 543 Lepidi
704 487 812 540 fide,
855 503 1134 544 querensque
1170 504 1219 532 se
1249 491 1534 542 destitutum3

52 544 101 584 in
130 545 288 598 quibus
317 548 472 598 aperte
499 543 746 596 denuntiat,
775 544 955 586 videam
975 559 1029 585 ne
1050 544 1214 594 fallar5
1245 561 1369 588 suam
1399 548 1535 589 fidem

53 600 242 641 solutam
283 613 402 641 esse:
444 601 511 641 rei
550 601 756 655 publicae
797 614 852 642 ne
898 601 1055 642 desim.
1141 601 1390 657 Exemplar
1440 604 1535 645 eius

52 655 347 710 chirographi
369 655 498 696 Titio
527 656 646 698 misi.
705 655 812 711 Ipsa
834 654 1140 711 chirographa
1169 659 1332 711 omnia,
1363 663 1407 700 et
1435 661 1535 714 qui-

1 715 5 717 *
52 712 133 752 bus
174 711 350 752 credidi
389 716 434 753 et
472 725 539 763 ea,
577 713 737 767 quibus
776 712 913 754 fidem
950 726 1038 753 non
1077 711 1325 755 habendam
1366 716 1535 768 putavi,

51 766 205 809 Laevo
237 768 392 821 Cispio
422 767 536 809 dabo
565 768 846 824 perferenda,
886 768 963 822 qui
993 768 1192 809 omnibus
1232 769 1289 810 iis
1321 770 1531 812 interfuit

53 823 198 864 rebus.
257 824 462 865 Accessit
491 837 557 870 eo,
598 829 645 864 ut.
687 823 854 864 milites
891 823 1000 869 eius,
1039 838 1174 877 quum
1202 825 1398 879 Lepidus
1429 840 1533 867 con-

0 901 1 904 =
55 880 325 928 donaretur,
370 879 561 933 improbi
592 892 673 932 per
701 892 764 929 se,
805 878 1006 933 corrupti
1035 879 1173 920 etiam
1202 894 1285 934 per
1315 895 1411 934 eos,
1456 883 1534 936 qui

52 940 278 990 praesunt,
323 934 538 976 Canidios
580 933 896 989 Rufrenosque
935 939 980 975 et
1010 939 1195 980 ceteros,
1235 950 1361 990 quos,
1399 951 1534 991 quum

53 1005 163 1046 opus
203 991 303 1036 erit,
340 990 509 1039 scietis,
549 990 873 1031 conclamarint
900 991 991 1032 viri
1021 991 1124 1031 boni
1153 1003 1308 1046 pacem
1338 1007 1386 1034 se
1414 994 1534 1034 velle

0 1068 2 1074 ·
52 1059 194 1101 neque
224 1059 321 1087 esse
352 1059 451 1086 cum
479 1045 582 1087 ullis
613 1050 906 1100 pugnaturos,
953 1046 1122 1087 duobus
1162 1047 1250 1088 iam
1280 1048 1533 1090 consulibus

0 1123 2 1131 ν
51 1102 352 1156 singularibus
382 1101 561 1151 occisis,
592 1105 660 1142 tot
689 1102 861 1142 civibus
890 1115 970 1157 pro
1002 1102 1147 1156 patria
1168 1104 1360 1155 amissis,
1392 1103 1533 1145 hosti-

0 1165 1 1190 }
54 1159 132 1198 bus
163 1157 354 1212 denique
385 1158 586 1198 omnibus
616 1157 831 1199 iudicatis
861 1157 1077 1214 bonisque
1098 1159 1361 1214 publicatis:
1391 1160 1534 1215 neque

53 1312 122 1346 der
143 1313 334 1360 Meinung,
364 1324 406 1347 er
424 1312 615 1347 vermeide
637 1325 674 1347 es
700 1325 784 1353 nur,
811 1325 857 1347 an
884 1312 960 1347 mir
986 1310 1097 1347 einen
1114 1313 1393 1348 Theilnehmer
1410 1315 1531 1349 seines

54 1360 198 1395 Ruhms
224 1374 271 1394 zu
297 1362 429 1395 haben.
457 1381 501 1386 —
528 1372 582 1394 me
607 1372 672 1395 nec
699 1388 707 1396 .
736 1387 743 1394 .
773 1387 780 1394 .
807 1365 841 1395 et
868 1385 877 1394 .
906 1387 914 1394 .
942 1388 949 1395 .
978 1362 1080 1403 locis,
1106 1361 1186 1396 dass
1211 1361 1292 1405 ich,
1320 1362 1419 1397 ohne
1446 1363 1533 1396 dem

56 1409 172 1442 eitlen
205 1409 408 1443 Menschen
443 1421 517 1443 nur
553 1410 664 1442 einen
702 1409 816 1443 Theil
852 1409 973 1443 seines
1001 1409 1145 1444 Ruhms
1171 1422 1219 1443 zu
1244 1411 1533 1453 verkiimmern,

53 1456 155 1491 doch
182 1458 221 1489 in
247 1458 316 1491 der
341 1458 448 1492 N'ahe
474 1457 578 1491 mich
604 1459 807 1492 festsetzen
831 1457 988 1492 k'onnte.
1038 1467 1102 1490 nec
1127 1483 1136 1491 .
1159 1483 1166 1490 .
1196 1481 1204 1490 .
1234 1463 1280 1501 et,
1307 1459 1415 1493 einer
1434 1458 1531 1493 Seits

54 1505 164 1538 nicht
192 1531 201 1539 .
229 1531 237 1538 .
265 1505 427 1539 andei-er
444 1505 541 1540 Seits
567 1505 676 1539 doch.
728 1506 905 1540 Putabam
931 1517 1012 1539 rem
1038 1517 1058 1539 a
1077 1517 1138 1540 me
1163 1505 1217 1540 sic
1238 1507 1386 1540 institui
1410 1517 1532 1552 posse,

52 1560 94 1587 ut
118 1564 231 1597 neque
266 1554 311 1588 de
346 1553 456 1587 laude
487 1553 650 1588 hominis
684 1554 806 1587 inanis
840 1560 878 1588 et
902 1553 1021 1588 ieiuni
1047 1555 1250 1598 quicquam
1275 1565 1426 1589 accessu
1449 1565 1535 1589 meo

54 1601 276 1644 delibarem,
302 1606 334 1634 et
359 1608 486 1635 tamen
515 1602 742 1646 propinquis
771 1602 864 1636 locis
891 1602 1093 1637 subessem.
1114 1602 1224 1637 ΒΘΗ.
1249 1602 1371 1646 ieiuni,
1398 1603 1534 1644 inanis,

53 1649 161 1689 vani,
198 1650 285 1694 quia
311 1649 458 1684 dixerat
483 1662 523 1684 se
546 1661 654 1695 posse
681 1662 752 1696 per
784 1662 823 1685 se
850 1650 1040 1685 conficere
1066 1651 1282 1698 negotium,
1317 1658 1356 1685 et
1387 1651 1532 1686 socium

44 1697 200 1745 ‘gloriae
224 1699 345 1731 vitare
371 1697 579 1732 videbatur.

1573 328 1600 367 3

149 1747 183 1783 3,
209 1756 280 1778 non
304 1746 421 1779 malus
445 1745 561 1787 homo,
597 1746 661 1780 ich
697 1745 900 1780 ehrlicher
925 1746 1068 1791 Tropf3
1109 1746 1279 1781 insofern
1317 1759 1361 1781 er
1395 1747 1533 1783 Nichts
1592 1753 1594 1755 '

54 1804 161 1842 arg-es
188 1793 317 1827 ahnte.
348 1813 389 1818 —
418 1804 482 1828 suo
510 1793 770 1839 chirographo,
796 1806 909 1828 manu
935 1807 997 1828 sua
1023 1794 1193 1839 scriptas.
1220 1795 1329 1829 SCH.
1357 1814 1399 1819 —
1427 1796 1534 1829 meis-

53 1852 128 1885 que.
156 1840 218 1876 Sic
243 1841 316 1876 Md.
343 1843 458 1888 Neap.
485 1843 567 1876 Asc.
597 1845 629 1876 l.
659 1843 761 1878 Crat.
790 1844 887 1877 Vict.
916 1845 945 1877 1.
967 1845 1001 1878 2.
1027 1843 1156 1878 Lamb.
1184 1843 1322 1877 Bened.
1347 1843 1386 1876 in
1413 1843 1535 1888 eisque

53 1889 189 1923 Graev.
215 1890 309 1923 Ern.
339 1890 427 1924 sch.
454 1891 547 1924 Liin.
576 1890 649 1924 ΟΒ.
703 1910 745 1916 -
799 1892 996 1935 desperans
1020 1917 1028 1924 .
1056 1916 1064 1923 .
1091 1901 1245 1935 querens
1275 1890 1533 1938 Brachylogie

53 1944 97 1972 st.
125 1938 165 1970 in
192 1937 325 1981 quibus
351 1938 542 1985 significat
569 1950 606 1973 se
633 1939 830 1983 desperare
855 1964 862 1971 .
891 1964 899 1974 .
926 1964 934 1971 .
963 1939 1206 1983 queriturque.
1248 1957 1295 1964 -—
1343 1939 1381 1972 in
1408 1940 1534 1984 quibus

52 1985 128 2020 del.
156 1986 250 2020 Ern.
278 1985 366 2020 Sch.
393 1987 486 2020 Liin.
517 2006 555 2012 -—
595 1997 697 2020 suam
721 1986 832 2026 fidem
855 1988 1009 2021 solutam
1034 1997 1121 2029 esse,
1149 1998 1191 2019 er
1216 1986 1310 2020 habe
1336 1986 1419 2020 sich
1446 1986 1530 2021 hie-

51 2034 124 2068 mit
159 2034 284 2068 seiner
317 2034 650 2069 Verbindlichkeit
683 2035 867 2082 erledigt3
913 2046 956 2068 er
990 2034 1098 2069 stehe
1131 2034 1194 2069 fiir
1230 2034 1371 2069 Nichts
1405 2035 1529 2068 mehr.

1 2040 4 2123 x
52 2083 193 2116 solz-ere
218 2088 263 2115 st.
289 2082 512 2128 persolvere
539 2083 564 2116 i.
594 2095 622 2117 e.
650 2090 857 2128 praestare.
909 2102 951 2107 —
1004 2083 1112 2122 Titio,
1128 2083 1279 2116 ‘seinem
1306 2082 1530 2116 Gescb'afts-

1 2139 4 2165 ί
51 2133 183 2177 trager
208 2142 255 2164 zu
281 2130 387 2163 Rom.
440 2125 543 2164 Uber
568 2132 605 2164 P.
635 2131 758 2165 Titius
794 2143 822 2164 s.
858 2143 915 2177 ep.
941 2132 1022 2173 806,
1049 2132 1084 2165 3·
1114 2132 1146 2167 4,
1200 2151 1241 2156 ———
1295 2135 1330 2164 et
1364 2131 1445 2164 scil.
1477 2143 1530 2171 ea,

52 2180 178 2223 quibus
204 2179 354 2212 credidi.
381 2178 509 2212 Lamb.
536 2183 571 2212 et
595 2190 649 2213 ea.
677 2198 719 2204 —
746 2179 868 2212 Laevo
898 2179 1033 2222 Cispio.
1060 2177 1096 2212 S.
1123 2189 1180 2224 ep.
1206 2180 1289 2220 828,
1318 2181 1350 2213 1.
1378 2199 1420 2205 —
1441 2190 1530 2223 per-

2 2263 4 2267 .
46 2227 208 2270 serenda
233 2226 279 2259 ad
303 2238 380 2261 vos.
408 2246 451 2251 —
485 2228 542 2260 iis.
572 2226 637 2261 Sic
664 2227 737 2261 Md.
766 2227 823 2260 his
844 2227 937 2261 Edd.
966 2237 1069 2260 meae
1096 2237 1234 2260 omnes.
1263 2227 1337 2262 ΟΕ.

147 2275 181 2308 4.
209 2274 384 2308 Canidios
408 2275 675 2319 Rufrenosque,
709 2275 834 2309 durch
867 2274 1154 2317 Befehlshaber‚
1187 2275 1264 2308 wie
1290 2274 1465 2308 Canidius
1491 2287 1527 2308 u.

53 2322 255 2363 Rufi-enm,
281 2323 448 2370 Legaten
474 2323 535 2356 des
563 2323 737 2368 Lepidus.
790 2342 833 2347 —
883 2323 957 2357 viri
984 2323 1077 2364 boni,
1111 2322 1279 2366 inquam,
1315 2322 1396 2356 dass
1424 2322 1529 2355 diese

8 2381 13 2406 ι·
55 2370 195 2405 braven
227 2370 339 2409 Kerl,
374 2371 444 2416 sag'
477 2370 551 2404 ich.
603 2372 742 2405 Ironie.
781 2390 823 2396 -—
873 2371 1058 2405 iudicatis.
1108 2370 1242 2413 Locus,
1286 2376 1326 2403 ut
1363 2369 1528 2411 videtur,

10 2426 12 2454 ῖ
54 2424 275 2462 corruptus,
314 2418 387 2451 nisi
424 2430 560 2464 parum
593 2419 789 2466 eleganter
823 2420 1032 2454 elaboratus
1073 2425 1128 2452 est
1179 2418 1222 2452 ab
1259 2417 1340 2462 ipso
1376 2418 1527 2451 Planco.

9 2462 14 2502 ἰ
54 2466 267 2500 Haeserunt
303 2466 343 2499 in
377 2477 418 2501 eo
454 2466 670 2501 iamdudum
706 2473 742 2501 et
777 2467 926 2501 librarii
958 2474 995 2501 et
1034 2465 1172 2500 critici.
1211 2478 1246 2499 v.
1278 2465 1532 2507 singularibus

10 2514 13 2537 ⁵
55 2513 121 2548 Cd.
147 2514 259 2547 Basil.
283 2513 393 2559 ponit
418 2522 502 2560 post
528 2516 676 2548 occisis:
711 2515 782 2549 del.
817 2520 903 2550 cum
930 2516 1095 2560 Hitto‘rp.
1122 2512 1210 2547 sch.
1238 2514 1331 2546 Liin.
1360 2514 1530 2555 singula-

11 2558 16 2618 }
54 2562 156 2595 ribus
181 2562 273 2594 viris
297 2562 426 2597 Lamb.
453 2563 549 2597 coni.
602 2564 817 2597 Praeterea:
856 2563 1062 2597 consulibus
1087 2561 1235 2595 amissis
1259 2586 1266 2593 .
1295 2587 1302 2594 .
1331 2587 1340 2596 .
1363 2571 1434 2605 pro
1457 2572 1529 2604 pa·-

3 2620 4 2624 ’
54 2609 129 2642 tria
154 2610 285 2642 occisis
311 2609 356 2642 de
381 2609 472 2643 Ern.
501 2622 599 2655 susp.
626 2610 714 2645 sch.
743 2611 837 2644 Liin.
875 2611 1030 2645 Offendo
1058 2610 1218 2653 denique
1245 2608 1284 2640 in
1311 2621 1345 2641 v.
1371 2608 1531 2642 hostibus

2 2620 19 2705 <l
55 2657 212 2690 omnibus
235 2657 359 2698 indic„
399 2670 514 2703 quum
540 2659 738 2692 dicendum
765 2665 878 2693 esset:
920 2659 1084 2692 hostibus
1121 2656 1285 2690 omnibus
1318 2656 1433 2698 bonis,
1467 2656 1531 2690 vel

2 2709 17 2736 ti
56 2704 159 2738 bonis
185 2705 349 2738 omnibus
373 2705 479 2743 indic.
508 2707 582 2741 GR.
611 2727 653 2732 -—
681 2708 854 2741 omnibus.
881 2707 984 2740 Flor.
1013 2706 1063 2747 ΙΙ,
1089 2706 1132 2739 9:
1160 2704 1346 2738 Antonius
1373 2705 1413 2737 in
1439 2704 1532 2738 Gal-

1 2743 18 2790 ἱ
54 2751 146 2788 liam
181 2753 350 2798 confugit
382 2761 419 2787 et
455 2756 502 2787 M.
532 2754 716 2801 Lepidum
753 2755 824 2789 sibi
858 2755 982 2788 iunxit
1015 2753 1211 2796 hostisque
1245 2764 1265 2786 a
1289 2758 1421 2786 senatu
1446 2763 1532 2786 cum

120 2831 178 2857 Cic.
198 2833 300 2861 Briese
322 2842 340 2857 v
369 2833 492 2860 Billerh,
513 2833 559 2859 lv?
1074 2808 1134 2846 22
