1795 3086
568 64 881 109 EPISTOLA
910 64 1076 110 DCCI.
1505 63 1567 111 79

90 183 138 220 ut
167 182 330 221 cetera.
389 176 536 228 Quam
565 176 798 218 commode
828 180 991 232 autem,
1020 176 1140 234 quod
1171 175 1219 218 id
1250 177 1407 232 ipsum,
1447 177 1567 231 quod

89 249 159 276 me
187 248 353 287 moneS‚
383 233 623 289 quatriduo
652 236 754 274 ante
784 232 843 273 ad
872 247 971 274 eum
1000 235 1265 288 scripseram
1290 234 1567 287 exemplum*

90 305 176 345 que
214 304 410 332 mearum
455 290 688 330 literarum
726 287 785 329 ad
822 291 868 329 te
906 290 1126 332 miseram.
1207 288 1298 331 Sed
1336 302 1472 344 quum
1509 302 1569 329 ex

21 342 27 351 ’
89 347 361 389 Dolabellae
399 343 535 397 οἷτισίᾳε
572 367 626 374 -
664 344 733 385 sic
779 342 896 384 enim
936 348 987 385 tu
1030 346 1088 386 ad
1123 359 1194 386 me
1231 346 1477 400 scripseras
1515 366 1570 373 —

90 417 250 457 magna
279 401 592 456 desperatione
619 401 809 441 affectus
839 413 1009 449 essem3
1039 414 1143 441 ecce
1172 402 1257 442 tibi
1287 407 1334 443 et
1361 399 1496 442 Bruti
1524 403 1571 441 et

90 463 192 501 tuae
231 459 405 500 literae.
481 457 570 498 Ille
609 456 800 497 exilium
840 456 1075 497 meditari:
1124 469 1206 497 nos
1244 462 1392 499 autem
1431 457 1571 498 alium

91 519 269 569 portum
296 513 554 569 propiorem
582 510 691 553 huic
719 513 858 553 aetati
887 512 1174 554 videbamus:
1222 513 1270 552 in
1300 527 1431 568 quem
1458 512 1571 553 mal-

91 574 179 612 lem
209 570 415 625 equidem
444 567 648 624 pervehi,
688 567 881 609 florente
926 567 1070 609 Bruto
1116 570 1271 608 nostro
1311 568 1573 610 constituta-

90 641 177 681 que
207 640 255 668 re
285 626 476 681 publica.
536 624 626 666 Sed
656 637 773 665 nunc
802 623 999 680 quidem,
1028 627 1079 666 ut
1107 623 1285 676 scribis,
1314 637 1400 665 non
1424 630 1573 665 utrum

88 684 172 725 vis.
240 682 488 723 Assentiris
536 682 656 721 enim
693 679 809 721 mihi
851 684 1053 722 nostram
1092 683 1285 722 aetatem
1331 692 1359 720 a
1396 681 1573 732 castris,

90 739 357 793 praesertim
387 737 614 789 civilibus,
641 735 894 778 abhorrere.
947 737 1166 777 Antonius
1205 735 1266 777 ad
1301 749 1373 776 me
1402 738 1574 776 tantum

90 795 146 835 ‹le
177 793 341 836 Clodio
373 793 623 847 rescripsit,
666 805 811 833 meam
851 792 1083 834 lenitatem
1123 795 1169 833 et
1206 791 1492 833 clementiam
1530 795 1576 832 et

90 851 178 891 sibi
218 863 315 891 esse
365 854 539 903 gratam
576 852 621 888 et
664 847 777 888 mihi
817 848 1042 904 voluptati
1079 861 1267 903 magnae
1305 846 1418 889 fore.
1485 846 1583 890 Sed

90 906 240 947 Pansa
269 905 420 946 furere
449 905 630 947 videtur
658 903 714 944 de
745 903 911 946 Clodio
941 906 1137 960 itemque
1167 904 1224 945 de
1252 904 1501 953 Deiotar03
1531 906 1578 944 et

91 962 294 1016 loquitur
321 974 489 1013 severe,
519 961 558 1002 si
586 959 704 1002 velis
734 960 934 1003 credere.
991 960 1117 1002 Illud
1146 963 1295 1002 tamen
1322 973 1412 1001 non
1441 959 1577 1011 belle,

91 1022 141 1058 ut
169 1016 283 1057 mihi
312 1017 493 1071 quidem
530 1015 727 1069 videtur,
771 1016 892 1070 quod
930 1016 1099 1059 factum
1128 1017 1402 1058 Dolabellae
1440 1013 1577 1057 vehe-

91 1077 264 1114 menter
292 1073 526 1127 improbat.
585 1072 657 1113 De
687 1072 930 1126 coronatis,
961 1087 1098 1129 quum
1127 1073 1298 1114 sororis
1326 1076 1429 1114 tuae
1449 1071 1576 1112 filius

94 1142 120 1169 a
147 1133 274 1183 patre
301 1132 533 1169 accusatus
577 1132 709 1180 esset,
750 1129 985 1183 rescripsit
1025 1142 1072 1170 se
1113 1141 1326 1170 coronam
1364 1126 1575 1169 habuisse

92 1184 279 1226 honoris
308 1184 517 1225 Caesaris
547 1197 701 1233 causa3
730 1184 933 1238 posuisse
963 1185 1111 1226 luctus
1142 1184 1313 1238 gratia:
1349 1187 1576 1237 postremo

92 1254 139 1282 se
189 1241 385 1281 libenter
424 1240 799 1294 vituperationem
844 1239 1009 1291 subire,
1060 1240 1182 1295 quod
1229 1243 1403 1280 amaret
1441 1240 1577 1280 etiam

92 1301 315 1338 mortuum
345 1295 599 1337 Caesarem.
655 1294 727 1337 Ad
758 1295 1064 1348 Dolabellam,
1093 1295 1464 1351 quemadmodum
1494 1294 1578 1335 tibi

93 1352 212 1394 dicis
241 1353 437 1406 placere,
468 1351 632 1406 scripsi
663 1350 921 1406 diligenter.
995 1352 1096 1407 Ego
1126 1351 1263 1392 etiam
1293 1350 1353 1391 ad
1381 1349 1575 1391 Siccam.

93 1409 203 1451 Tibi
232 1407 322 1450 hoc
351 1408 500 1450 oneris
529 1421 618 1449 non
646 1407 841 1462 impono.
899 1406 1019 1450 Nolo
1062 1411 1106 1450 te
1144 1408 1273 1448 illum
1301 1407 1469 1448 iratum
1498 1405 1577 1448 ha-

0 1572 8 1598 ¹]
56 1604 61 1606 >
99 1588 212 1623 Quam
238 1582 420 1617 commode
448 1581 472 1615 i.
501 1593 532 1616 e.
559 1581 827 1627 percommode
852 1582 1001 1617 accidit.
1041 1602 1090 1609 —
1128 1585 1225 1628 quod
1247 1591 1333 1620 ante
1357 1583 1400 1619 id
1423 1596 1576 1631 suspec-

96 1642 176 1669 tum
203 1633 353 1666 Ernest.
381 1649 425 1655 —-
452 1631 648 1675 quatriduo
675 1634 770 1672 ante,
797 1641 934 1676 nempe
958 1632 1019 1666 lv.
1047 1633 1144 1667 Non.
1172 1634 1273 1667 Maii.
1315 1633 1395 1669 Cfr.
1424 1635 1576 1680 ep.699.

99 1703 141 1708 —
169 1693 211 1715 ex
236 1679 456 1714 Dolabellae
480 1675 661 1724 ἆτισίᾳ,
696 1679 721 1714 i.
750 1689 780 1712 e.
818 1678 970 1713 defectu
996 1681 1206 1724 solutionis,
1244 1682 1453 1724 Insolvenz,
1487 1681 1523 1715 d.
1550 1681 1574 1715 i.

96 1731 187 1766 weil
219 1726 414 1764 Dolabella
441 1726 502 1759 das
529 1727 645 1760 letzte
672 1726 820 1761 Drittel
851 1737 924 1761 von
951 1727 1018 1761 der
1043 1729 1190 1776 Mitgift
1214 1729 1283 1763 der
1307 1729 1578 1763 verstorbenen

96 1778 226 1814 Tullia
262 1776 347 1809 dem
383 1774 516 1809 Cicero
550 1775 649 1808 noch
693 1775 832 1809 immet·
872 1774 1053 1823 schuldig·
1088 1776 1198 1810 blieb.
1249 1776 1312 1811 Sic
1344 1778 1428 1811 Bos.
1465 1777 1579 1822 Seqq.

95 1827 206 1863 alisia
233 1824 298 1859 cd.
325 1824 478 1858 Decurt.
504 1823 622 1856 aritia
647 1823 720 1856 Md.
747 1822 810 1856 Ox.
840 1824 872 1857 1.
899 1825 931 1858 2.
956 1823 1042 1858 Asc.
1069 1827 1101 1858 1.
1137 1824 1236 1859 Crat.
1273 1826 1436 1860 avaritia
1471 1826 1575 1862 vict.

98 1880 128 1913 1,
155 1877 189 1911 2.
224 1875 320 1908 Man.
353 1871 482 1905 Lamb.
520 1871 752 1905 Vocabulum
795 1869 918 1917 ιίτισίᾳ
952 1871 1027 1906 hoc
1071 1883 1146 1907 uno
1181 1873 1266 1908 loco
1304 1874 1378 1907 niti
1413 1873 1577 1908 videtur.

98 1922 219 1958 Possis
263 1919 447 1966 suspicari
488 1915 639 1964 ἀπιστίᾳ
674 1919 741 1953 vel
783 1915 932 1966 ἀπορίᾳ.
992 1919 1105 1955 Nihil
1148 1927 1275 1956 tamen
1314 1921 1412 1956 certi
1450 1922 1577 1958 viden.

100 1969 296 2006 ORELLI.
344 1989 385 1995 —
427 1967 492 2008 sic,
517 1966 687 2001 namlieh
712 1978 797 2001 eum
819 1968 967 2002 solvere
993 1979 1069 2003 non
1092 1979 1212 2014 posse.
1248 1988 1290 1994 -
1327 1970 1462 2004 literae
1485 1969 1578 2004 affe-

98 2025 245 2054 runtur.
295 2036 339 2042 —
364 2016 449 2058 Ille,
476 2017 625 2057 Brutus,
651 2016 818 2050 exsilzum
842 2016 1026 2060 meditari,
1053 2017 1159 2051 iener
1183 2017 1351 2066 gedenkt
1376 2019 1446 2053 in's
1467 2018 1577 2052 Exsil

97 2081 144 2103 zu
171 2065 303 2114 gehen.
353 2064 499 2099 Infinit.
526 2063 743 2099 historicus.
769 2064 806 2099 S.
833 2075 890 2110 ep.
919 2066 1001 2108 702,
1027 2066 1050 2100 4
1075 2070 1114 2099 ut
1138 2067 1269 2100 scribit
1293 2067 1378 2112 ipse.
1407 2087 1449 2093 —
1474 2078 1577 2111 prop.

97 2117 131 2150 Ιι.
158 2114 270 2148 aetati
294 2113 320 2148 i.
347 2124 378 2147 e.
402 2118 580 2147 mortem.
631 2112 687 2147 Cf„
715 2112 825 2149 Tusc,
854 2113 999 2156 Quaest.
1025 2114 1054 2147 Ι.
1082 2125 1112 2147 c.
1139 2115 1184 2149 49
1222 2121 1319 2148 extr.
1352 2133 1394 2139 —
1420 2114 1577 2158 pervehi,

98 2162 313 2203 einfahren,
341 2160 547 2195 einlaufen.
589 2179 633 2185 —
674 2171 748 2194 non
778 2165 900 2194 utrum
934 2162 992 2195 vis
1025 2162 1049 2195 i.
1077 2172 1106 2195 e.
1134 2173 1208 2196 non
1234 2162 1346 2196 datur
1370 2163 1485 2209 optio,
1513 2163 1577 2196 sed

98 2210 308 2246 necessario
333 2209 549 2243 faciendum
576 2214 632 2242 est
655 2209 830 2250 alterurn,
866 2208 949 2243 scil.
975 2216 1018 2244 ut
1056 2209 1157 2244 bello
1195 2211 1414 2246 abstineam.
1468 2211 1577 2246 sel-1.

100 2279 141 2285 —
168 2258 359 2293 assentiris
383 2257 475 2290 enim
500 2256 609 2298 mm,-
636 2257 685 2290 in'
703 2268 745 2291 eo
771 2257 868 2300 quod
895 2257 1099 2303 scripserat
1123 2270 1180 2304 ep.
1207 2261 1289 2295 693.

192 2309 226 2343 2.
278 2306 321 2339 (le
348 2306 490 2339 Clodio.
527 2304 566 2340 S.
594 2316 650 2350 ep.
678 2306 758 2341 693.
785 2305 883 2352 App.
916 2307 958 2339 A.
985 2318 1020 2348 u.
1046 2307 1086 2340 B.
1138 2326 1182 2332 -
1233 2308 1275 2341 de
1299 2307 1492 2341 Deiotaro.
1538 2306 1577 2341 S.

99 2365 158 2399 ep.
184 2355 269 2396 692,
296 2356 326 2388 l.
355 2372 399 2378 —
423 2364 557 2394 severe,
582 2354 659 2387 wie
684 2353 752 2387 der
775 2360 967 2402 strengste
992 2354 1277 2399 RePublicaner.
1317 2373 1360 2380 --—
1394 2365 1461 2388 non
1487 2355 1579 2389 belle

99 2403 204 2436 facit.
231 2419 275 2426 —
293 2402 440 2443 factum
467 2402 694 2444 Dolabellae,
720 2401 766 2435 de
791 2413 864 2447 quo
892 2413 950 2447 ep.
977 2404 1057 2438 700.

195 2451 227 2485 3.
279 2450 323 2483 de
354 2451 541 2483 coronatis
575 2449 657 2486 scil.
699 2449 798 2494 quod
836 2450 940 2485 inter
979 2456 1178 2485 coronatos
1218 2450 1352 2484 fuisset
1385 2449 1425 2492 Q.
1461 2449 1574 2484 filius.

99 2497 184 2532 Nisi
210 2497 334 2543 potius
368 2497 503 2532 Cicero
537 2497 694 2543 scripsit
735 2498 777 2531 de
810 2509 947 2532 corona
978 2499 1061 2533 scil.
1094 2498 1280 2533 Parilibus
1315 2498 1355 2530 in
1393 2497 1575 2532 honorem

100 2546 268 2581 Caesaris
295 2551 452 2592 gestata.
503 2546 561 2580 Cf.
601 2557 658 2590 ep.
686 2547 768 2582 694.
808 2546 916 2580 SGH.
967 2565 1010 2572 —
1061 2558 1178 2582 accus.
1214 2547 1240 2579 i.
1273 2557 1304 2579 e.
1341 2545 1576 2591 vituperatus

99 2598 199 2627 esset.
249 2611 295 2618 —
343 2594 475 2635 subire,
514 2606 557 2628 er
591 2594 689 2627 lasse
726 2594 808 2628 sicli
847 2595 1028 2642 gefallen.
1079 2614 1121 2620 ·—
1173 2597 1350 2628 mortuum
1382 2594 1406 2627 i.
1436 2606 1466 2628 e.
1491 2601 1576 2639 post

98 2648 272 2678 mortem.

195 2691 227 2724 4.
280 2690 329 2723 ad
362 2689 502 2723 Siccam
537 2690 609 2723 scri
643 2690 685 2723 si.
741 2690 951 2725 Eutwedex·
987 2691 1027 2724 in
1064 2691 1191 2737 Bezug·
1225 2690 1292 2723 auf
1323 2699 1382 2735 ep.
1416 2690 1499 2733 548,
1533 2692 1575 2731 l;

102 2738 192 2772 oder
216 2737 411 2772 vielmehr
435 2739 501 2771 auf
522 2749 579 2783 ep.
606 2701 650 2773 55
677 2762 687 2780 ‚
715 2740 747 2773 1.
781 2739 862 2786 vgl.
889 2739 960 2773 mit
983 2740 1063 2781 556,
1093 2741 1130 2774 l:
1158 2730 1217 2774 {vo
1243 2737 1341 2772 deun
1367 2738 1471 2772 illam
1497 2738 1573 2772 wol
