1795 3086
503 82 818 128 EPISTOLA
846 82 1195 127 DCCLXVIII.
1495 80 1588 127 219

119 196 256 238 obire.
313 195 456 237 Plane
485 195 570 236 hoc
600 198 788 249 spectat,
821 199 870 236 ut
899 209 947 237 se
976 196 1088 238 duee
1110 195 1267 243 bellum
1286 196 1469 248 geratur
1490 207 1588 234 cum

119 251 328 293 Antonio.
386 251 544 305 Itaque
581 251 716 292 video
745 251 1084 305 paucisdiebus
1114 265 1195 293 nos
1234 250 1282 291 in
1311 250 1444 290 armis
1474 248 1588 290 fore.

120 307 266 357 Quem
315 311 459 349 autem
508 308 768 360 sequamur!
833 305 956 346 Vide
1002 321 1184 360 nomen,
1231 305 1336 347 vide
1383 309 1589 347 aetatem.

121 364 268 418 Atque
299 376 325 403 a
353 377 421 403 me
450 363 672 416 postulat,
713 361 904 416 primum
943 365 993 402 nt
1031 363 1145 402 clam
1185 363 1472 416 colloquatur
1499 373 1591 400 me-

121 433 222 461 cum
259 419 332 459 rel
363 418 540 472 Capuae
580 418 650 458 vel
692 430 779 458 non
817 418 946 472 longe
986 429 1012 457 a
1051 417 1214 471 Capua.
1283 418 1466 459 Puerile
1503 415 1594 457 hoc

122 474 318 530 quidem,
349 473 389 514 si
417 473 464 513 id
493 477 620 527 putat
659 473 774 513 clam
804 472 905 513 fieri
935 485 1076 526 posse.
1135 473 1285 513 Docui
1320 487 1400 528 per
1437 473 1593 514 literas

122 531 171 571 id
201 543 284 570 nec
313 541 420 583 opus
449 542 545 569 esse
574 541 656 569 nec
684 528 787 569 fieri
816 542 960 583 posse.
1018 527 1150 568 Misit
1179 529 1236 567 ad
1264 541 1334 569 me
1354 529 1593 570 Caecinam

123 586 341 641 quendam
371 583 738 634 Volaterranum,
767 583 1040 624 familiarem
1069 596 1208 634 suum,
1249 584 1324 636 qui
1352 583 1465 626 haec
1494 596 1594 638 per-

123 641 250 683 tulit:
289 639 531 681 Antonium
569 653 669 680 cum
707 640 882 694 legione
912 639 1188 681 Alaudarum
1228 638 1284 677 ad
1313 641 1466 680 urbem
1496 652 1596 694 per-

124 709 243 750 gere,
273 694 484 749 pecunias
514 694 772 750 municipiis
802 695 1044 749 imperare,
1090 693 1310 748 legionem
1348 696 1427 736 sub
1456 695 1595 749 signis

123 752 299 792 ducere.
357 749 662 797 Consultabat,
697 755 844 792 utrum
873 749 1062 792 Romam
1092 761 1192 790 cum
1221 757 1288 787 clo
1318 759 1384 786 cit)
1414 759 1493 791 cm.
1523 763 1597 792 ve-

126 811 381 848 teranorum
423 806 806 860 proficisceretur,
846 818 900 846 an
941 806 1139 859 Capuam
1179 808 1349 846 teneret
1387 809 1432 846 et
1459 807 1598 847 Anto-

126 863 247 902 nium
275 861 525 903 venientem
555 861 827 912 excluderet,
866 874 922 902 an
952 861 1038 902 iret
1067 861 1124 901 ad
1154 864 1247 901 tres
1278 860 1476 915 legiones
1504 862 1601 903 Ma-

127 917 388 966 cedonicas,
437 930 550 969 quae
591 916 680 957 iter
717 916 958 957 secundum
995 929 1117 957 mare
1157 929 1363 970 superum
1403 915 1601 966 faciunt;

127 985 238 1027 quas
267 974 416 1026 sperat
443 984 543 1012 suas
582 985 690 1014 esse.
750 972 843 1014 Eae
884 971 1163 1026 congiarium
1200 973 1256 1013 ab
1296 972 1490 1013 Antonio
1529 986 1601 1013 ac-

127 1028 279 1082 cipere
308 1027 562 1076 noluerunt,
602 1032 652 1068 ut
679 1027 757 1069 hic
787 1027 967 1083 quidem
996 1032 1164 1074 narrat,
1203 1032 1249 1069 et
1277 1026 1321 1069 ei
1351 1026 1603 1069 convicium

127 1096 264 1138 grave
293 1081 498 1123 fecerunt
526 1083 949 1138 concionantemque
973 1084 1265 1137 reliquerunt.
1326 1083 1449 1134 Quid
1468 1097 1601 1139 quae-

129 1139 218 1180 ris?
275 1138 449 1179 Ducem
478 1151 525 1178 se
553 1138 792 1193 profitetur
821 1153 904 1180 nec
932 1152 1013 1180 nos
1034 1139 1120 1180 sibi
1150 1143 1279 1193 putat
1294 1139 1449 1181 deesse
1471 1153 1603 1194 opor-

129 1199 236 1235 tere.
294 1193 516 1247 Equidem
546 1194 680 1241 suasi,
708 1199 755 1236 ut
773 1193 962 1236 Romam
985 1200 1204 1249 pergeret.
1262 1193 1459 1237 Videtur
1487 1196 1605 1237 enim

129 1249 243 1291 mihi
272 1253 317 1290 et
345 1249 620 1303 plebeculam
649 1251 862 1292 urbanam
898 1255 957 1303 et,
1000 1251 1039 1291 si
1077 1250 1213 1291 fidem
1243 1249 1424 1302 fecerit,
1468 1251 1605 1294 etiam

131 1427 247 1465 obire,
275 1436 317 1460 er
343 1423 512 1474 gedenkt
537 1424 632 1458 auch
659 1424 734 1458 alle
761 1426 929 1460 anderen
956 1427 1143 1462 Kolonien
1176 1439 1223 1462 zu
1250 1427 1430 1462 bereisen.
1459 1446 1501 1453 —
1528 1429 1610 1462 vide

131 1485 270 1515 nomen,
294 1484 326 1506 υ.
354 1478 438 1514 aet„
467 1472 496 1505 i.
520 1483 550 1505 e.
578 1473 707 1521 cogita
734 1474 976 1509 Octavianum
1005 1475 1172 1511 Caesaris
1197 1487 1335 1510 nornen
1362 1487 1520 1525 gerere3
1544 1487 1606 1511 co-

132 1523 211 1569 gita
238 1533 324 1556 eum
349 1521 624 1555 adolescentem
650 1533 691 1554 ac
717 1534 835 1567 paene
860 1534 1021 1568 puerum
1050 1535 1140 1558 esse.
1175 1543 1216 1548 —
1254 1525 1414 1567 Puerile,
1448 1526 1512 1559 ein
1536 1525 1607 1559 Be·

132 1570 239 1611 weis,
267 1569 347 1602 dass
374 1580 416 1602 er
441 1567 540 1602 noch
567 1569 627 1601 ein
653 1568 787 1615 iunger
813 1571 967 1605 Mensch
993 1572 1052 1605 ist.
1101 1591 1149 1598 -
1194 1572 1309 1617 clam3
1347 1573 1387 1607 in
1412 1573 1505 1607 urbe
1530 1579 1608 1607 tam

135 1616 348 1663 frequenti!

229 1685 263 1720 2.
312 1683 552 1718 Alaudarum.
604 1683 740 1718 Caesar
765 1696 913 1731 nempe,
947 1694 988 1723 ut
1026 1688 1223 1723 Suetonius
1262 1688 1365 1723 Caes.
1391 1699 1423 1723 c.
1449 1689 1495 1725 24
1521 1699 1610 1722 nar-

136 1738 208 1774 rat,
236 1731 281 1765 ad
302 1731 486 1779 legiones,
513 1743 603 1776 quas
629 1744 649 1766 a
676 1745 717 1767 re
742 1734 895 1779 publica
919 1743 1127 1781 acceperat,
1162 1736 1253 1769 alias
1278 1737 1429 1781 privato
1456 1743 1611 1782 sumptu

133 1779 297 1823 addidit,
329 1791 440 1813 unam
477 1780 589 1814 etiam
625 1792 668 1813 ex
704 1781 969 1828 Transalpinis
1002 1785 1274 1829 conscriptam,
1313 1783 1496 1818 vocabulo
1531 1785 1611 1818 avis

135 1838 282 1873 quoque
310 1827 473 1867 Gallico,
499 1848 541 1854 —
577 1829 718 1862 Alauda
752 1831 853 1863 enim
878 1832 1142 1877 appellabatur
1169 1852 1226 1876 -,
1259 1843 1370 1876 quam
1405 1832 1615 1878 disciplina

136 1877 318 1920 cultuque
344 1877 510 1910 Romano
536 1876 745 1911 institutam
779 1884 818 1912 et
844 1886 1011 1913 ornatam
1045 1887 1174 1925 postea
1208 1880 1424 1914 universam
1458 1881 1613 1915 civitate

134 1922 299 1957 donavit.
348 1923 434 1957 Vid.
460 1923 628 1970 Philipp.
656 1926 686 1966 Ι,
713 1927 747 1961 8.
773 1925 817 1968 V,
842 1927 875 1962 5.
911 1929 974 1969 XI,
1003 1930 1056 1964 18.
1093 1927 1200 1963 SCH.
1250 1929 1337 1977 Vgl.
1365 1928 1459 1961 Plin.
1486 1929 1534 1962 H.
1562 1930 1611 1962 N.

135 1971 201 2012 XI,
234 1973 294 2006 37.
353 1971 531 2005 Offenbax·
575 1973 623 2006 ist
657 1973 727 2006 der
761 1974 880 2008 Name
923 1986 996 2010 von
1033 1976 1099 2010 der
1134 1976 1266 2010 alauda
1298 1976 1453 2010 cristata
1496 1977 1611 2010 Linn.

134 2017 337 2064 κορυδαλὸς
361 2016 474 2064 λόφον
499 2018 627 2062 ἔχουσα
652 2022 809 2056 Aristot.
836 2023 996 2070 galerita
1023 2024 1139 2058 Plinii
1165 2024 1353 2059 entlehnt.
1388 2043 1436 2049 —
1474 2026 1524 2058 ad
1545 2036 1610 2058 ur-

135 2068 212 2100 bem
235 2078 406 2111 pergere.
456 2068 661 2102 Antonium
694 2069 738 2102 ab
775 2070 866 2104 urbe
899 2072 1120 2106 Octavianus
1153 2073 1304 2114 avertit,
1342 2083 1414 2117 quo
1448 2072 1518 2106 ille
1550 2072 1610 2105 in-

135 2116 252 2149 festus
277 2126 362 2149 cum
389 2115 541 2163 legione
566 2117 794 2151 Alaudarum
820 2119 1022 2154 Brundisio
1055 2120 1242 2155 veniebat.
1277 2121 1477 2155 MANUT.
1526 2121 1610 2155 Vid.

136 2162 305 2208 Philipp.
328 2164 398 2197 111.
424 2163 464 2197 h.
491 2163 545 2197 ed.
573 2176 631 2211 ep.
657 2167 738 2202 813.
774 2184 817 2191 —
847 2168 921 2201 -sub
946 2169 1080 2211 signis,
1106 2169 1176 2203 mit
1200 2169 1416 2216 fliegenden
1442 2168 1610 2202 Fahnen.

136 2228 180 2235 —
210 2211 450 2245 Consultabat
474 2223 534 2246 me
560 2213 797 2258 Octavianus,
831 2226 874 2249 er
899 2216 992 2250 liess
1018 2216 1122 2251 mich
1146 2217 1338 2265 best-agen.
1389 2216 1426 2251 S.
1454 2216 1609 2250 Ramsh.

137 2258 166 2300 §.
197 2260 277 2302 163,
302 2260 340 2302 3,
364 2271 397 2293 a.
437 2279 482 2285 —
533 2271 580 2295 an
614 2262 775 2305 Capuam
812 2267 962 2306 teneret,
993 2264 1087 2299 oder
1119 2264 1201 2299 sich
1226 2265 1266 2298 in
1293 2265 1416 2310 Capua
1443 2265 1611 2310 postiren

136 2306 262 2340 sollte.
288 2325 331 2332 —
359 2308 512 2351 exclud„
537 2309 807 2353 abschneiden,
832 2323 859 2345 s.
886 2312 930 2345 ab
956 2313 1058 2346 urbe.
1081 2332 1122 2337 -
1148 2314 1424 2354 Il1acedonz'ca8,
1452 2323 1613 2356 quarum

138 2352 239 2396 (luas,
266 2355 439 2388 Martiam
466 2363 503 2390 et
528 2364 712 2401 quartam,
739 2358 810 2392 sibi
837 2360 1120 2396 conciliaverat.
1169 2361 1251 2395 vid.
1280 2372 1337 2406 ep.
1365 2362 1444 2399 767,
1470 2362 1501 2395 2.
1529 2361 1612 2403 765,

138 2401 162 2435 2
185 2401 250 2434 sub
275 2402 340 2435 fin.
364 2421 407 2427 —
435 2414 630 2440 sec.,mare
655 2416 748 2449 sup„
773 2406 880 2456 lang-s
906 2408 970 2443 des
984 2409 1249 2444 Adriatischen
1274 2411 1428 2442 Meet-es.
1444 2425 1485 2431 —
1512 2418 1610 2447 suas,

137 2447 219 2480 ihm
246 2450 418 2497 erg-eben.
455 2471 497 2477 —
549 2453 780 2495 congiarium
810 2469 860 2487 z
885 2456 948 2489 das
973 2457 1200 2505 Bettelgeld.
1250 2458 1358 2491 Denn
1384 2467 1426 2489 er
1450 2455 1522 2503 gab
1548 2455 1609 2488 ih-

140 2505 214 2527 nen
240 2507 313 2529 nur
337 2497 409 2531 den
434 2500 583 2535 fiinften
609 2501 723 2534 Theil
745 2504 900 2546 Dessen,
934 2516 1011 2539 was
1038 2505 1225 2539 Octavian
1248 2505 1321 2537 den
1347 2502 1527 2550 Seinigen
1553 2504 1609 2538 als

138 2543 378 2596 Werbegeld
403 2548 486 2594 gab.
520 2567 563 2574 —-
599 2554 636 2582 ut
661 2549 731 2592 hvic,
758 2550 927 2591 Caecina,
961 2557 1096 2586 narrat
1131 2560 1170 2587 et
1193 2552 1384 2597 Appianus
1410 2552 1609 2586 confirmat

140 2591 243 2623 Libr.
270 2592 339 2625 ΙΙΙ.
365 2610 407 2618 ——
453 2606 552 2630 conv.
570 2596 624 2638 s.‚
651 2597 720 2630 ihn
747 2599 990 2646 geschimpst.
1019 2620 1061 2626 —
1113 2601 1283 2641 concion„
1311 2599 1444 2632 mitten
1469 2599 1509 2632 in
1536 2601 1610 2635 sei-

139 2649 210 2671 ner
234 2639 397 2692 Anrede.
424 2662 464 2669 —
490 2643 685 2686 profitetur
710 2645 951 2691 Octavianus,
979 2660 1022 2682 er
1048 2648 1166 2681 bietet
1191 2647 1273 2681 sich
1300 2659 1356 2680 an.
1384 2665 1426 2672 —
1452 2647 1610 2688 sifidem

133 2686 271 2740 secem(
319 2698 430 2721 wenn
463 2700 506 2723 er
529 2692 612 2725 sich
639 2694 849 2727 Vertrauen
886 2697 1083 2730 erwerben
1110 2695 1230 2729 sollte.
1281 2697 1366 2728 Non
1392 2695 1495 2729 enim
1522 2697 1608 2731 satis

141 2734 342 2769 Octaviano
370 2737 572 2774 credebant
597 2741 685 2775 boni
710 2742 799 2783 viri,
834 2744 930 2788 quod
967 2744 1131 2778 Caesaris
1166 2749 1201 2777 et
1228 2744 1347 2781 heres
1374 2750 1410 2777 ct
1435 2743 1534 2778 filius
1563 2755 1608 2778 ex
