1795 3086
495 46 808 91 EPISTULA
840 48 1122 92 Dcxcvn.
1492 48 1551 94 71

20 171 22 185 2
77 163 238 200 meum!
293 156 391 199 Iam
420 157 535 198 enim
564 157 668 199 dico
699 169 865 207 meum3
914 163 1058 207 antea,
1102 159 1236 202 crede
1283 158 1412 206 mihi,
1450 163 1550 202 sub-

20 220 22 247 3
78 213 344 255 dubitabam.
371 259 376 261 ξ
403 212 611 266 Magnam
639 212 916 264 ἀναθεώρησιν
944 229 1016 258 res
1046 216 1199 258 habet:
1238 215 1294 257 de
1321 229 1462 266 sax03
1502 216 1549 258 in

19 282 21 324 j
76 282 272 318 c1·ucem;
310 270 559 310 columnam
588 269 776 318 tollere3
827 270 974 310 locum
1018 271 1146 313 illum
1176 271 1457 313 sternendum
1486 272 1549 313 lo-

76 338 191 367 care.
247 324 371 374 Quid
401 323 606 379 quaeris?
634 322 804 376 ἦρωϊκάῐ
862 324 1105 367 Sustulisse
1141 327 1252 368 mihi
1279 327 1462 370 videtur
1488 327 1548 369 si-

75 380 365 422 mulationem
402 379 632 427 desiderii,
680 379 830 421 adhuc
881 394 994 436 quae
1031 384 1239 435 serpebat
1282 383 1330 425 in
1368 382 1465 426 dies
1505 387 1552 424 et

76 436 339 483 inveterata,
383 438 583 489 verebar,
631 449 686 477 ne
727 435 982 490 periculosa
1011 437 1179 478 nostris
1208 438 1549 492 tyrannoctonis

75 496 204 534 esset.
261 492 392 534 Nunc
419 505 602 547 prorsus
632 492 852 534 assentior
890 493 981 535 tuis
1022 491 1170 534 literis
1209 506 1426 550 speroque
1462 508 1550 536 me-

75 548 216 589 liora:
266 561 529 604 quamquam
558 547 670 589 istos
699 547 818 590 serre
856 562 945 590 non
982 561 1174 604 possum,
1221 549 1314 603 qui,
1360 551 1466 592 dum
1503 563 1552 593 se

73 617 225 658 pacem
253 604 372 646 velle
400 603 624 652 simulant,
662 607 763 645 acta
807 604 984 647 nefaria
1021 603 1277 645 defendunt.
1334 604 1426 647 Sed
1464 619 1554 651 non

72 664 258 713 possunt
285 659 434 700 omnia
462 659 609 701 simul.
667 659 835 715 Incipit
873 674 944 703 res
980 659 1141 702 melius
1178 661 1264 707 ire,
1302 672 1434 715 quam
1471 676 1551 716 pu-

13 723 15 726 “
72 721 229 756 taram.
286 715 382 757 Nec
408 729 518 758 vero
549 716 791 762 discedam,
818 715 908 758 nisi
946 729 1081 771 quum
1110 721 1159 758 tu
1187 729 1257 757 me
1285 716 1334 756 id
1363 715 1550 759 honeste

72 770 249 824 putabis
275 771 428 813 facere
458 785 600 827 posse.
656 771 798 813 Bruto
829 776 951 814 certe
978 785 1077 812 meo
1105 772 1233 813 nullo
1263 772 1365 813 loco
1393 772 1550 815 deero:

71 826 223 882 idque,
271 827 406 869 etiam
451 827 491 869 si
538 825 655 868 mihi
700 840 799 869 cum
837 828 921 869 illo
969 827 1088 869 nihil
1138 827 1312 874 fuisset,
1357 826 1553 870 facerem

72 887 258 937 propter
285 883 378 924 eius
406 883 679 937 singularem
708 883 1108 939 incredibilemque
1134 883 1361 926 virtutem.
1406 884 1554 925 Piliae

71 944 252 979 nostrae
291 938 451 980 villam
489 943 629 981 totam
665 952 866 995 quaeque
907 939 955 981 in
994 940 1109 981 villa
1147 943 1264 985 sunt,
1312 939 1458 986 trado,
1507 942 1554 981 in

70 993 391 1049 Pompeianum
439 994 538 1049 ipse
588 995 883 1050 proficiscens
935 995 1129 1038 Kalend.
1177 994 1328 1037 Maiis.
1408 995 1553 1046 Quam

69 1050 207 1092 velim
234 1049 378 1092 Bruto
406 1051 692 1104 persuadeas,
718 1055 769 1093 ut
795 1050 989 1094 Asturae
1017 1051 1092 1094 sit.

70 1170 150 1205 694.
178 1168 299 1203 dieser
322 1168 437 1216 Ausg.
467 1185 509 1193 —-
535 1168 622 1211 iam,
649 1180 740 1211 nun,
767 1169 871 1203 ietzt.
908 1188 950 1193 —
984 1165 1170 1216 ἀναθεώρ.
1198 1181 1256 1204 res
1281 1169 1387 1204 habet
1411 1182 1438 1203 s.
1466 1180 1553 1203 con-

71 1217 352 1258 siderationem,
399 1217 692 1251 admirationem
725 1218 752 1252 i.
789 1229 822 1253 e.
855 1228 1031 1263 magnum
1065 1225 1102 1252 et
1137 1219 1376 1262 praeclarum
1409 1219 1553 1251 facinus

8 1259 9 1262 Ἴ
70 1265 188 1299 edidit
213 1264 425 1307 Dolabella,
451 1264 650 1298 hominum
681 1265 913 1310 spectatione
939 1272 976 1299 et
1001 1266 1250 1300 admiratione
1275 1266 1553 1313 dignissimum.

69 1313 176 1348 SCH.
228 1313 357 1347 Indess
390 1312 611 1347 vermochte
636 1313 828 1347 Dolabella
862 1313 987 1356 nicht,
1025 1314 1100 1347 den
1134 1314 1319 1348 Antonius
1354 1313 1552 1346 niederzu-

69 1360 250 1400 driicken,
275 1361 342 1396 der
367 1360 427 1394 die
454 1361 753 1408 Veteranenudes
780 1362 910 1395 Cas-ars
938 1373 1152 1410 gewonnen
1187 1362 1264 1395 und
1291 1362 1329 1394 in
1356 1362 1417 1394 die
1443 1360 1552 1395 Nahe

70 1421 143 1444 von
176 1410 270 1444 Rom
304 1409 462 1458 gefuhrt
494 1408 610 1443 hatte.
659 1409 859 1447 Uberdiess
900 1422 947 1443 zu
980 1410 1071 1444 sehr
1099 1410 1347 1444 verschuldet
1386 1409 1474 1443 liess
1510 1421 1552 1442 er

69 1457 153 1491 sich
177 1457 263 1491 bald
285 1469 361 1492 von
385 1458 567 1491 Antonius
593 1457 794 1491 bestechen
819 1457 897 1491 und
922 1459 1017 1507 ging
1042 1469 1117 1492 von
1143 1458 1211 1492 der
1236 1459 1358 1492 Partei
1385 1457 1454 1491 der
1476 1457 1551 1502 op-

69 1505 227 1540 timaten
253 1517 300 1538 zu
326 1504 409 1538 ihm
434 1506 539 1539 iiber.
566 1524 608 1529 -
637 1506 679 1538 de
704 1516 793 1539 saxo
819 1506 970 1540 subaudi
995 1507 1251 1552 praecipitare
1278 1517 1351 1549 eos,
1378 1507 1442 1551 qui
1458 1505 1550 1539 Cae-

71 1554 146 1588 sari
174 1554 389 1587 columnam
417 1559 615 1586 erexerant
642 1559 679 1586 et
703 1554 889 1597 impunita
922 1555 1082 1599 quadam
1115 1555 1283 1588 licentia.
1336 1555 1375 1588 in
1410 1564 1550 1588 crucem

70 1601 195 1647 suppl.
248 1601 381 1635 tollere
413 1612 558 1642 serv053
608 1612 694 1634 nam
740 1601 880 1635 liberos
924 1602 1098 1637 homines
1136 1602 1334 1638 Dolabella
1371 1602 1416 1635 de
1462 1612 1548 1635 saxo

69 1649 283 1695 Capitolino
306 1649 456 1682 deiecif.
526 1649 726 1682 columnam
765 1651 920 1691 tollere,
973 1651 1054 1685 dass
1098 1662 1141 1684 er
1185 1651 1316 1685 casars
1359 1650 1550 1684 Bilds'aule

68 1699 140 1731 mit
186 1697 254 1731 der
287 1696 473 1730 Inschrist
514 1696 727 1731 CAESARI
776 1698 992 1733 PARENTI
1043 1699 1257 1733 PATRIAE
1292 1696 1548 1743 wegschaffen

70 1747 168 1780 liess.
235 1744 270 1783 S,
315 1744 470 1779 sueton.
533 1763 577 1769 ——
629 1747 743 1779 locum
783 1771 792 1779 .
832 1771 839 1778 .
884 1747 1025 1786 locare,
1074 1748 1157 1780 dass
1207 1757 1250 1781 er
1297 1747 1357 1779 die
1411 1745 1546 1788 Stelle,

0 1794 3 1802 '
68 1805 129 1829 wo
168 1793 224 1827 sie
270 1793 396 1833 stand,
438 1805 484 1826 zu
528 1794 710 1839 pfiastern
750 1794 963 1843 verdingte.
1016 1816 1058 1821 -—
1107 1791 1261 1841 ἡρωϊκάῐ
1313 1793 1546 1828 Heldentha-

68 1849 132 1876 ten
157 1841 242 1875 sind
267 1841 342 1875 das.
386 1841 532 1875 Graece
558 1842 711 1886 scripsi:
752 1842 883 1876 Latine
908 1843 1004 1877 cett.
1034 1843 1177 1877 Eadem
1201 1842 1384 1877 dubitatio
1421 1848 1475 1876 est
1501 1841 1545 1875 de

67 1903 102 1927 v.
130 1889 407 1934 tyrannoctonis.
448 1890 554 1923 Infra
580 1896 706 1924 tamen
742 1897 797 1924 est
831 1892 1087 1935 tyrannoctoni
1121 1903 1206 1940 gen.
1241 1891 1358 1938 sing-,3
1397 1890 1470 1923 nisi
1507 1889 1546 1923 id

68 1948 215 1983 quoque
240 1944 461 1983 corruptum
488 1949 534 1971 ex
560 1936 853 1983 τυραννοκτόνου.
899 1939 1096 1973 ORELLI.
1138 1960 1180 1965 —-
1215 1939 1390 1974 desiderii
1414 1938 1546 1972 Caesa-

67 1988 135 2028 ris,
162 1996 233 2030 quo
259 1998 297 2020 se
322 1986 429 2030 plebs
456 1986 523 2019 illa
549 1987 726 2020 seditiosa
757 1987 818 2032 agi
844 1988 1055 2021 simulabat.
1102 1987 1262 2035 „Vb‘llig
1293 1986 1463 2032 gehoben
1497 1998 1544 2019 zu

58 2034 187 2069 vhaben
212 2034 362 2068 scheint
385 2046 427 2068 er
459 2034 629 2068 dadurch
662 2035 747 2069 iene
782 2035 1031 2069 erheuchelte
1065 2035 1282 2069 Sehnsucht
1318 2035 1382 2069 des
1415 2034 1544 2069 P'obels

67 2082 166 2116 nach
192 2082 345 2117 C‘a'sarf‘
379 2102 422 2107 -
465 2086 499 2115 et
526 2094 619 2126 quae
645 2093 689 2117 ne
713 2083 918 2117 inveterata
940 2084 1056 2128 peric.
1082 2096 1115 2117 n.
1143 2089 1211 2129 tyr.
1239 2088 1345 2125 esset,
1379 2083 1544 2124 verebar,

65 2131 142 2164 und
167 2142 241 2164 von
265 2131 333 2164 der
356 2130 421 2164 ich
448 2131 632 2176 besorgte‚
672 2131 728 2165 sie
760 2132 912 2166 mo'chte
938 2132 998 2166 bei
1025 2133 1204 2180 langerer
1227 2132 1439 2166 Fortdauer
1471 2142 1542 2163 un-

65 2190 174 2214 seren
199 2178 560 2223 Tyrannentodtern
587 2179 808 2227 gefahrlich
832 2180 1002 2215 werden.

159 2247 263 2281 3-4.
314 2246 419 2289 istos,
446 2247 632 2281 Antonius
659 2247 733 2280 und
758 2247 978 2282 Consorten.
1008 2265 1049 2272 —
1085 2252 1168 2281 acta
1193 2247 1364 2283 Caesaris
1388 2258 1478 2281 vera
1504 2251 1543 2279 et

67 2293 171 2326 falsa.
210 2312 251 2318 —
293 2295 372 2328 Nec
397 2305 481 2328 vero
507 2309 556 2326 Ξ
582 2295 713 2329 darum
738 2295 834 2329 auch
861 2296 982 2330 nieht.
1025 2312 1068 2320 -—
1114 2295 1268 2339 honeste,
1297 2296 1367 2329 mit
1392 2295 1539 2332 Ebrem

66 2340 344 2376 unbescholten.
397 2361 438 2367 —
489 2343 523 2376 si
547 2343 637 2377 milti
664 2368 672 2376 .
697 2345 879 2387 ,suisset‚
915 2355 1029 2378 wenn
1059 2344 1157 2378 auch
1190 2346 1252 2379 nie
1285 2345 1348 2377 ein
1381 2343 1539 2376 na'heres

66 2388 301 2423 Verh'altniss
328 2390 523 2424 zwischen
547 2403 616 2424 uns
643 2391 844 2426 bestanden
869 2393 984 2427 h'atte.
1012 2411 1054 2416 —
1080 2394 1210 2427 viltam
1240 2393 1456 2426 Cumanam.
1500 2389 1537 2424 S.

65 2437 162 2485 folg.
189 2438 251 2470 Br.
277 2438 306 2479 ἓ.
335 2441 366 2472 1.
394 2456 435 2462 -
462 2440 640 2479 Asturae,
666 2442 791 2474 einem
817 2440 974 2474 kleinen
1000 2440 1161 2475 Eilande
1198 2441 1307 2474 nicht
1340 2439 1433 2473 weit
1464 2448 1539 2472 von

66 2486 161 2519 Rom
185 2486 252 2518 auf
273 2486 340 2519 der
364 2486 489 2521 Kiiste.
540 2487 673 2522 Cicero
697 2489 831 2522 wollte
863 2489 933 2522 den
964 2489 1101 2523 Brutus
1139 2489 1254 2537 grade
1290 2487 1398 2521 nicht
1432 2497 1539 2532 spre-

66 2533 165 2567 chen
191 2551 232 2557 -—
261 2533 358 2567 denn
386 2546 428 2568 er
453 2536 587 2570 dachte
621 2536 654 2569 ia
682 2536 781 2570 nach
814 2537 956 2571 seinem
983 2537 1082 2572 Gute
1107 2538 1168 2571 bei
1194 2536 1363 2581 Pompeii
1388 2547 1436 2569 zu
1462 2534 1539 2568 rei-

65 2593 132 2615 sen
159 2600 203 2605 —
229 2582 388 2616 sondern
415 2584 483 2617 ihn
516 2584 626 2618 nicht
660 2586 748 2618 fern
779 2596 852 2619 von
885 2585 979 2619 Rom
1003 2585 1080 2619 und
1114 2584 1215 2619 doch
1247 2584 1286 2617 in
1322 2582 1539 2617 Sicherheit

66 2630 216 2663 wissen.
280 2630 389 2663 Auch
433 2632 641 2666 entschloss
675 2634 808 2670 Brutus
845 2633 927 2667 sich
966 2632 1121 2668 endlich
1154 2633 1259 2665 dazu.
1305 2631 1341 2666 S.
1371 2643 1429 2678 ep.
1458 2631 1537 2666 732-

66 2678 196 2712 Wenn
222 2678 352 2725 gleich
378 2678 510 2713 Cicero
534 2681 604 2715 ihn
629 2680 824 2716 zwischen
850 2682 934 2715 dem
963 2683 1016 2715 18.
1044 2680 1121 2713 und
1145 2682 1201 2715 22.
1229 2680 1301 2714 Mai
1325 2681 1391 2713 auf
1413 2679 1541 2713 seiner

66 2725 275 2761 Riickreise
301 2727 438 2773 sprach
464 2729 506 2771 (s.
525 2740 582 2774 ep.
599 2732 717 2773 711.);
744 2741 782 2764 so
808 2729 972 2777 geschah
1000 2729 1096 2763 diess
1122 2734 1199 2763 erst
1225 2730 1292 2762 auf
1313 2729 1396 2762 eine
1423 2726 1540 2762 nach—

1592 887 1619 927 4
