1795 3086
381 98 694 144 EPISTOLA
736 99 924 143 DCCII.
965 101 1178 147 DCCIII.
1452 107 1514 155 83

7 0 11 145 ἒ

76 211 223 253 ossim.
282 208 511 252 Leonidae
538 223 607 251 me
633 209 790 251 literae
828 224 917 252 non
947 214 1056 256 satis
1095 215 1383 258 delectarunt.
1442 219 1513 261 De

45 226 230 309 herode
259 268 344 309 tibi
375 265 605 309 assentior.
664 265 834 308 Saufeii
880 267 1042 322 legisse
1083 271 1256 315 vellem.
1315 274 1421 328 Ego,
1451 290 1511 317 ex

45 322 316 378 Pompeiano
346 337 403 365 vi.
435 323 543 364 Idus
572 321 678 363 Mai.
709 321 970 376 cogitabam.
1405 332 1408 335 ⁴

217 529 531 592 EPISTOLA
569 546 782 589 Dccm.
843 548 919 598 (ad
947 548 1053 591 niv.
1085 546 1220 590 xvr.
1251 553 1333 601 24.)

297 622 376 657 Ser.
403 633 530 656 mense
556 621 660 656 Maio
685 621 725 655 Α.
754 623 796 656 U.
824 623 864 657 e.
891 624 972 659 710.
1023 622 1074 666 (a.
1106 624 1145 655 c.
1173 623 1252 665 44.)

8 681 10 686 “
41 691 255 726 Domestica
282 689 460 736 quaedam
479 689 630 722 Tironis
655 700 765 723 curae
789 690 943 723 mandat
966 689 1226 734 postulatque,
1253 698 1292 726 ut
1318 693 1363 727 de
1390 698 1508 741 publi-

534 738 586 771 cis
611 739 719 771 rebus
743 738 898 776 scribat.
927 739 1014 774 1-2.

487 804 740 839 TULLIUS
786 804 992 838 TIRONI
1026 806 1060 840 S.

149 873 250 914 Etsi
278 885 405 914 mane
443 871 690 926 Harpalum
728 871 959 922 miseram,
997 876 1168 925 tamen,
1213 889 1344 929 quum
1375 876 1508 921 habe-

41 942 156 981 rem,
185 928 259 970 cui
288 933 410 969 recte
439 927 590 968 darem
614 927 792 976 literas,
824 927 907 968 etsi
926 928 1030 969 novi
1058 928 1172 970 nihil
1202 936 1319 981 erat,
1348 933 1508 976 iisdem

41 984 102 1026 de
131 985 260 1026 rebus
288 983 412 1025 volui
441 983 499 1024 ad
528 986 572 1023 te
600 982 773 1037 saepius
802 982 1021 1025 scribere:
1063 998 1147 1025 non
1176 987 1282 1040 quin
1311 989 1508 1032 confide-

40 1053 133 1080 rem
171 1039 425 1093 diligentiae
467 1043 592 1087 tuae3
638 1038 717 1080 sed
766 1039 831 1080 rei
866 1052 936 1079 me
984 1042 1244 1095 magnitudo
1291 1047 1506 1088 movebat.

41 1094 161 1136 Mihi
200 1108 335 1150 prora
380 1099 425 1135 et
468 1094 649 1148 puppis,
699 1097 748 1134 ut
788 1095 1059 1136 Graecorum
1106 1099 1383 1150 proverbium
1424 1108 1507 1153 est,

38 1150 129 1191 fuit
156 1162 183 1191 a
210 1164 280 1191 me
307 1150 372 1191 tui
401 1149 680 1201 dimittendi,
718 1153 768 1189 ut
805 1150 999 1191 rationes
1037 1157 1211 1193 nostras
1250 1156 1508 1209 explicares.

40 1205 200 1247 Ofillio
229 1211 275 1247 et
301 1205 482 1246 Aurelio
511 1206 664 1259 utique
695 1205 804 1246 satis
834 1205 925 1245 fiat.
997 1207 1038 1245 A
1075 1208 1300 1263 Flamma,
1341 1213 1379 1252 si
1419 1227 1508 1255 non

39 1266 162 1316 potes
190 1274 339 1307 omne,
377 1265 547 1315 partem
588 1261 782 1314 aliquam
822 1261 957 1302 velim
997 1265 1286 1316 extorqueas:
1334 1267 1380 1307 in
1417 1268 1509 1322 pri-

38 1318 232 1371 misque,
262 1321 309 1357 ut
338 1316 545 1370 expedita
573 1315 632 1356 sit
659 1316 814 1368 pensio
852 1315 1074 1358 Kalendis
1113 1318 1206 1358 Ian.
1271 1320 1343 1361 De
1381 1324 1511 1364 attri-

12 1420 13 1429 .
38 1372 218 1414 butione
246 1371 471 1414 conficies.
529 1371 600 1412 De
631 1373 1037 1426 repraesentatione
1067 1373 1256 1416 videbis.
1323 1377 1393 1418 De
1433 1379 1511 1421 do-

7 603 11 628 5

39 1530 172 1564 scribis
195 1529 285 1574 ipse,
310 1528 375 1563 sed
400 1528 630 1573 simpliciter
654 1532 692 1562 ut
717 1529 858 1562 scribis.
906 1529 1099 1564 ORELLI.
1151 1550 1198 1556 —-
1246 1531 1438 1568 Leonidae.
1473 1533 1511 1568 S.

40 1589 98 1623 ep.
126 1578 207 1618 698,
234 1579 266 1612 3.
294 1597 336 1603 -
363 1576 419 1609 De
443 1577 601 1610 Herode.
638 1576 674 1610 S.
702 1587 758 1621 ep.
787 1578 869 1618 698,
896 1578 929 1612 3.
958 1595 1000 1601 -
1029 1578 1177 1621 Saufeii
1200 1579 1350 1614 librum.
1385 1581 1423 1616 S.
1450 1594 1510 1628 ep.

13 1624 18 1659 ¹1
41 1627 124 1668 711,
149 1627 182 1661 2.
232 1626 310 1660 Der
333 1623 528 1669 Epikurer
553 1624 594 1657 L.
621 1624 790 1659 Saufeius
816 1636 898 1658 war
931 1624 991 1659 ein
1025 1627 1216 1675 fleissiger
1239 1628 1446 1663 Gelehrter
1475 1643 1511 1664 u,

14 1699 17 1706 .
40 1672 192 1708 Freund
217 1672 281 1706 des
308 1672 471 1707 Attikus.
513 1670 546 1705 S.
588 1684 644 1717 ep.
669 1673 701 1707 8.
730 1674 810 1707 109.
839 1673 922 1708 755.
976 1694 1017 1699 —
1073 1674 1136 1708 VI.
1162 1676 1233 1719 Id„
1259 1688 1318 1710 am
1346 1679 1400 1712 10.
1425 1679 1511 1714 Mai,

14 1739 18 1747 -
41 1739 84 1746 -
111 1720 318 1764 cogitabam
344 1735 392 1752 z
419 1719 544 1764 cogito
570 1719 777 1765 proficisci,
802 1720 916 1754 abire.

17 1817 21 1824 ,
134 1789 166 1821 1.
193 1786 420 1831 Harpalum,
447 1797 613 1828 servum,
640 1787 813 1820 miseram
839 1799 926 1820 cum
944 1788 1062 1821 literis
1079 1788 1126 1821 ad
1151 1795 1200 1822 te.
1227 1808 1271 1815 ·-
1298 1796 1413 1834 recte,
1441 1793 1513 1827 mit

39 1833 264 1872 sicherheit.
290 1853 336 1859 ——
371 1835 415 1868 de
440 1841 496 1867 est
521 1846 563 1867 ex
589 1833 709 1879 suppl.
738 1846 809 1867 om.
837 1835 917 1868 Md.
949 1836 1147 1871 ORELLI,
1181 1857 1223 1863 —
1258 1849 1328 1871 non
1352 1841 1437 1884 quin
1463 1855 1512 1873 Ξ

18 1883 145 1917 *nicht
170 1883 222 1916 als
246 1883 294 1916 ob
321 1882 383 1915 ich
408 1883 523 1916 nicht.
551 1901 594 1907 —
620 1893 735 1927 prora
762 1886 796 1916 et
818 1883 947 1926 puppis
972 1898 1021 1914 z
1044 1885 1143 1918 mein
1170 1892 1289 1920 erster
1314 1899 1348 1920 u.
1377 1889 1513 1922 letzter

16 1932 22 1958 ἵ
39 1931 314 1977 Beweggrund3
339 1941 481 1964 summa
506 1931 582 1964 mei
606 1931 763 1964 consilii.
790 1949 834 1955 --
862 1931 1019 1975 expleo,
1049 1932 1131 1966 dass
1155 1933 1215 1967 Du
1241 1936 1364 1968 moine
1386 1937 1511 1970 Rech-

16 1983 186 2024 'nungen
220 1978 288 2012 in's
318 1979 436 2012 Reine
469 1979 622 2023 bringeri
659 1979 816 2016 solltest.
853 1997 894 2003 -
944 1978 1069 2019 Ofillio
1103 1985 1136 2014 et
1166 1982 1258 2017 Aur.
1294 1987 1342 2017 ul.
1371 1985 1509 2027 sams„

17 2025 19 2030 ’
41 2027 187 2062 Ofillius
212 2026 285 2060 und
310 2027 482 2061 Aurelius
507 2031 650 2062 miissen
675 2027 800 2060 sofort
831 2026 1034 2071 befriedigt
1069 2029 1227 2062 werden.
1295 2032 1479 2066 Osfiliu
1495 2045 1510 2066 s

17 2083 19 2115 ζ
40 2075 236 2109 vielleicht
261 2074 428 2109 derselbe
453 2075 522 2108 mit
546 2076 630 2108 dem
656 2075 818 2108 luristen
844 2075 886 2108 A.
915 2075 1064 2108 Offilius
1090 2089 1148 2122 ep.
1174 2079 1256 2119 621,
1284 2080 1316 2114 4.
1345 2081 1412 2115 859
1438 2081 1512 2114 und

17 2119 180 2168 {Digesh
211 2123 284 2165 IN,
315 2126 347 2157 l.
396 2123 572 2157 Aurelius
596 2124 642 2156 ab
675 2124 802 2157 Hirtio
836 2124 1061 2156 Germaniae
1089 2127 1317 2170 praepositus
1343 2128 1440 2161 wird
1466 2129 1512 2162 ad

18 2172 154 2204 lAttic.
180 2170 276 2213 XIV,
301 2172 323 2206 9
350 2183 386 2208 u.
412 2172 472 2204 ein
498 2178 720 2216 procurator
746 2171 919 2205 Montani
946 2171 1007 2204 des
1033 2173 1191 2207 Namens
1217 2175 1387 2209 ebendas.
1414 2176 1511 2216 XVI,

17 2219 98 2253 ÷15.
123 2218 303 2252 erwahnt.
343 2239 384 2245 —
421 2229 522 2252 omne
548 2233 596 2251 z:
620 2220 738 2260 Aue-s,
778 2220 841 2252 das
873 2220 1012 2252 Ganze.
1049 2222 1148 2255 Crat.
1184 2223 1287 2257 Vict.
1317 2226 1351 2261 l.
1378 2235 1514 2257 omnem

17 2272 22 2305 ι
44 2273 179 2300 contra
203 2266 286 2301 Md.
313 2285 357 2292 —
382 2268 542 2310 partem,
569 2268 697 2301 debiti.
724 2269 761 2301 S.
790 2279 849 2312 ep.
876 2269 958 2310 699,
984 2269 1016 2302 6.
1043 2269 1124 2311 698,
1150 2269 1183 2303 4.
1212 2291 1255 2296 —
1281 2276 1320 2304 at
1346 2273 1515 2315 expedita

44 2316 115 2355 sit,
141 2314 222 2347 dass
248 2313 346 2348 ohne
370 2315 567 2360 ZSgerung
592 2315 785 2360 geleistet,
813 2315 1021 2361 berichtigt
1047 2317 1113 2350 sei.
1142 2335 1186 2342 —-
1228 2319 1406 2352 Kalendis
1430 2320 1513 2352 Ian.

19 2358 127 2406 {Nisi
152 2362 251 2395 hanc
277 2363 470 2408 epistolam
495 2363 531 2395 in
558 2374 726 2396 mensem
742 2364 993 2397 Decembrem
1019 2363 1130 2398 huius
1156 2367 1241 2399 anni
1267 2366 1514 2399 rejiciendam

19 2415 235 2454 {putemuffi
268 2410 367 2455 quod
392 2411 475 2443 sieri
499 2422 574 2444 non
600 2417 741 2456 potest,
774 2412 970 2456 legendum
997 2411 1143 2446 videtur
1175 2415 1352 2448 Kalendis
1382 2415 1512 2447 Iuniis.

20 2456 154 2493 tscll.
179 2476 223 2482 —
248 2457 290 2490 de
313 2458 560 2501 attributione,
586 2459 630 2492 de
655 2460 842 2494 solutione
859 2471 927 2504 per
946 2460 1242 2505 delegationem3
1268 2463 1384 2495 nostri
1412 2462 1513 2494 eine

8 2498 25 2554 [li
45 2504 383 2550 Assignation‚
407 2506 653 2553 Anweisung3
692 2507 737 2541 de
764 2509 1102 2550 repraesentatione
1134 2510 1160 2544 i.
1194 2522 1228 2542 e.
1269 2521 1361 2554 quae
1393 2509 1513 2542 nostri

8 2559 26 2585 τί
46 2551 173 2586 dicunt
198 2553 348 2586 baare
374 2553 597 2600 Zahlnng.
624 2555 734 2591 SCH.
790 2555 886 2597 „Die
910 2557 1133 2602 Anweisung
1158 2558 1266 2590 wirst
1291 2559 1349 2591 Du
1374 2557 1514 2602 richtig

8 2602 26 2651 5⁴⁴
46 2601 224 2634 macheu:
266 2601 340 2634 wie
374 2601 460 2635 weit
493 2603 553 2637 Du
585 2603 655 2636 mit
688 2602 756 2635 der
790 2604 924 2636 haaren
961 2605 1126 2650 Zahlung
1158 2604 1310 2638 reichen
1343 2605 1513 2647 konnest,

8 2653 15 2677 t
47 2648 150 2682 wirst
175 2649 234 2681 Du
266 2649 395 2683 sehon.
428 2667 475 2674 -—
506 2652 529 2693 -ξ-
564 2652 651 2684 eius.
706 2650 767 2684 Sic
804 2657 981 2697 corrupte
1014 2653 1094 2686 Md.
1128 2651 1208 2688 Asc.
1246 2654 1275 2686 1.
1311 2653 1420 2686 rebus
1444 2665 1515 2698 pro

24 2718 26 2723 .
47 2696 122 2728 eius
146 2707 189 2728 ex
215 2697 368 2743 antiqua
392 2697 491 2730 coni.
519 2699 634 2743 Neap.
666 2700 764 2732 Crat.
787 2696 886 2733 vict.
911 2702 944 2734 l.
962 2701 995 2735 2.
1015 2700 1147 2735 Lamb.
1180 2699 1251 2734 del.
1278 2701 1356 2734 eius
1380 2701 1514 2734 Graev.

10 2755 27 2772 ι·
45 2741 133 2776 Ern.
159 2744 294 2780 Bened.
318 2745 404 2779 sch.
429 2746 525 2778 Li'm.
555 2745 628 2780 OR.

1053 2799 1118 2840 5.
