1795 3086
197 91 288 140 198
468 94 531 138 M.
563 95 618 138 Τ.
649 94 990 141 CICERONIS
1020 97 1396 145 EPISTOLAE.

197 205 383 249 consilia
411 208 488 248 tua
518 205 585 247 rei
613 208 813 262 publicae
849 210 1061 252 salutaria
1088 211 1177 255 sint
1205 227 1258 255 ac
1288 213 1395 263 tibi;
1436 213 1475 257 si
1505 216 1669 261 minus:

198 267 270 315 ut,
314 263 435 304 salva
465 266 593 316 atque
618 264 801 306 honesta
831 280 878 307 re
918 268 1115 321 publica,
1155 270 1239 311 tibi
1277 284 1405 323 quam
1442 273 1669 316 minimum

199 322 408 369 noceant,
438 324 652 372 optamus.
707 320 867 362 Pridie
896 322 1047 365 Nonas
1077 324 1203 368 Sext.

380 551 697 597 EPISTOLA
727 553 983 600 DCCLIX.
1039 557 1117 609 (ad
1146 559 1234 599 Att.
1264 557 1393 600 XVI.
1424 559 1484 609 6.)

267 629 347 665 Ser.
374 630 517 663 Vibone
543 641 573 663 a.
601 629 637 663 d.
664 630 771 664 v111.
798 631 878 666 Kal.
904 630 1006 671 Sext.
1031 633 1077 666 A.
1104 633 1153 668 U.
1181 635 1223 667 c,
1253 636 1333 669 71⁰.
1384 637 1431 676 (a.
1461 637 1500 669 c.
1526 636 1602 679 41.)

195 680 337 731 Scribit
367 696 415 731 de
445 696 583 731 itinere
613 708 681 730 suo
712 697 902 744 petitque,
936 705 979 732 ut
1011 699 1167 732 nomina
1199 711 1266 733 sua
1291 701 1486 747 expediat5
1513 702 1673 748 denique

442 744 540 778 aliud
565 744 656 778 libri
683 745 730 778 de
756 746 891 780 Gloria
916 747 1151 792 prooemium
1177 748 1307 782 mittit.
1337 751 1427 786 1-4.

695 814 886 850 CICERO
916 815 1104 852 ATTICO
1137 816 1174 850 S.

307 881 408 936 Ego
446 880 593 922 adhuc
620 905 674 912 —
703 883 884 936 perveni
923 884 1039 924 enim
1077 883 1298 925 Vibonem
1330 883 1387 925 ad
1415 884 1591 926 Siccam
1620 906 1675 914 —

199 938 341 990 magis
371 938 600 979 commode
628 950 758 992 quam
798 943 975 980 strenue
1006 940 1234 994 navigavi:
1278 941 1410 980 remis
1441 941 1558 981 enim
1585 954 1675 981 ma-

198 1005 328 1045 gnam
357 998 553 1046 partem,
581 993 809 1048 prodromi
839 996 960 1037 nulli.
1017 996 1139 1035 Illud
1160 997 1266 1036 satis
1289 1000 1554 1049 opportune:
1586 997 1675 1036 (luo

197 1048 322 1088 sinus
352 1049 552 1102 suerunt,
591 1063 702 1103 quos
733 1051 920 1091 tramitti
950 1055 1201 1105 oporteret,
1242 1052 1490 1092 Paestanus
1519 1056 1562 1092 et
1590 1052 1674 1092 Vi-

199 1103 427 1145 bonensis=
475 1109 711 1159 utrumque
755 1105 937 1158 pedibus
988 1108 1137 1159 aequis
1179 1108 1466 1148 tramisimus.
1553 1107 1672 1148 Veni

198 1159 340 1211 igitur
367 1159 425 1200 ad
455 1159 632 1200 Siccam
661 1165 819 1202 octavo
859 1161 934 1202 die
975 1176 999 1202 e
1035 1162 1333 1216 Pompeiano,
1372 1176 1505 1216 quum
1543 1176 1675 1203 unum

198 1214 321 1255 diem
359 1215 522 1256 Veliae
560 1217 882 1266 constitissem:
920 1218 996 1258 ubi
1030 1217 1209 1271 quidem
1246 1218 1310 1258 fui
1348 1230 1450 1258 sane
1488 1217 1676 1259 libenter

197 1270 316 1324 apud
357 1271 578 1313 Thalnam
613 1277 837 1314 nostrum:
882 1286 964 1313 nec
1001 1274 1126 1327 potui
1165 1274 1335 1328 accipi,
1374 1273 1458 1314 illo
1497 1276 1674 1316 absente

198 1327 484 1379 praesertim,
523 1327 768 1370 liberalius.
836 1341 895 1370 1x.
927 1329 1026 1371 Kal.
1069 1329 1210 1383 igitur
1248 1329 1305 1369 ad
1345 1328 1533 1369 Siccam.
1602 1331 1674 1370 Ibi

198 1385 423 1437 tamquam
462 1383 585 1424 domi
622 1396 745 1424 meae
779 1385 969 1426 scilicet.
1048 1384 1207 1440 Itaque
1245 1384 1411 1426 obduxi
1449 1389 1674 1439 posterum

196 1543 408 1583 potestate,
434 1541 540 1575 nullo
564 1542 876 1588 Pompeianarum
901 1544 1067 1588 partium
1092 1549 1213 1585 metu,
1237 1548 1323 1588 post
1347 1542 1469 1576 victos
1485 1543 1524 1576 in
1539 1544 1676 1590 Hispa—

196 1587 260 1620 nia
286 1587 457 1635 Pompeii
482 1590 641 1632 liberos,
668 1590 832 1636 quinque
857 1598 1003 1625 tantum
1028 1603 1180 1626 menses.
1230 1590 1363 1625 Rediit
1388 1591 1489 1624 enim
1517 1593 1675 1625 Octobri

197 1645 329 1669 :mense
352 1648 388 1674 a.
416 1639 504 1677 709,
537 1639 685 1672 occisus
712 1648 769 1674 est
795 1639 922 1673 Idibus
947 1640 1097 1675 Martiis
1128 1639 1214 1673 anni
1238 1639 1438 1685 sequentis.
1470 1640 1675 1675 MANUT.

198 1699 245 1707 —
259 1685 426 1727 consilia,
451 1685 675 1733 Anschla'ge.
690 1704 738 1712 —-
762 1688 794 1721 si
811 1687 933 1723 minus.
950 1689 1080 1725 Lamb.
1102 1688 1169 1721 sin.
1188 1706 1231 1712 -—
1256 1689 1361 1721 salva
1386 1712 1394 1721 .
1424 1711 1433 1721 .
1460 1698 1500 1722 re
1514 1689 1674 1732 publica,

198 1731 297 1764 ohne
321 1733 528 1768 Nachtheil
553 1737 616 1770 fiir
642 1735 708 1770 das
733 1735 849 1770 Wohl
875 1736 947 1769 und
973 1737 1033 1770 die
1057 1735 1162 1771 Ehre
1187 1736 1286 1769 eines
1322 1735 1443 1769 freien
1471 1738 1603 1771 staats.
1629 1755 1673 1764 ·-

195 1789 298 1861 guam
331 1782 440 1825 min„
481 1794 522 1819 so
557 1783 680 1831 wenig
711 1784 763 1819 als
797 1784 974 1830 moglich.
1008 1802 1053 1811 -·-
1093 1784 1194 1819 Prid.
1221 1785 1318 1819 Non.
1345 1784 1462 1826 Sext„
1504 1795 1566 1818 am
1590 1785 1675 1819 4ten

228 1835 348 1873 ugust.

294 1900 326 1931 1.
353 1897 490 1940 adhuc,
521 1898 578 1933 bis
602 1898 747 1933 hieher.
772 1917 815 1924 ——
860 1899 976 1941 Vibo,
1011 1900 1095 1934 eine
1116 1898 1244 1933 kleine
1268 1898 1376 1933 stadt
1401 1898 1467 1931 der
1492 1898 1673 1934 Bruttier.

197 1962 242 1970 —
267 1946 318 1979 ad
340 1946 496 1980 Siccam.
546 1949 598 1982 Zu
623 1946 707 1981 ihm
738 1958 816 1981 war
849 1948 983 1982 Cicero
1017 1947 1117 1983 auch
1148 1948 1207 1981 im‘
1231 1947 1332 1980 Exsil
1363 1946 1602 1991 gekommen.
1638 1949 1672 1981 S.

197 2005 256 2038 ep.
282 1994 340 2031 55.
368 2012 410 2020 —
438 2001 597 2040 strenue,
621 1996 746 2031 resch.
772 2014 818 2020 —
844 1997 949 2030 remis
972 1997 1028 2030 usi
1050 2007 1195 2036 sumus,
1223 1995 1493 2040 navigavimus.
1520 2014 1564 2020 —
1588 2005 1674 2038 pro-

195 2042 319 2075 dromi
341 2043 450 2084 nulli,
483 2056 581 2086 „von
608 2045 680 2078 den
706 2045 928 2078 vorlziufern
953 2045 1016 2079 des
1042 2044 1275 2088 Hundstages
1301 2054 1379 2078 war
1404 2043 1514 2076 keine
1539 2043 1675 2088 Spur.“

194 2090 297 2123 Acht
322 2092 423 2136 Tage
449 2104 514 2125 vor
539 2093 611 2126 den
636 2093 858 2127 Etesischen
884 2093 976 2127 oder
999 2092 1329 2128 Sommerwinden
1355 2092 1521 2136 pssegten
1545 2090 1675 2125 Nord-

195 2137 321 2171 winde
345 2150 391 2173 zu
415 2141 570 2181 'wehem
597 2141 773 2175 desshalb
798 2141 991 2186 prodromi
1017 2147 1189 2186 genannt.
1213 2142 1248 2174 S.
1275 2140 1372 2173 Plin.
1401 2139 1448 2174 H.
1470 2140 1514 2172 N.
1539 2138 1588 2179 11,
1614 2139 1673 2174 47.

194 2186 267 2231 Ep.
293 2187 365 2222 750
389 2199 450 2221 am
475 2189 584 2222 Ende
609 2196 713 2237 sagte
737 2201 779 2222 er
802 2190 938 2223 Etesiis
962 2193 1107 2222 utemur.
1132 2206 1180 2213 —-
1219 2188 1321 2221 Illud
1342 2186 1435 2220 satis
1459 2197 1546 2230 opp.
1572 2187 1676 2220 acci-

194 2233 273 2276 dit,
310 2235 371 2268 ein
403 2237 644 2281 gliicklicher
690 2237 873 2271 Umstand
907 2237 1097 2281 iibrigens.
1132 2252 1175 2261 ·-
1212 2236 1360 2279 pedibus
1392 2234 1538 2278 aequi-⁹,
1577 2234 1675 2277 „mit

192 2282 316 2316 vollen
341 2281 519 2330 Segeln.“
567 2285 639 2319 Die
665 2287 898 2330 Haupttaue‚
940 2284 1069 2319 womit
1093 2283 1155 2317 die
1178 2283 1284 2328 Segel
1309 2283 1559 2328 aufgespannt
1585 2283 1678 2316 oder

194 2331 425 2377 eingezogen
456 2333 632 2375 wurden,
672 2334 816 2367 hiessen
846 2330 974 2375 πόδές,
1005 2333 1130 2376 pedes,
1162 2332 1246 2365 weil
1279 2331 1333 2365 sie
1366 2342 1410 2364 an
1445 2331 1531 2365 dem
1562 2332 1675 2364 Fusse

196 2378 257 2412 des
284 2382 548 2427 Hauptmastes
571 2383 755 2427 befestigt
778 2393 925 2424 warcn;
950 2381 1099 2425 pedibus
1113 2381 1237 2424 aequis
1263 2379 1384 2424 segeln
1404 2378 1504 2413 hiess
1518 2390 1555 2412 es
1581 2380 1674 2419 also,

196 2438 306 2461 wenn
338 2441 425 2463 man
459 2429 522 2463 die
551 2430 664 2474 Segel
697 2441 824 2475 wegen
858 2429 1040 2474 widrigen
1074 2429 1227 2463 Windes
1261 2428 1391 2461 weder
1421 2427 1550 2462 rechts
1574 2428 1675 2461 noch

195 2474 295 2509 links
321 2477 510 2512 einziehen
544 2478 692 2520 aurfte,
727 2478 803 2512 und
827 2478 992 2523 folglich
1027 2476 1089 2511 ein
1115 2477 1198 2511 'rau
1224 2488 1264 2509 so
1289 2476 1397 2519 weit,
1433 2476 1486 2508 als
1519 2475 1582 2509 das
1608 2487 1675 2508 an-

198 2523 289 2556 dere
312 2525 536 2572 losgelassen
560 2539 647 2561 war.
674 2526 710 2560 S.
735 2528 865 2572 Heyne
887 2538 930 2560 zu
954 2524 1060 2570 Virg.
1088 2523 1176 2558 Aen.
1201 2525 1269 2567 lv,
1294 2525 1375 2560 587.
1400 2524 1576 2559 Mam-ob.
1603 2523 1670 2557 Vl.

199 2589 244 2596 -—
273 2571 462 2612 Thalnam.
486 2576 570 2611 Md.
598 2576 797 2617 Talanam3
833 2575 898 2608 sed
927 2575 1068 2609 Testam
1094 2573 1141 2606 de
1165 2573 1294 2607 nescio
1320 2573 1422 2606 cuius
1447 2583 1547 2617 susp,
1572 2570 1674 2615 apud

198 2621 326 2657 Ursin.
353 2621 548 2658 Schmin.
577 2623 772 2659 ORELLI.
821 2625 952 2667 Neque
975 2633 1063 2656 vero
1088 2621 1253 2656 dubitari
1278 2627 1427 2667 potest,
1456 2621 1675 2654 Ciceronem

198 2669 326 2701 Veliae
352 2671 399 2703 ad
425 2671 578 2706 domum
604 2671 775 2706 Trebatii
799 2672 932 2706 Testae
957 2671 1119 2705 absentis
1146 2671 1363 2711 devertisse,
1399 2670 1430 2703 si
1455 2668 1674 2702 conferatur

199 2717 360 2761 epistola
386 2721 466 2754 755.
490 2722 593 2762 (756)
620 2720 666 2755 ad
690 2732 774 2754 eum
801 2722 955 2766 scripta.
981 2720 1090 2754 SCH.
1116 2737 1160 2744 -
1196 2720 1266 2753 IX.
1292 2718 1404 2760 Kal„
1442 2728 1504 2750 am
1529 2715 1676 2769 2421&

198 2764 280 2800 lius.
316 2783 358 2793 -
391 2768 442 2800 ad
474 2768 613 2804 Siccam
647 2770 746 2804 veni.
779 2787 825 2795 -—-
863 2768 1016 2809 obduxi,
1050 2768 1197 2814 iusuper
1231 2766 1372 2802 addidi.
1408 2782 1454 2791 -
1485 2762 1675 2807 Rhegtum,
