1795 3086
200 25 285 74 130
463 26 524 68 Μ.
554 26 610 70 Τ.
642 22 982 67 CICERONIS
1013 22 1388 67 EPISTOLAE.

358 135 672 179 EPISTOLA
702 134 995 177 DCCXXII.
1055 135 1132 187 (ad
1160 136 1253 177 Att.
1295 134 1405 177 XV.
1443 133 1506 184 9.)

230 213 312 248 Ser.
337 214 376 247 in
403 211 614 247 ramulam>
638 221 669 244 a.
696 209 730 244 d.
759 210 826 243 111.
852 210 948 244 Non.
975 210 1056 242 lun.
1082 208 1126 243 A.
1153 210 1199 245 U.
1226 209 1267 245 c.
1293 209 1372 244 710.
1409 209 1456 251 (a.
1483 207 1525 242 c,
1552 208 1628 250 44.)

195 266 487 317 commemorat,
524 275 615 320 quid
652 286 672 308 e
703 275 811 309 Balbi
843 275 963 308 literis
998 274 1242 319 compererit,
1281 274 1326 308 de
1362 275 1553 322 legatione
1586 276 1668 308 sru-

194 327 378 362 mentm-ia
414 327 529 359 Bruto
566 329 603 357 et
634 323 758 358 Cassio
792 324 959 367 itemque
997 322 1043 355 de
1082 322 1291 367 provinciis
1331 322 1380 355 iis
1413 323 1667 364 decernendis,

431 371 621 417 animique
646 372 701 405 sui
727 371 1048 416 perturbationem
1077 370 1278 416 significat.
1328 371 1429 407 1-2,

708 457 884 492 CICERO
911 457 1092 492 ATTICO
1117 457 1153 492 S.

302 545 388 586 ΙΙΙ.
418 543 568 586 Nonas
616 542 793 596 vesperi
842 555 868 581 a
906 540 1050 582 Balbo
1099 540 1301 583 redditae
1347 543 1463 585 mihi
1500 545 1669 597 literae,

192 601 290 642 fore
317 601 458 644 Nonis
500 604 712 643 senatum,
754 601 801 638 ut
839 596 1007 638 Brutus
1045 596 1093 636 in
1131 597 1252 651 Asia,
1292 598 1473 642 Cassius
1514 602 1560 642 in
1599 602 1668 643 Si-

192 658 299 698 cilia
328 657 599 698 frumentum
630 653 861 695 emendum
890 656 935 693 et
973 652 1032 693 ad
1061 652 1211 693 urbem
1240 654 1502 697 mittendum
1542 670 1665 698 cura-

190 717 300 754 rent.
359 712 401 754 O
433 725 524 752 rem
553 711 786 751 miseram!
832 707 1023 761 primum
1053 707 1192 749 ullam
1222 709 1274 749 ab
1312 709 1431 761 istis,
1470 711 1590 765 dein,
1630 711 1669 752 si

190 769 402 824 aliquam,
431 766 546 808 hanc
577 763 841 806 locatoriam
870 762 1170 817 provinciam!
1229 766 1374 819 Atque
1405 768 1526 808 haud
1557 767 1667 820 scio,

190 838 246 866 an
274 824 432 866 melius
463 823 524 864 sit
550 835 682 877 quam
710 820 767 862 ad
797 820 1016 860 Eurotam
1045 819 1220 861 sedere.
1281 820 1372 863 Sed
1399 822 1509 864 haec
1539 836 1668 865 casus

189 991 293 1039 tiger
317 989 470 1023 iniichte
506 999 593 1022 man
632 987 768 1021 iedoch
805 989 994 1034 erg-'anzen
1032 986 1108 1029 sed,
1152 997 1242 1030 quae
1278 991 1475 1031 sequuntur
1510 988 1592 1021 scil.
1627 987 1668 1021 in

190 1038 308 1072 Ennii
334 1038 524 1076 versibus,
557 1035 787 1078 sondern,
827 1035 903 1068 wie
930 1033 1048 1080 folgt‚
1085 1045 1177 1077 quae
1212 1034 1332 1078 nosti,
1365 1046 1402 1070 u.
1437 1047 1465 1069 s.
1499 1047 1550 1070 w.
1584 1035 1608 1069 i.
1635 1046 1666 1070 e.

189 1097 298 1128 mage
314 1086 440 1128 ferro,
467 1084 629 1124 sondern
654 1081 848 1116 vielmehr
873 1081 942 1114 mit
968 1081 1052 1113 dem
1078 1080 1289 1116 Schwerte.
1332 1084 1397 1115 sed
1419 1083 1476 1116 als
1503 1083 1667 1130 Gegens.

189 1134 324 1168 Cicero
351 1132 514 1171 scilicet,
540 1131 605 1175 qui
632 1129 711 1174 ipse
738 1141 757 1162 a
783 1128 934 1162 bellicis
968 1128 1080 1161 rebus
1113 1128 1288 1176 gerendis
1323 1129 1572 1164 vehementer
1604 1130 1668 1164 ab-

188 1180 381 1223 horrebat,
420 1178 532 1213 valde
571 1184 695 1211 tamen
741 1177 927 1222 cupiebat,
961 1182 1002 1209 ut
1042 1176 1179 1209 Brutus
1216 1183 1252 1210 et
1283 1176 1429 1211 Cassius
1462 1177 1668 1212 Antonium

188 1229 290 1263 bello
314 1232 649 1273 persequerentur,
687 1235 892 1268 eorumque
921 1223 1085 1268 quietem
1113 1224 1373 1269 compluribus
1401 1225 1497 1260 locis
1523 1226 1668 1272 impro-

188 1277 260 1311 bat.
296 1276 404 1310 SOH.
434 1293 477 1298 —
513 1274 565 1307 Tu
591 1283 729 1317 quoque
753 1273 905 1314 scribes,
944 1273 1034 1314 „Du
1060 1278 1178 1305 musst
1201 1272 1278 1305 mir
1302 1284 1378 1307 nun
1402 1273 1499 1307 auch
1523 1273 1668 1308 schrei-

188 1325 302 1358 ben.“
350 1322 503 1356 Attikus
534 1321 639 1355 hatte
674 1320 754 1354 ihm
788 1319 898 1354 nicht
923 1331 1051 1367 genug
1091 1319 1353 1368 geschrieben.
1412 1323 1497 1355 Man
1526 1321 1669 1356 kb'nnte

185 1371 300 1406 sich’s
333 1370 516 1406 einfallen
551 1369 672 1402 lassen
711 1380 759 1401 zu
796 1366 1110 1412 interpungiren:
1153 1368 1230 1410 sed,
1266 1378 1355 1411 quae
1387 1373 1595 1412 sequuntur,
1632 1374 1669 1403 tu

187 1429 325 1464 quoque
348 1418 496 1458 scribes,
523 1416 620 1461 doch
645 1415 721 1451 wie
748 1427 785 1450 es
815 1416 886 1449 mit
911 1415 1043 1449 seinen
1069 1415 1344 1461 Bemiihungen
1369 1416 1523 1459 abl'auft‚
1558 1417 1669 1452 wirst

185 1469 244 1503 Du
269 1466 346 1500 mir
370 1465 465 1500 auch
489 1463 700 1499 schreiben.

284 1540 314 1572 1.
365 1539 445 1571 tert.
472 1536 564 1570 Non.
592 1535 689 1576 Iun.‚
715 1546 775 1568 am
800 1536 833 1569 3.
860 1534 1000 1568 Iunius.
1052 1534 1116 1569 Sic
1153 1535 1225 1571 Md.
1262 1537 1356 1569 Man.
1386 1533 1483 1569 vict.
1510 1537 1544 1571 2.
1583 1536 1666 1571 Bos.

186 1585 300 1630 Seqq,
325 1585 416 1618 1111.
467 1584 563 1618 Non.
591 1583 687 1617 cett.
718 1583 829 1616 etiam
853 1583 949 1617 Vict.
978 1585 1010 1617 1.
1036 1583 1165 1617 Lamb.
1201 1583 1395 1616 ORELLI.
1440 1601 1483 1608 —
1523 1583 1667 1626 literae,

186 1634 248 1668 die
274 1631 520 1666 schriftliche.
547 1630 784 1673 Nachricht3
810 1630 930 1664 daher
955 1631 1026 1664 mit
1051 1631 1147 1678 folg.
1176 1642 1355 1678 aecuszc.
1383 1631 1451 1664 inf.
1494 1650 1538 1656 —
1573 1633 1669 1674 fore

187 1708 195 1715 .
222 1707 230 1715 .
260 1685 421 1714 senatum
448 1680 473 1712 i.
500 1691 532 1713 e.
559 1685 707 1713 senatus
741 1679 910 1712 consulto
944 1678 1138 1713 decretum
1171 1679 1232 1713 iri.
1290 1679 1397 1713 Uber
1431 1690 1564 1713 curare
1597 1679 1668 1714 mit

185 1729 272 1764 dem
299 1727 508 1762 Gerundiv.
534 1739 561 1760 s.
589 1726 739 1760 Ramsh.
767 1728 794 1770 ζ).
824 1729 904 1766 171,
931 1727 982 1766 II,
1009 1727 1052 1767 A,
1077 1728 1112 1761 3.
1140 1726 1287 1760 Grotef.
1314 1727 1342 1769 §.
1369 1728 1452 1766 323,
1478 1727 1510 1760 b.
1553 1745 1592 1751 -—
1638 1729 1668 1762 O

187 1788 262 1812 rem
281 1776 387 1811 νηί-9.]
425 1776 463 1809 o!
489 1774 558 1808 der
583 1773 792 1808 Schmach!
844 1794 889 1799 —
937 1774 1166 1818 provinciam
1195 1774 1365 1819 accipere.
1401 1773 1550 1817 debere,
1592 1786 1668 1809 von

186 1823 392 1859 Menscben
418 1823 540 1856 dieser
564 1823 648 1865 Art,
687 1833 802 1856 wenn
828 1822 964 1870 irgend
991 1821 1322 1865 einen‚‘vollends
1359 1833 1437 1854 nun
1463 1834 1531 1869 gar
1556 1822 1665 1856 einen

187 1872 345 1906 solchen
383 1870 801 1917 Kornh'andlerauftrag
840 1882 888 1904 zu
925 1869 1114 1904 erhalten!
1157 1869 1372 1903 annehmen
1411 1882 1458 1902 zu
1495 1872 1665 1905 miissen!

185 1920 412 1968 Indignatur
438 1919 571 1952 Cicero
597 1920 755 1952 Brutum
782 1924 819 1951 et
845 1917 1012 1951 Cassium
1049 1918 1087 1950 in
1113 1917 1478 1961 eamssnecessitatem
1504 1918 1666 1960 venisse,

185 1974 227 2002 ut
263 1980 284 2001 a
318 1966 548 2001 Caesarianis
595 1965 819 2012 praesertim
865 1965 1101 2010 provinciam
1146 1965 1312 2009 aliquam
1344 1965 1575 2010 acciperent.
1608 1967 1663 2000 lo-

185 2015 379 2050 catoriam.
418 2013 481 2048 Sic
508 2014 598 2051 Cod.
627 2014 801 2055 Crusell„
829 2025 952 2058 quem,
978 2013 1041 2046 ubi
1066 2013 1169 2047 deest
1193 2014 1396 2052 Decurtat„
1422 2020 1576 2058 praeter
1602 2024 1666 2049 ce-

185 2071 286 2099 teros
312 2062 419 2106 sequi
445 2062 631 2096 debemus.
673 2062 756 2096 Bos.
800 2062 924 2096 Recte.
965 2060 1057 2104 „ubi
1083 2061 1295 2094 locatorum
1322 2061 1565 2107 (Verdinger‚
1593 2063 1663 2096 Be-

186 2111 336 2158 sorger)
360 2116 507 2144 tantum
531 2110 613 2144 vice
639 2110 810 2143 functuri
836 2109 999 2143 essent.“
1045 2109 1268 2151 legatorz'mn
1295 2108 1366 2142 Md.
1394 2109 1461 2143 ed.
1486 2110 1664 2145 Tornaes.

185 2160 304 2194 Oxon.
334 2160 364 2192 1.
393 2159 425 2193 2.
454 2158 591 2192 Graev.
618 2158 713 2193 Ern.
741 2157 827 2191 sch.
855 2157 948 2190 Liin.
986 2156 1214 2190 Vocabulum
1252 2156 1383 2189 nihili.
1435 2158 1664 2200 legatariam

184 2207 336 2241 Ascens.
363 2209 394 2240 1.
421 2205 522 2238 Crat.
549 2206 646 2239 Vict.
675 2209 705 2240 1.
731 2207 764 2240 2.
800 2204 927 2238 Lamb.
972 2204 1164 2238 ORELLI.
1215 2204 1435 2246 legatarium
1469 2216 1541 2249 per
1573 2217 1662 2241 con-

183 2260 384 2299 temptum,
422 2253 523 2296 quod
555 2253 660 2297 quasi
688 2253 804 2301 legati
829 2252 873 2286 ad
897 2252 1102 2286 curandum
1137 2254 1370 2285 frumentum
1405 2253 1660 2288 mitterentur.

184 2302 330 2337 Scribit
353 2301 513 2346 Appian.
539 2301 643 2337 Libr.
669 2301 738 2335 III.
766 2301 810 2333 de
841 2301 881 2334 B.
916 2301 998 2334 Civ.
1032 2306 1201 2334 senatum
1237 2301 1353 2334 Bruto
1386 2306 1423 2334 et
1458 2300 1583 2335 Cassio
1612 2301 1662 2336 ti-

184 2357 349 2390 mentem
386 2348 609 2383 demandato
641 2349 698 2383 rei
730 2349 1002 2382 frumentariae
1036 2360 1192 2382 munere
1226 2347 1384 2382 honeste
1415 2348 1500 2383 illos
1534 2361 1660 2383 aman-

183 2399 298 2432 dasse.
337 2396 542 2431 MANUT.
591 2396 698 2431 Uber
721 2397 793 2430 den
821 2396 929 2430 Infin.
956 2396 1020 2431 des
1046 2397 1202 2431 Ausrufs
1229 2408 1258 2428 s.
1286 2396 1435 2432 Ramsh,
1462 2396 1490 2438 §.
1518 2399 1598 2440 168,
1626 2400 1659 2432 6.

184 2447 333 2480 Grotef.
367 2446 399 2488 ἕ.
435 2446 516 2479 311.
559 2444 668 2484 Anna⁴
723 2463 762 2470 —-
815 2442 912 2478 haud
934 2446 1024 2487 scit),
1058 2455 1105 2478 an
1130 2458 1178 2475 z
1204 2443 1247 2478 ob
1274 2444 1393 2478 nicht.
1443 2444 1480 2478 S.
1506 2443 1657 2478 Ramsh.

183 2494 211 2537 ξ.
242 2495 322 2537 174,
349 2495 385 2533 2,
408 2493 455 2526 Ν.
479 2494 514 2528 3.
540 2492 685 2526 Grotef.
711 2495 738 2537 §.
765 2493 846 2527 345.
902 2511 944 2517 —
993 2493 1042 2526 ad
1066 2494 1243 2526 Eurotam
1267 2493 1403 2533 sedere,
1436 2493 1580 2540 miissig
1611 2505 1657 2526 zu

185 2541 320 2576 sitzen.
369 2542 506 2574 Brutus
537 2540 578 2574 in
603 2540 799 2574 Lanuvino
827 2551 891 2574 suo
917 2540 1055 2582 rivum,
1092 2540 1157 2585 qui
1189 2539 1262 2573 hoc
1285 2539 1482 2585 praedium
1517 2540 1657 2587 irriga—

182 2590 257 2632 bat,
285 2589 449 2622 Eurotae
474 2588 582 2622 fluvii
601 2588 919 2622 Lacedaemonem
955 2587 1269 2633 praeterlabentis
1295 2588 1450 2622 nomine
1484 2588 1655 2633 appella-

181 2644 299 2673 verat.
350 2636 414 2670 Ait
439 2637 561 2684 igitur
587 2636 719 2671 Cicero
745 2636 882 2669 melius
908 2648 985 2671 esse
1008 2637 1166 2670 Brutum
1191 2635 1289 2669 hanc
1314 2636 1545 2684 legationem
1571 2636 1654 2669 fru-

180 2684 407 2720 mentariam
433 2685 554 2727 obire,
580 2696 691 2730 quam
717 2685 878 2720 otiosum
903 2684 943 2718 in
968 2684 1162 2720 Lanuvino
1190 2684 1331 2720 sedere.
1376 2684 1446 2718 cfr.
1484 2695 1541 2729 ep.
1571 2685 1653 2727 690,

1752 2857 1754 2875 i

1754 2628 1757 2678 3

1754 2684 1756 2714 7
1792 2680 1795 2697 ;«

1753 2719 1755 2766 ἶ
1793 2728 1795 2737 1

1791 2594 1795 2651 i
