1795 3086
572 91 887 138 EPISTOLA
928 90 1138 136 Dccvl.
1533 88 1593 136 91

124 205 286 256 fuisse;
325 219 411 261 qua
439 204 478 247 si
506 217 609 246 usus
638 217 726 245 non
755 206 897 256 esset,
941 203 1057 245 nihil
1088 202 1130 244 ei
1160 202 1251 244 tale
1282 200 1487 243 accidere
1517 215 1594 256 po—

124 262 275 303 tuisse.
345 260 466 303 Mihi
495 264 643 301 autem
673 259 797 301 venit
824 259 871 299 in
899 265 1115 312 mentem,
1156 260 1196 300 si
1224 258 1464 314 Pompeius
1494 271 1593 298 cum

123 318 327 358 exercitu
355 317 484 358 firmo
504 315 680 366 veniat,
709 315 827 369 quod
848 318 915 355 est
943 313 1119 362 εὔλογον,
1150 319 1271 357 certe
1292 313 1390 356 fore
1412 312 1590 356 bellum.

125 372 250 413 Haec
290 387 360 414 me
407 371 577 427 species
616 370 919 424 cogitatioque
964 369 1204 422 perturbat.
1279 369 1436 424 Neque
1477 369 1597 410 enim

126 428 240 480 iam,
290 428 408 483 quod
446 428 529 469 tibi
568 431 662 468 tum
705 425 858 478 licuit,
907 424 1034 465 nobis
1082 436 1197 465 nunc
1240 425 1409 467 licebit.
1480 423 1596 466 Nam

126 489 277 538 aperte
305 483 457 525 laetati
486 495 649 523 sumus.
723 480 901 522 Deinde
931 479 1096 520 habent
1124 479 1170 518 in
1201 493 1299 532 ore,
1339 494 1420 521 nos
1449 480 1597 533 ingra-

128 543 210 581 tos.
268 538 406 580 Nullo
436 538 569 579 modo
600 537 780 589 licebit,
810 535 930 591 quod
951 540 1043 576 tum
1069 537 1112 575 et
1140 535 1223 575 tibi
1253 536 1385 576 licuit
1414 540 1460 577 et
1486 536 1599 576 mul—

127 595 200 636 tis.
258 594 661 643 Φαινοπροσωπητέον
688 605 794 646 ergo
824 596 870 633 et
891 592 994 631 ἰτέον
1021 592 1067 632 in
1089 589 1261 631 castra?
1300 590 1474 633 Millies
1504 604 1598 632 mo-

127 651 168 690 ri
196 650 374 703 melius,
413 648 521 689 huic
548 649 812 702 praesertim
841 647 995 689 aetati.
1060 646 1217 701 Itaque
1248 659 1318 687 me
1344 645 1448 689 Idus
1478 645 1600 688 Mar-

127 706 217 746 tiae
253 719 339 746 non
378 709 468 746 tam
508 704 794 745 consolantur
831 716 963 758 quam
1000 705 1143 744 antea.
1220 700 1437 756 Magnum
1483 702 1600 744 enim

126 761 333 802 mendum
362 759 601 802 continent.
658 759 760 800 Etsi
791 759 865 799 illi
892 759 1076 799 iuvenes

372 815 501 858 ἄλλοις
528 818 569 855 ἐν
596 817 753 857 ἐσθλοῖς
780 811 882 854 τόνδ’
920 815 1182 855 ἀπωθοῦνται
1218 810 1352 865 ψόγον.

130 868 246 919 Sed,
285 871 325 912 si
354 875 403 912 tu
431 871 591 912 melius
620 869 848 924 quippiam
877 882 1056 923 speras,
1095 867 1214 923 quod
1244 873 1288 909 et
1317 867 1445 922 plura
1473 865 1602 908 audis

132 930 177 966 ct
206 926 370 967 interes
401 926 630 977 consiliis,
668 926 838 966 scribas
867 924 925 966 ad
954 939 1022 966 me
1051 925 1186 967 velim
1223 924 1443 978 simulque
1483 923 1604 976 cogi-

129 985 221 1032 tes,
279 982 389 1036 quid
437 981 656 1036 agendum
709 981 837 1022 nobis
887 981 948 1022 sit
996 993 1129 1035 super
1175 980 1397 1034 legatione
1435 979 1601 1020 votiva.

128 1036 351 1090 Equidem
378 1037 426 1077 in
455 1037 525 1078 his
557 1037 671 1078 locis
700 1050 885 1077 moneor
913 1050 940 1078 a
966 1037 1146 1088 multis,
1175 1049 1230 1077 ne
1257 1035 1304 1076 in
1332 1038 1484 1077 senatu
1512 1032 1604 1075 Ka-

128 1092 289 1134 lendis.
347 1093 574 1134 Dicuntur
602 1093 717 1134 enim
744 1093 920 1134 occulte
939 1093 1107 1134 milites
1127 1091 1184 1132 ad
1212 1105 1309 1133 eam
1338 1092 1457 1132 diem
1485 1103 1605 1132 com-

129 1149 299 1202 parati,
339 1153 384 1190 et
412 1148 591 1202 quidem
620 1148 667 1187 in
695 1148 833 1197 istos,
871 1147 949 1203 qui
986 1147 1101 1190 mihi
1129 1146 1338 1189 videntur
1364 1147 1510 1189 ubivis
1539 1150 1606 1187 tu-

131 1204 245 1254 tius,
275 1218 405 1258 quam
434 1205 479 1244 in
511 1207 690 1256 senatu,
720 1202 833 1244 fore.

130 1320 269 1356 Fae'rni
294 1332 392 1366 susp.
419 1321 524 1366 prob.
552 1321 674 1355 Ursin.
701 1320 910 1354 desistamus
936 1319 982 1353 de
1008 1320 1097 1353 Ern.
1125 1329 1220 1364 susp.
1239 1318 1324 1352 Sch.
1341 1319 1439 1353 Liin.
1489 1319 1611 1353 Debe-

131 1375 190 1403 ret
214 1380 292 1403 esse
317 1368 570 1404 destiterimus.
598 1367 794 1404 ORELLI.
820 1386 867 1392 —
896 1367 1057 1413 potuisse
1081 1366 1299 1401 emendavit
1324 1368 1426 1402 Crat.
1450 1377 1519 1412 pro
1543 1378 1611 1411 po-

133 1417 256 1451 luisset
279 1417 360 1452 Md.
387 1417 505 1452 Oxou.
535 1419 566 1452 l.
592 1419 626 1453 2.
652 1417 737 1451 Asc.
772 1423 894 1462 utraq.
923 1415 1120 1451 ORELLI.
1168 1415 1216 1449 So
1248 1414 1430 1462 spraclien
1463 1414 1611 1449 Hirtius

129 1465 203 1499 und
230 1467 450 1501 Consorten.

230 1514 264 1549 2.
297 1513 502 1557 Pompeius.
538 1512 666 1553 ‚‚Alii“
691 1512 728 1546 in
753 1512 810 1546 M.
839 1511 940 1546 1584.
966 1511 1001 1546 si
1024 1511 1168 1546 Sextus.
1195 1528 1238 1537 —
1273 1506 1488 1556 εὔλογον,
1522 1521 1612 1556 pro-

135 1561 272 1594 babile.
297 1579 345 1585 —
371 1565 477 1594 certe.
504 1561 591 1593 Ern.
618 1560 705 1594 Sch.
730 1561 829 1595 Liin.
856 1563 966 1593 certo.
995 1560 1192 1593 ORELLI.
1219 1577 1264 1584 —
1299 1560 1439 1603 species
1463 1559 1612 1601 cogita-

137 1610 254 1653 tioque
279 1614 326 1644 st.
355 1609 533 1653 cogitatio
557 1608 747 1654 speciosa,
784 1607 904 1640 dieser
931 1606 1132 1651 Gedanke,
1172 1608 1237 1641 der
1262 1607 1344 1640 sich
1368 1606 1472 1641 wohl
1495 1607 1612 1640 boren

137 1657 246 1699 Ιὲίεεῐ,
275 1656 356 1689 Viel
381 1658 448 1691 fiir
472 1656 552 1690 sich
579 1657 657 1690 hat.
708 1656 800 1690 Eine
826 1655 1051 1701 Hendiadys.
1081 1674 1123 1681 —-
1159 1656 1257 1701 quod
1279 1654 1350 1689 tibi
1381 1659 1465 1688 tunc
1494 1654 1614 1696 licuit,

137 1712 178 1738 ut
202 1711 375 1738 neutram
398 1710 544 1749 partem
571 1704 779 1750 sequereris
804 1703 844 1736 in
879 1704 979 1738 bello
1013 1704 1140 1747 civili,
1174 1703 1345 1739 Caesaris
1369 1709 1407 1736 et
1431 1702 1614 1749 Pompeii.

137 1772 182 1779 —
209 1756 336 1797 aperte
360 1767 409 1784 z
434 1753 618 1798 apertius,
652 1765 698 1786 zu
723 1752 903 1787 sichtbar.
927 1751 964 1786 S.
994 1751 1150 1786 Ramsh.
1176 1754 1207 1797 §.
1233 1753 1315 1787 203.
1340 1750 1392 1793 11,
1419 1762 1451 1793 a,
1477 1752 1510 1786 2.
1537 1751 1615 1784 lae-

138 1801 210 1835 tati
233 1811 353 1834 sumus
379 1801 508 1835 Idibus
533 1801 699 1836 Martiis.
723 1818 771 1825 —
810 1810 875 1833 nos
909 1799 1082 1842 ingratos
1111 1800 1152 1832 in
1191 1801 1386 1833 Caesarem
1418 1799 1543 1832 fuisse.
1568 1817 1614 1823 —

138 1850 254 1884 Nullo
278 1849 395 1894 igitur
419 1849 530 1882 modo.
552 1870 595 1875 —
622 1848 746 1882 multis
770 1848 866 1881 aliis.
893 1866 936 1872 —·
963 1852 1205 1894 Φαινοπρ.,
1230 1848 1351 1881 vultus
1369 1846 1617 1880 ostendendus

138 1898 164 1932 i.
184 1908 215 1931 e.
238 1897 406 1931 voluntas
423 1897 650 1931 ostendenda
667 1903 734 1935 est,
761 1896 826 1930 ich
844 1896 952 1929 sollte
978 1896 1081 1929 mich
1107 1896 1183 1929 also
1208 1896 1368 1940 gradezu
1391 1895 1561 1929 erklaren
1580 1906 1616 1929 u.

139 1946 210 1978 in’s
228 1945 350 1990 Lagei·
365 1945 539 1979 wandern
559 1944 732 1979 miissen‘?
751 1963 791 1969 —
811 1942 905 1986 huic,
919 1955 1090 1977 meae.—
1107 1948 1239 1987 Magn.
1256 1968 1265 1978 .
1281 1972 1290 1981 ,
1306 1944 1500 1985 continent,
1518 1943 1616 1976 denn

140 2005 182 2026 er
203 1996 305 2038 tr'agt
320 1994 427 2026 einen
448 2004 600 2038 grossen
617 1993 750 2027 Fehler
766 1993 804 2025 in
828 1992 921 2026 sich.
939 2011 979 2017 —
1007 1992 1089 2026 Etsi
1115 2018 1122 2026 .
1150 2018 1158 2025 .
1186 1989 1356 2038 ψόγον,
1382 1990 1618 2040 gleichvvohl

141 2041 279 2074 weisen
304 2052 440 2075 unsere
466 2042 604 2086 iungen
637 2041 812 2075 Freunde
837 2041 985 2081 (Brutus
1011 2052 1044 2077 u.
1069 2052 1097 2073 s.
1125 2042 1190 2083 w.)
1215 2040 1333 2074 durch
1366 2040 1446 2073 ihre
1483 2039 1619 2072 ander-

142 2089 311 2135 weitigen
337 2089 558 2123 Verdienste
584 2089 708 2123 diesen
734 2089 855 2122 Tadel
879 2088 1034 2123 zuriick.
1085 2088 1213 2122 Daher
1236 2088 1323 2122 kein
1351 2089 1463 2121 Wort
1487 2088 1620 2122 weiter

142 2137 281 2171 davon!
307 2156 352 2163 —
378 2134 698 2178 ἀπωθοῦνται,
725 2137 968 2171 amoliuntur.
1009 2136 1265 2181 Sophocleum
1287 2137 1435 2170 videtur
1453 2136 1621 2169 Valcke-

142 2187 248 2219 nario
274 2186 395 2219 Diatr.
422 2186 466 2220 ad
491 2186 621 2231 Eurip.
647 2199 684 2231 p.
714 2187 792 2221 192.
819 2204 866 2211 —-
899 2195 1010 2228 super
1042 2185 1227 2227 legatione
1257 2185 1381 2219 votiva
1405 2184 1462 2217 vel
1488 2185 1620 2225 libera,

145 2246 255 2279 quam
279 2241 405 2279 petere
431 2235 628 2278 cogitabat
655 2234 888 2268 discessionis
915 2244 1035 2269 causa.
1064 2233 1113 2267 cf.
1140 2233 1303 2279 Philipp.
1330 2233 1359 2267 I.
1387 2245 1419 2265 c.
1447 2234 1482 2268 2.
1518 2232 1622 2266 MA-

145 2282 262 2316 NUT.
288 2282 322 2315 S.
351 2294 411 2327 ep.
437 2284 521 2324 693,
548 2283 582 2316 4.
609 2284 689 2322 719,
719 2285 752 2316 1.
781 2294 814 2315 u.
841 2295 868 2316 s.
896 2293 942 2314 w.
991 2281 1063 2314 Die
1088 2281 1224 2325 legatio
1251 2281 1374 2315 votiva
1399 2279 1557 2315 bestand
1583 2279 1620 2312 in

146 2330 231 2363 dem
265 2331 659 2373 Gesandschaftstitel,
696 2330 765 2363 den
791 2329 870 2364 sich
897 2330 956 2362 ein
991 2329 1215 2364 Romisclier
1248 2332 1405 2363 Senator
1438 2327 1620 2362 ertheilen

146 2377 249 2420 liess,
283 2378 399 2413 damit
424 2391 465 2412 er
490 2386 599 2412 unter
624 2379 708 2412 dem
735 2377 963 2420 Vorwande,
996 2377 1130 2422 irgend
1163 2379 1221 2412 ein
1255 2378 1428 2411 Geliibde
1451 2378 1488 2409 in
1516 2375 1621 2409 einer

146 2426 303 2460 Provinz
320 2427 482 2460 erfiillen
498 2439 541 2460 zu
557 2427 701 2469 wollen,
727 2427 798 2460 mit
815 2426 942 2461 Ehren
958 2425 1040 2458 sich
1063 2438 1124 2460 aus
1144 2427 1239 2461 Rom
1257 2427 1321 2459 auf
1346 2427 1428 2459 eine
1453 2424 1622 2469 Zeitlang

148 2474 344 2508 entfernen
361 2475 437 2509 und
460 2475 544 2509 dem
566 2475 691 2510 Staate
716 2475 917 2508 entziehen
943 2473 1080 2508 diirfte.
1108 2476 1141 2509 S.
1168 2476 1213 2509 ad
1238 2474 1352 2508 Attic.
1380 2474 1447 2514 JV,
1472 2474 1495 2507 2
1523 2479 1616 2505 extr.

148 2533 185 2556 u.
215 2521 298 2561 XV,
327 2526 369 2557 ll
395 2529 489 2556 extr.
523 2542 570 2548 -—
603 2524 782 2557 Kalendis
813 2523 929 2557 Iuniis
963 2522 1104 2564 adsim,
1139 2533 1350 2568 appaream.
1385 2521 1421 2554 S.
1453 2533 1512 2565 ep.
1539 2522 1620 2557 699,

151 2571 185 2604 2.
213 2571 296 2608 694,
323 2571 357 2604 4.
380 2590 422 2595 —
450 2571 668 2616 comparati.
697 2572 869 2614 bestellt,
902 2570 1022 2604 bereit
1047 2571 1133 2605 sein.
1161 2568 1369 2613 comparari
1394 2569 1439 2601 de
1465 2568 1620 2604 Corrad.

151 2628 250 2662 susp.
278 2618 364 2651 Sch.
390 2619 426 2651 in
451 2620 519 2652 Ed.
546 2620 635 2654 mai.
660 2620 779 2661 Liin.;
806 2626 846 2652 ut
871 2631 929 2664 ep.
959 2621 1040 2660 719,
1066 2622 1097 2655 2.
1126 2640 1166 2647 --
1202 2619 1239 2652 in
1264 2618 1375 2660 istos,
1402 2619 1557 2652 Brutum
1585 2623 1624 2649 et

135 2666 318 2705 ‘cassium
346 2673 559 2714 ceterosque
587 2668 752 2702 Caesaris
777 2667 1055 2703 interfectores.
