1795 3086
0 0 213 119 Γ

545 139 861 184 EPISTOLA
910 142 1093 186 DCXC.
1512 144 1569 191 51

275 275 592 320 EPISTOLA
635 275 824 318 Dcxc.
885 279 960 328 (aa
992 281 1084 321 Aa.
1116 277 1247 322 xlv,
1279 257 1363 327 ιο.)

177 351 260 386 Ser.
289 352 329 384 in
355 350 555 385 Puteolano
581 350 683 384 XIII.
710 350 792 385 Kal.
821 350 906 386 Mai.
935 351 977 386 A.
1006 352 1050 403 U.
1078 353 1117 387 C.
1145 356 1225 391 710.
1252 355 1300 397 (a.
1327 354 1366 389 C.
1393 353 1471 395 44.)

82 419 262 462 Quoi-itur
291 424 372 452 acta
410 417 598 460 Caesaris,
646 418 847 462 omniaque
880 418 960 451 eius
992 406 1180 462 promissa
1214 427 1252 456 et
1284 422 1444 469 cogitata
1482 429 1566 468 post

83 478 216 502 necem
241 467 327 513 plus
353 465 499 507 valere,
534 476 646 509 quam
673 465 705 499 si
738 465 902 500 viveret.
952 466 1094 500 Adiicit
1128 468 1220 509 alia,
1253 469 1298 503 de
1323 469 1460 504 itinere
1485 482 1565 513 suo,

177 516 222 550 de
249 515 443 556 Cluviano,
471 513 518 548 de
544 513 584 557 Q.
611 513 758 548 Fratris
784 513 961 548 adversus
987 514 1113 548 filium
1141 517 1321 559 querelis
1351 520 1469 553 1-4.

592 599 771 635 CICERO
807 600 991 636 ATTICO
1027 599 1064 634 S.

191 670 319 712 Itane
359 668 495 710 vero?
554 668 656 708 Hoc
683 681 806 709 meus
851 671 897 709 et
926 671 1027 709 tuus
1056 666 1224 710 Brutus
1254 668 1363 723 egit,
1403 675 1451 711 ut
1478 671 1564 713 La-

82 726 208 767 nuvii
237 726 377 766 esset?
415 728 465 765 ut
495 722 752 765 Trebonius
793 723 1030 766 itineribus
1068 723 1214 764 deviis
1254 724 1563 779 proficiscere-

10 791 14 821 ,ῐ
81 790 154 823 tur
182 783 229 822 in
258 779 564 836 provinciam?
611 784 660 820 ut
688 779 838 820 omnia
877 779 1013 832 facta,
1054 779 1240 834 scripta,
1281 780 1422 831 dicta,
1463 796 1564 836 pro„

11 884 13 886 ,
82 837 233 888 missa,
273 835 472 890 cogitata
501 834 706 876 Caesaris
743 835 844 889 plus
874 836 1092 887 valerent,
1131 849 1265 890 quam
1303 835 1345 877 si
1374 836 1468 890 ipse
1496 840 1563 879 vj-

80 894 230 935 reret?
286 890 590 933 Meministine
617 904 687 930 me
716 892 928 942 clamare,
958 891 1043 932 illo
1073 893 1171 946 ipso
1201 892 1348 946 primo
1379 892 1563 946 Capito-

82 950 178 990 lino
216 948 291 989 die
333 951 531 988 senatum
581 946 629 986 in
669 945 947 1000 Capitolium
995 960 1022 988 a
1060 948 1342 1002 praetoribus
1382 950 1565 989 vocari?

14 1000 15 1043 ἶ
83 1004 163 1045 Dii
192 1003 488 1044 immortales!
518 1015 632 1057 quae
662 1004 756 1043 tum
785 1015 922 1057 opera
950 1002 1076 1044 effici
1100 1007 1363 1057 potuerunt,
1392 1004 1564 1045 laetan-

13 1058 15 1098 {
79 1061 199 1102 tibus
228 1058 430 1100 omnibus
462 1059 605 1110 bonis,
646 1058 782 1099 etiam
810 1062 880 1099 sat
909 1059 1052 1110 bonis,
1096 1059 1256 1101 fractis
1294 1060 1565 1101 latronibus!

6 1117 17 1158 '.
81 1114 311 1158 Liberalia
339 1118 387 1156 tu
417 1127 614 1155 accusas.
674 1113 798 1164 Quid
827 1113 928 1154 fieri
958 1119 1051 1156 tum
1074 1115 1244 1170 potuit?
1273 1114 1361 1155 iam
1381 1116 1563 1179 ‘pridem

81 1173 364 1227 perieramus.
421 1169 729 1211 Meministine
766 1173 810 1210 te
841 1170 1050 1220 clamare,
1090 1184 1268 1212 causam
1297 1184 1483 1225 perisse,
1524 1172 1565 1211 si

9 1223 20 1270 ἐξ
79 1228 235 1269 funere
264 1227 404 1268 elatus
433 1231 550 1266 esset
562 1227 575 1267 ¹?
631 1225 691 1266 At
718 1225 795 1266 ille
823 1225 958 1267 etiam
987 1226 1033 1266 in
1063 1225 1164 1268 foro
1186 1227 1439 1268 combustus
1470 1227 1564 1267 lau-

17 1294 22 1331 1,
81 1284 299 1337 datusque
337 1281 673 1323 miserabiliter:
711 1282 918 1335 servique
961 1285 1005 1322 et
1035 1286 1216 1335 egentes
1256 1282 1303 1322 in
1333 1286 1455 1323 tecta
1484 1296 1564 1322 no-

17 1337 20 1379 ·ss
82 1345 176 1381 stra
205 1352 305 1380 cum
334 1337 508 1378 facibus
539 1338 741 1378 immissi.
803 1336 931 1386 Quae
960 1337 1148 1378 deinde?
1192 1342 1242 1378 ut
1273 1337 1466 1378 audeant
1493 1338 1563 1377 di-

18 1394 22 1428 ῑ
81 1408 199 1440 cere,
238 1396 353 1435 tune
383 1396 551 1436 contra
582 1391 811 1436 Caesaris
838 1390 1037 1435 metum?
1093 1393 1222 1435 Haec
1250 1397 1295 1434 et
1324 1393 1415 1434 alia
1443 1392 1564 1434 ferre

174 1551 206 1583 1.
255 1548 358 1581 Itane
380 1545 495 1578 vero?
544 1546 618 1579 Das
644 1545 735 1578 w'zir’
761 1557 797 1578 es
824 1545 927 1579 also?
952 1564 996 1569 —
1032 1545 1123 1588 egit,
1149 1544 1266 1579 dahin
1292 1545 1396 1580 h'zitte
1421 1556 1458 1579 es
1483 1546 1563 1579 also

21 1599 23 1609 '
83 1597 182 1633 Dein
207 1594 285 1629 und
309 1593 412 1627 mein
449 1593 586 1626 Brutus
618 1592 814 1641 gebracht,
849 1593 931 1626 (lass
968 1604 1009 1626 er
1046 1593 1237 1628 allenfalls
1273 1606 1321 1627 zu
1351 1594 1565 1627 Lanuvium

22 1659 25 1681 a
83 1646 165 1680 sein
188 1643 356 1677 k‘dnnte‘?
406 1640 539 1674 ideone
565 1642 701 1675 Brutus
728 1641 925 1675 Caesarem
958 1641 1111 1684 occidit,
1145 1648 1186 1676 ut
1222 1641 1357 1676 deinde
1398 1642 1562 1675 Lanuvii

22 1691 26 1731 ί
84 1699 200 1735 esset,
225 1697 280 1725 ·ut
320 1691 361 1723 in
396 1689 488 1722 urbe
513 1695 595 1723 tuto
632 1701 711 1723 esse
749 1700 824 1724 non
861 1691 1010 1734 posset?
1044 1695 1086 1723 ut
1119 1689 1330 1724 Trebonius
1363 1690 1469 1733 quasi
1503 1691 1564 1722 fu-

85 1742 191 1787 giens
217 1738 364 1773 occulte
390 1737 430 1770 in
455 1737 694 1782 provinciam
720 1737 1049 1783 proficisceretur?
1074 1737 1182 1772 SGH.
1221 1737 1432 1771 Trebonius
1458 1736 1565 1771 ward

85 1788 185 1823 nach
211 1788 340 1823 Casars
365 1785 606 1830 Erinordung
643 1786 697 1819 als
734 1786 936 1820 Proconsul
972 1784 1071 1818 nach
1096 1785 1212 1819 Asien
1237 1784 1462 1833 geschickt5
1500 1797 1566 1819 zu*

24 1836 27 1848 '
86 1836 218 1886 gleich
251 1834 464 1868 bekleidete
501 1844 544 1867 er
576 1834 637 1867 die
677 1832 800 1868 Stelle
835 1834 937 1867 eines
964 1832 1292 1867 Unterfeldherrn
1327 1833 1389 1866 des
1416 1834 1565 1866 Brutus.

26 1896 27 1899 ’
85 1905 128 1911 —
155 1883 409 1919 ,Meministine
433 1892 488 1914 me
515 1883 560 1915 cl.
610 1881 675 1916 Sic
708 1882 837 1915 Lamb.
876 1881 1113 1915 meministine
1146 1881 1192 1914 cl.
1230 1881 1302 1915 Md.
1330 1881 1444 1914 Oxon.
1472 1883 1502 1915 1.
1530 1882 1563 1916 2.

26 1937 28 1940 ’
86 1934 169 1967 Asc.
198 1935 229 1967 1.
256 1931 356 1965 Crat.
381 1930 477 1963 Vict.
503 1933 534 1965 l.
550 1931 582 1965 2.
609 1930 810 1964 meministi
835 1941 890 1963 me
917 1931 962 1963 cl.
990 1928 1034 1963 (19
1061 1928 1214 1973 lllalasp.
1245 1935 1282 1963 et
1308 1928 1445 1962 Fae'rni
1465 1941 1565 1973 susp.

85 1983 167 2016 Bos.
194 1980 305 2024 Seqq.
336 1978 530 2014 ORELLI.
557 1997 604 2003 -
631 1978 752 2022 Capit.
778 1978 850 2017 die,
877 1978 932 2011 als
958 1977 1019 2010 die
1039 1977 1324 2011 C'eisarsm'order
1349 1976 1451 2011 nach
1465 1977 1565 2011 voll-

87 2027 266 2063 brachter
291 2027 392 2060 That
417 2026 503 2060 sich
527 2027 592 2060 auf
615 2026 678 2060 das
706 2026 858 2071 Capitol
884 2026 1168 2070 zuriickzogen.
1214 2045 1257 2051 —
1310 2036 1333 2058 α
1354 2029 1475 2068 praet.
1516 2026 1564 2058 M,

87 2079 203 2113 Bruto
231 2081 268 2110 et
293 2075 333 2110 C.
360 2075 501 2109 Cassio.
529 2094 571 2100 -—
610 2074 742 2108 vocari
765 2086 815 2104 z
840 2074 969 2107 vocari
994 2078 1180 2118 oportere,
1203 2073 1280 2107 wie
1305 2071 1448 2106 Schiitz
1475 2084 1566 2106 ver·

87 2125 271 2159 muthete.
319 2142 366 2148 —
415 2127 483 2156 sat.
518 2122 634 2164 bonis,
672 2123 732 2156 die
759 2122 874 2156 lauen
904 2122 1109 2164 Pati-intem
1147 2121 1228 2155 scil.
1255 2121 1494 2155 laetantibus.
1523 2139 1566 2145 -

24 2185 25 2193 ¹
89 2172 292 2214 Liberalia,
331 2182 404 2216 quo
430 2171 491 2205 die
521 2173 663 2205 factum
691 2176 746 2205 est
771 2170 1147 2204 senatusconsultum
1180 2169 1227 2203 de
1252 2169 1434 2215 praemiis
1461 2174 1568 2203 vete-

88 2232 267 2256 ranorum
292 2221 342 2261 (v.
370 2231 427 2264 ep.
456 2221 525 2255 694
551 2219 587 2252 h.
607 2219 679 2260 ed.)
705 2219 900 2262 multaque
925 2219 1000 2252 alia
1025 2219 1065 2251 in
1090 2217 1180 2251 aede
1206 2217 1377 2251 Telluris
1404 2218 1566 2250 decreta.

88 2269 255 2315 Philipp.
283 2268 311 2302 1.
338 2279 370 2302 c.
399 2270 431 2301 l.
460 2267 661 2302 MANUT.
686 2269 773 2309 „Du
799 2266 964 2301 schiebst
989 2266 1050 2299 die
1071 2265 1216 2300 Schuld
1242 2267 1307 2299 auf
1329 2265 1391 2298 die
1418 2264 1567 2299 8911315-

90 2316 376 2363 versammlung
411 2327 471 2348 ain
501 2319 554 2350 17.
581 2317 734 2359 Μέὶη;“
780 2327 827 2348 an
864 2314 1052 2349 welchem
1087 2314 1352 2359 Bacchusfeste
1387 2312 1448 2346 die
1480 2321 1569 2358 toga

87 2365 217 2400 vix-ilis
254 2364 346 2399 oder
376 2363 499 2398 libera
532 2364 604 2397 den
640 2363 874 2412 Iiinglingen
907 2363 1069 2397 ertheilt
1094 2362 1212 2397 ward.
1264 2362 1367 2396 Uber
1393 2363 1476 2394 iene
1503 2358 1569 2392 Se-

88 2412 456 2461 natsversammlung·
480 2425 507 2446 s.
535 2423 592 2457 ep.
619 2413 702 2448 694.
729 2432 771 2438 --
808 2411 1061 2446 Meministine
1083 2436 1090 2443 .
1115 2436 1121 2443 ι
1147 2411 1324 2444 clamare.
1354 2409 1388 2442 S.
1418 2406 1568 2441 Ramsh.

88 2464 118 2506 §.
145 2462 223 2496 164.
251 2460 360 2493 Amn.
387 2461 420 2494 4.
471 2460 618 2495 Grotef.
644 2460 672 2502 ξ.
699 2461 781 2495 241.
806 2462 887 2494 310.
942 2479 984 2484 —
1034 2459 1069 2492 si
1085 2460 1226 2502 sunere
1251 2459 1296 2490 el.
1326 2461 1430 2497 esset,
1455 2465 1572 2489 wenn

89 2510 174 2543 dem
208 2507 321 2541 Casar
364 2507 427 2541 ein
459 2508 719 2543 ordentliches
760 2506 1158 2554 Leichenbeg'zingniss
1198 2510 1395 2539 verstattet
1427 2502 1570 2537 wiirde.

88 2557 173 2605 Vgl.
202 2568 260 2601 ep.
287 2556 368 2597 694,
393 2557 427 2591 3.
453 2556 625 2601 Philipp.
653 2557 704 2597 11,
730 2557 786 2592 36.
816 2555 974 2590 sueton.
999 2557 1039 2588 in
1065 2555 1169 2589 Caes.
1196 2551 1386 2587 Plutarch.
1422 2568 1463 2575 —
1504 2551 1572 2583 mi-

88 2605 224 2644 sci-ab„
261 2615 325 2636 um
360 2602 421 2636 das
462 2603 646 2653 heftigste
682 2604 881 2638 Mitleiden
918 2616 966 2637 zu
1005 2613 1170 2650 erregen
1203 2600 1279 2634 und
1315 2599 1378 2633 das
1404 2598 1507 2633 Volk
1533 2598 1573 2630 in

91 2652 278 2699 G‘a'hrung
312 2664 359 2684 zu
395 2651 571 2699 bringen.
623 2652 732 2695 „ihm
766 2652 875 2686 ward
910 2651 995 2685 eine
1039 2662 1125 2684 zum
1162 2647 1359 2682 Mitleiden
1396 2646 1574 2680 reizende

92 2700 259 2735 Lobrede
284 2699 506 2747 gehalten.“
533 2719 575 2726 —
628 2704 786 2743 egentes,
815 2701 876 2734 die
902 2699 1059 2734 Bettler.
1093 2716 1138 2721 —
1189 2697 1290 2732 Quae
1315 2695 1454 2737 deinde,
1480 2694 1577 2728 VVas

94 2748 178 2782 sind
203 2760 281 2781 nun
305 2747 367 2781 ‹lie
392 2748 537 2795 Folgen
564 2748 710 2782 davon?
750 2770 791 2775 —
832 2753 967 2790 nutum,
993 2748 1053 2780 Du
1078 2744 1204 2780 willst
1229 2743 1331 2778 Dich
1358 2754 1482 2791 geg-en
1507 2741 1577 2775 C'a'-

95 2807 172 2830 sars
197 2795 323 2832 Wink
348 2796 583 2831 auslehnen?
611 2815 654 2821 —
691 2796 792 2829 Haec
819 2801 850 2829 et
877 2796 956 2830 alia
986 2793 1181 2829 eiusmodi.
1221 2793 1329 2834 „Hoc
1355 2790 1577 2836 saepissime

1115 2845 1176 2887 4*
