1795 3086
309 96 616 142 EPISTOLA
647 95 912 138 DCCCLX.
940 91 1225 137 Dechxl.
1413 87 1503 136 393

224 283 534 327 EPISTOLA
563 281 853 326 DCCCLXI.
904 281 980 334 (ad
1009 281 1116 323 Div.
1144 278 1204 321 X.
1236 277 1321 327 29.)
1373 278 1378 282 '

586 380 665 415 Ser.
693 391 786 414 anno
812 380 969 413 incerto.

112 468 222 501 suum
249 467 409 502 studium
436 477 522 513 erga
549 466 706 500 salutem
731 464 930 498 exsulantis
956 463 1068 497 amici
1093 462 1288 496 confirmat
1313 470 1467 504 eumque

517 531 519 533 ·
577 514 667 548 bene
703 523 854 558 sperat-e
879 512 990 546 iubet.
1016 537 1018 539 >

613 600 785 635 CICERO
812 600 957 635 APPIO.

169 682 239 723 De
267 695 361 723 meo
390 683 534 724 studio
565 695 670 737 erga
699 682 884 731 salutem
923 683 968 721 et
1006 678 1356 720 incolumitatem
1379 681 1511 725 tuam

70 737 198 778 credo
227 741 272 778 te
301 751 513 791 cognosse
543 752 595 779 ex
625 738 771 778 literis
801 741 998 783 tuorum3
1037 735 1193 789 quibus
1222 748 1290 775 me
1320 734 1511 775 cumula-

69 793 547 835 tissimesatisfecisse
587 797 706 834 certo
737 792 852 833 scio:
892 804 973 832 nec
1011 791 1068 830 iis
1108 791 1325 842 concedo,
1364 802 1512 843 quam-

63 862 195 901 quam
223 853 324 889 sunt
354 849 569 902 singulari
599 850 645 888 in
674 845 1065 897 tce-benevolentia,
1093 849 1143 884 ut
1171 849 1212 885 te
1236 845 1402 886 salvum
1422 857 1513 885 ma-

66 905 164 956 lint,
194 917 321 958 quam
350 918 444 958 ego.
510 905 588 943 Illi
616 902 728 942 mihi
757 915 937 942 necesse
966 905 1036 941 est
1062 900 1318 946 concedant,
1354 904 1402 940 ut
1430 900 1514 940 tibi

67 961 182 1013 plus,
211 973 340 1013 quam
368 959 469 1013 ipsi,
492 959 580 1000 hoc
597 963 790 1011 tempore
819 957 1029 1012 prodesse
1056 957 1243 1009 possim:
1274 955 1393 1009 quod
1417 955 1514 1008 qui-

0 1055 1 1064 *
65 1015 165 1056 dem
194 1028 276 1055 nec
304 1014 457 1055 destiti
485 1014 632 1054 facere
659 1026 741 1054 nec
770 1013 1005 1064 desistam,
1046 1015 1090 1051 et
1116 1012 1203 1052 iam
1240 1011 1286 1051 in
1324 1011 1517 1052 maxima

4 1116 6 1119 v
69 1084 115 1111 re
155 1069 246 1110 feci
285 1073 330 1110 et
372 1068 650 1110 fundamenta
686 1068 774 1109 ieci
815 1067 969 1108 salutis
1013 1072 1127 1108 tuae.
1184 1067 1258 1108 Tu
1294 1066 1367 1108 fac
1403 1068 1518 1107 bono

67 1126 212 1166 animo
249 1138 406 1179 magno
442 1139 495 1166 ue
532 1126 593 1165 sis
621 1138 775 1177 meque
804 1123 887 1164 tibi
915 1123 1035 1164 nulla
1064 1135 1112 1164 re
1143 1121 1395 1165 defuturum
1423 1134 1519 1166 esse

67 1180 278 1222 confidas.
335 1180 418 1221 Pri
452 1181 493 1222 ie
521 1179 672 1222 Nonas
703 1179 940 1229 Quintiles.

69 1393 133 1415 suo
159 1382 388 1427 appellatum
414 1393 497 1414 cum
523 1381 700 1415 Scaevola
727 1382 938 1426 componit3
966 1381 1129 1421 facetius,
1156 1391 1264 1425 quam
1291 1370 1330 1413 si*
1350 1379 1522 1424 scripsis—

69 1436 122 1463 set
148 1434 181 1462 et
206 1429 272 1463 tibi
293 1429 479 1463 assentior.
514 1429 621 1464 SCH.

164 1495 329 1530 APPIO.
379 1495 441 1529 Sic
465 1496 536 1529 Md.
561 1496 660 1529 crat.
687 1497 783 1529 vict.
811 1499 840 1530 1.
879 1497 993 1543 Beng.
1025 1496 1192 1538 Liinem„
1223 1496 1404 1540 probante
1429 1496 1523 1529 Hul-

72 1544 176 1577 drico
205 1545 243 1576 in
269 1544 498 1586 Programm.
525 1544 644 1577 Turio.
674 1545 774 1578 1803.
801 1556 884 1591 pag.
910 1545 942 1578 5.
968 1550 1008 1576 ut
1036 1543 1085 1576 sit
1109 1542 1255 1587 Appius
1281 1543 1455 1577 Claudius
1483 1544 1523 1576 C.

74 1591 198 1632 Filius,
225 1602 334 1634 quem
362 1591 470 1625 Libro
496 1591 544 1624 11.
571 1591 636 1634 Ep.
662 1593 708 1626 22
732 1591 786 1631 (h.
802 1604 834 1625 e.
861 1593 945 1632 820)
970 1592 1014 1625 D.
1041 1592 1157 1624 Bruto
1181 1591 1423 1625 commendat.
1453 1591 1524 1625 OR.

74 1639 204 1683 Ampio
228 1639 323 1672 Vict.
352 1641 387 1674 2.
425 1639 550 1672 Lamb.
576 1639 710 1673 Graev.
744 1639 835 1673 Ern.
862 1639 960 1679 Sch.‚
997 1644 1038 1671 ut
1061 1638 1154 1673 haec
1181 1639 1334 1684 epistola
1365 1638 1411 1672 ad
1436 1650 1526 1673 eun-

73 1687 158 1719 dem
184 1686 351 1729 Ampium
384 1687 538 1720 Balbum
571 1688 711 1732 scripta
743 1687 812 1730 sit,
847 1699 957 1731 quem
991 1686 1036 1719 ad
1069 1686 1296 1721 exsulantem
1328 1687 1438 1720 missa
1473 1693 1527 1720 est

75 1735 181 1779 epist.
206 1734 267 1776 VI,
297 1736 339 1769 12
364 1734 418 1778 (h.
446 1734 501 1768 ed.
526 1735 629 1776 514);
666 1735 763 1778 quod
799 1736 830 1768 si
864 1746 994 1768 verum
1030 1733 1091 1776 sit,
1125 1735 1269 1780 scripta
1304 1735 1352 1768 sit
1378 1745 1528 1768 necesse

75 1789 130 1816 est
155 1793 185 1815 a.
212 1794 246 1814 u.
274 1793 305 1814 e.
333 1783 412 1820 708,
439 1782 503 1816 sed
529 1788 612 1816 ante
638 1782 755 1825 illam,
789 1794 859 1827 qua
884 1782 1047 1817 reditum
1072 1782 1115 1815 ab
1142 1783 1276 1816 exsilio
1301 1782 1380 1816 eius
1405 1782 1526 1827 impe-

73 1835 213 1863 tratum
240 1840 316 1863 esse
342 1830 485 1864 scribit.
510 1830 617 1864 SCH.

171 1899 201 1931 1.
228 1907 288 1930 nec
313 1897 369 1930 iis.
399 1897 459 1930 Sic
485 1897 559 1935 Md.
586 1898 701 1942 Neap.
728 1898 822 1931 vict.
850 1900 881 1933 2.
910 1898 1034 1931 Lamb.
1069 1897 1125 1931 Ins
1150 1898 1246 1933 cett.
1283 1910 1343 1932 nec
1372 1899 1420 1932 iis
1445 1908 1529 1931 con-

74 1946 157 1978 cedo
183 1969 191 1976 .
220 1969 227 1976 .
258 1970 264 1975 .
292 1948 342 1986 ut,
368 1944 442 1978 und
469 1945 532 1978 ich
557 1945 650 1992 gebe
677 1945 792 1978 ihnen
818 1945 925 1979 nicht
951 1958 1008 1988 zu,
1035 1946 1116 1979 dass
1143 1959 1177 1980 u.
1203 1960 1230 1980 s.
1258 1959 1304 1980 w.
1335 1965 1374 1971 —-
1427 1957 1529 1990 quam

76 1994 147 2035 ipsi
188 1991 342 2036 possint.
391 2011 436 2016 —-
486 1993 522 2025 in
546 1993 705 2027 maxima
731 2005 780 2036 re,
814 1993 882 2026 der
907 1994 1143 2039 Hauptsache
1167 1995 1276 2037 nach,
1310 1994 1368 2028 bei
1403 1993 1528 2027 seiner

76 2039 316 2087 wichtigsten
351 2040 663 2087 Angelegenheit.
717 2062 755 2083 ÷
809 2042 909 2075 nulla
947 2053 1000 2084 re,
1041 2042 1168 2077 Lamb.
1206 2044 1307 2077 nulla
1332 2044 1371 2076 in
1397 2053 1448 2076 re.
1488 2059 1527 2066 -

77 2086 201 2121 Pridie
226 2088 320 2122 Non.
348 2089 511 2131 Quintil„
538 2101 596 2122 am
621 2091 677 2124 30.
705 2089 841 2123 Iunius.
