1795 3086
340 73 655 117 EPISTOLA
688 74 934 118 Decem.
965 73 1237 117 DCCCLII.
1456 73 1550 120 375

223 185 846 228 EPISTOL’A'DCCCLH.
905 187 982 237 (aa
1013 187 1122 228 niv.
1152 163 1263 227 xil.
1296 184 1384 231 13.)

56 264 137 298 Dat.
164 261 259 297 ldib.
288 242 369 297 11'111.
397 262 527 309 Cypro
552 273 572 296 a
599 262 835 304 Crommyu-
846 244 972 296 aclide
1000 262 1041 298 A
1071 262 1115 296 U.
1142 261 1181 296 (3.
1209 243 1290 296 ιιι.
1317 259 1375 302 (.a
1400 259 1443 292 (3.
1471 259 1548 298 43.)

55 327 279 363 Gra-atulam
305 327 350 365 de
377 328 581 363 Mutinensi
607 326 767 361 victoria
795 333 832 360 et
858 337 917 359 res
951 339 971 360 a
1006 338 1044 361 se
1070 333 1191 375 gestas
1220 325 1387 392 exponit.
1441 325 1542 359 1-4.

379 395 419 430 (3
450 393 651 428 GAssms
679 394 719 436 Q.
747 392 783 426 s.
810 394 855 429 D.
881 396 930 428 m.
960 391 1206 429 CICERONI.

162 462 207 504 S.
238 463 296 504 V.
325 461 377 504 Β.
418 460 474 501 Ε.
514 459 572 502 V.
628 460 779 510 Quum
819 461 886 502 rei
929 462 1139 526 publicae
1176 462 1249 503 vel
1289 461 1437 504 salute
1473 459 1546 502 vel

5 543 7 550 π
53 519 249 561 victoria
288 517 561 572 gaudemus,
608 521 701 557 tum
751 516 1080 558 inst-iuratione
1121 522 1298 559 tuarum
1324 516 1544 580 lauduni:

53 576 174 629 quod
204 575 426 615 maximus
455 572 707 614 consulaiis
735 573 980 614 maximum
1010 573 1241 615 consulem
1280 578 1324 615 te
1355 572 1452 629 ipse
1479 571 1546 614 vi-

53 631 174 694 cisti?
203 634 249 671 ct
277 630 494 670 laetamur
534 633 578 670 et
606 628 766 670 mirati
804 629 912 671 satis
953 643 1040 670 non
1084 640 1330 683 possumus.
1388 628 1547 671 Fatale

5 694 6 734 ξ
53 686 203 727 nescio
234 686 343 740 quid
373 691 475 726 tuae
504 685 664 727 virtuti
695 685 870 734 ‹latum3
917 686 964 726 id
1004 683 1126 739 quod
1165 699 1297 740 saepe
1337 686 1427 726 iam
1464 695 1545 726 ex-

5 739 6 743 ’
51 742 170 796 perti
199 755 365 784 sumus.
395 759 398 763 “
439 742 522 782 Est
552 743 671 782 enim
700 746 781 783 tua
809 747 913 796 toga
942 740 1141 782 omnium
1170 743 1324 782 armis
1339 739 1544 783 felicior.

4 803 5 806 ’
52 811 165 853 quae
193 811 310 839 nunc
334 812 513 853 quoque
542 798 670 838 nobis
711 810 850 851 paene
891 797 1061 838 victam
1099 810 1192 837 1em
1223 797 1464 860 publicam
1486 810 1545 837 ex

53 855 256 896 manibus
286 854 485 896 hostium
514 853 681 908 eripuit
721 866 775 893 ac
814 852 1029 894 ieddidit.
1099 851 1234 894 Nunc
1277 866 1384 907 ergo
1421 852 1546 895 vive-

51 924 148 951 mus
178 910 332 951 liberi:
381 923 494 950 nunc
533 915 592 960 te,
638 909 834 950 omnium
874 908 1072 950 maxime
1107 909 1243 951 civis
1240 912 1299 951 et
1326 908 1442 950 mihi
1472 920 1546 950 ca-

53 966 245 1017 rissime,
294 966 355 1006 id
383 964 759 1020 quod-maximis
799 965 865 1005 rei
893 965 1100 1020 publicae
1140 965 1337 1008 tenebris
1367 977 1546 1027 compe-

53 1021 178 1070 risti3
207 1035 324 1062 nunc
351 1025 396 1062 te
426 1021 686 1062 habebimus
715 1024 874 1062 testem
904 1022 1048 1062 nostri
1076 1024 1123 1062 et
1151 1021 1223 1062 in
1218 1025 1273 1062 te
1302 1024 1348 1062 et
1377 1020 1424 1061 in
1442 1029 1547 1061 con*

52 1077 383 1118 iunctissimam
413 1078 497 1118 tibi
538 1091 629 1117 rem
661 1077 881 1131 publicam
922 1076 1111 1119 amoris:
1166 1081 1225 1130 ot,
1264 1089 1378 1133 quae
1416 1089 1549 1130 saepe

52 1133 284 1188 pollicitus
315 1147 361 1174 es
391 1138 436 1173 te
475 1133 807 1179 ettacitur,u1n
845 1133 952 1174 dum
994 1134 1278 1186 sewirmnus,
1316 1136 1361 1175 et
1399 1132 1547 1173 dictu=

2 1207 3 1210 ¹
51 1203 148 1230 rum
179 1189 236 1229 de
265 1202 336 1230 me
365 1192 472 1240 tum,
512 1203 647 1243 quum
686 1188 800 1229 mihi
829 1189 1068 1244 plwosutula
1095 1192 1266 1231 essent:
1314 1201 1433 1229 nunc
1460 1188 1548 1229 illa

1 1281 2 1290 ,
50 1259 139 1286 ιιοιι
168 1258 252 1300 ego
282 1245 464 1299 quidem
503 1245 598 1285 dici
628 1249 754 1286 tanto
785 1259 920 1300 opere
959 1245 1242 1292 desiderabo,
1283 1257 1418 1308 quam
1445 1257 1546 1286 sen-

1 1300 2 1312 *
51 1300 133 1341 tili
162 1315 189 1342 a
218 1306 263 1342 te
294 1301 406 1354 ipso.
465 1300 625 1355 Neque
656 1302 774 1342 enim
805 1301 1004 1342 omnium
1025 1301 1205 1342 iudicio
1234 1300 1391 1342 malim
1419 1313 1491 1341 me
1519 1312 1548 1341 a

0 1386 1 1391 ,
50 1363 96 1398 te
125 1356 446 1407 commendaui,
488 1370 622 1411 quam
652 1357 749 1412 ipse
787 1360 863 1398 tuo
893 1357 1065 1399 iudicio
1105 1358 1241 1411 digne
1280 1371 1333 1398 ac
1370 1369 1548 1397 mereor

0 1455 1 1466 γ
50 1413 384 1454 commendatus
424 1426 547 1454 esse:
598 1415 646 1454 ut
685 1413 797 1454 haec
839 1414 1085 1456 novissima
1122 1417 1279 1456 nostia
1307 1411 1431 1453 facta
1459 1426 1546 1454 non

147 1631 189 1664 C.
217 1630 442 1665 CASSIUS.
494 1630 583 1674 Quis
610 1629 674 1663 hic
700 1629 848 1664 Cassius
884 1631 1029 1670 suerit,
1063 1630 1253 1664 incertum
1291 1636 1357 1663 est.
1409 1630 1549 1665 Frater

49 1679 91 1713 C.
121 1679 237 1713 Cassii
263 1679 501 1724 proconsulis
528 1679 688 1721 Quintus
716 1690 796 1712 esse
823 1689 898 1713 non
924 1685 1073 1724 potest3
1098 1678 1165 1711 hic
1190 1678 1294 1712 enim
1318 1678 1546 1723 Hispaniam

49 1728 202 1762 sortitus
237 1734 328 1761 erat.
376 1727 573 1765 Fuerunt,
612 1728 676 1771 qui
712 1727 881 1760 Cassium
917 1729 1159 1761 Parmensem
1193 1733 1390 1772 putarent,
1431 1738 1547 1772 quem

48 1781 181 1809 narrat
205 1774 400 1820 Appianus
428 1775 473 1809 de
499 1775 539 1809 B.
567 1774 649 1810 civ.
671 1775 716 1817 V,
746 1777 776 1810 1.
813 1786 909 1810 anno
943 1776 1026 1811 712.
1060 1788 1080 1810 a
1113 1777 1233 1809 Bruto
1267 1780 1303 1808 et
1338 1775 1467 1809 Cassio
1505 1775 1546 1808 in

52 1824 139 1858 Asia
163 1823 349 1858 relictum
377 1834 477 1868 esse3
503 1823 608 1857 cuius
635 1829 762 1856 tamen
785 1824 976 1870 opinionis
1003 1824 1156 1858 nullum
1176 1823 1302 1857 subest
1320 1823 1544 1857 fundamen·

51 1878 145 1907 tum.
197 1871 433 1906 Probabilius
461 1878 519 1906 est
545 1883 623 1905 esse
651 1872 692 1905 L.
719 1872 910 1913 Cassium,
936 1872 1054 1906 Cassii
1079 1870 1322 1917 proconsulis
1351 1882 1398 1905 ex
1423 1873 1545 1905 fratre

51 1926 241 1965 nepotem,
268 1931 381 1965 quern
408 1921 603 1966 Appianus
631 1920 720 1955 libr.
733 1921 795 1954 IV.
823 1921 861 1954 in
888 1921 1035 1966 proelio
1055 1920 1297 1966 Philippensi
1322 1918 1407 1954 data
1430 1930 1545 1966 opera

51 1981 169 2014 usque
195 1968 240 2002 ad
264 1980 397 2003 necem
425 1980 614 2016 pugnasse
639 1969 831 2014 perhibet,

148 2037 180 2068 1.
228 2033 388 2068 victoria
414 2033 629 2080 Mutinensi.
681 2034 773 2069 Sero
813 2035 913 2068 enim
948 2035 1061 2069 huius
1092 2036 1276 2071 victoriae
1312 2035 1466 2070 nuntius
1505 2036 1545 2070 in

52 2082 179 2116 Asiam
203 2089 448 2128 pervenerat.
490 2082 599 2117 SCH.
652 2102 695 2107 -—-
747 2084 893 2117 laudum
927 2085 1010 2119 scil.
1038 2085 1120 2119 XII.
1151 2081 1311 2120 Kalend}
1339 2084 1442 2127 Maii,
1470 2096 1545 2129 quo

50 2131 114 2165 die
144 2143 166 2164 a
196 2137 276 2165 toto
310 2141 430 2176 paene
465 2131 611 2175 populo
650 2131 690 2164 in
728 2131 962 2176 Capitolium
997 2140 1054 2167 est
1085 2133 1269 2167 deductus
1303 2134 1546 2177 maximoque

50 2179 219 2213 clamore
245 2185 283 2213 et
308 2179 441 2223 plausu
468 2179 509 2211 in
535 2180 668 2214 rostris
693 2180 911 2215 collocatus:
962 2180 1046 2216 vid.
1074 2181 1271 2215 Plutarch.
1296 2181 1339 2215 in
1363 2181 1439 2215 Vit.
1465 2181 1544 2217 Cic.

49 2246 97 2253 ·--
122 2231 157 2261 te
181 2227 272 2271 ipse,
293 2228 413 2272 Neap.
440 2227 525 2261 Asc.
553 2230 583 2261 1.
613 2228 714 2264 Crat.
742 2232 777 2261 te
803 2229 930 2272 ipsum.
981 2248 1024 2253 ——
1070 2229 1199 2272 fatale
1231 2229 1272 2263 in
1296 2229 1433 2263 bonam
1457 2241 1546 2275 par-

51 2282 152 2318 tem3
178 2275 317 2317 datum,
343 2286 559 2309 concessum
585 2288 605 2309 a
631 2277 720 2309 sato.
774 2295 815 2301 -
867 2278 909 2310 id
933 2279 1037 2322 quod.
1089 2278 1210 2312 Habet
1242 2278 1450 2321 aliquoties
1476 2278 1546 2312 iste

50 2323 212 2366 Cassius,
250 2323 448 2366 Quaestor,
483 2324 525 2358 id
555 2324 658 2369 quod.
694 2325 832 2359 Graev.
868 2326 962 2359 Ern.
1000 2325 1088 2359 Seh.
1124 2325 1261 2360 Bened.
1302 2327 1397 2359 Liin.
1437 2325 1545 2370 idque

51 2378 184 2406 contra
223 2372 296 2405 Md.
335 2371 531 2406 ORELLI.
582 2392 624 2397 -
676 2377 738 2406 tua
771 2377 863 2415 toga
890 2388 938 2405 Ξ
964 2374 1245 2409 administratio
1282 2374 1340 2408 rei
1367 2373 1545 2418 publicae

51 2419 259 2454 domestica
286 2420 497 2465 opponitur
521 2420 636 2454 armis
661 2421 685 2453 i.
715 2432 745 2454 9.
772 2423 884 2455 iebus
911 2422 1074 2456 bellicis.
1124 2442 1171 2448 --
1224 2423 1401 2463 tenebas,
1428 2433 1544 2466 quum

52 2479 113 2502 res
139 2467 290 2522 publica
312 2468 516 2511 tyrannide
544 2475 641 2503 esset
667 2481 868 2515 oppressa;
905 2471 1048 2505 afflicto
1074 2472 1131 2505 rei
1157 2470 1333 2516 publicae
1362 2476 1471 2507 statu
1500 2489 1543 2494 ——

50 2516 266 2550 εενιίνενηιιε
291 2515 453 2558 Caesmi,
478 2517 657 2551 Antonio.
709 2536 751 2541 -
803 2530 895 2552 manc
920 2519 1004 2559 illa,
1030 2530 1123 2563 quae
1144 2526 1186 2553 tu
1211 2519 1471 2565 pollicebaris.
1500 2537 1541 2542 ——

50 2564 199 2607 senari,
225 2570 268 2597 ut
294 2565 451 2598 eandem
477 2566 706 2598 sententiam
734 2565 780 2600 de
808 2578 868 2600 mc
896 2568 1072 2609 retineas,
1097 2574 1139 2600 ut
1164 2568 1214 2602 sis
1240 2567 1312 2600 illo
1329 2579 1439 2600 sensu
1454 2579 1545 2614 erga

50 2624 122 2646 me.
147 2631 194 2637 --
220 2622 326 2656 quam
351 2612 440 2656 ipse.
467 2613 552 2647 sch.
580 2614 673 2647 Liin.
699 2613 746 2648 de
772 2613 922 2648 Einest.
949 2628 1049 2660 susp.
1083 2615 1165 2659 ipsi.
1216 2614 1291 2649 Sed
1323 2615 1401 2658 ipse
1427 2626 1542 2660 oppo

51 2661 158 2694 nitur
182 2672 218 2694 v.
247 2661 405 2694 omnium
431 2662 505 2695 Ost.
560 2680 600 2686 —
652 2673 698 2695 ac
732 2673 885 2697 mertem
939 2664 1031 2705 Quia
1067 2663 1202 2696 durior
1238 2669 1294 2697 est
1330 2665 1455 2697 forma
1488 2665 1542 2697 lo-

53 2708 208 2753 quendi,
236 2709 330 2742 Ειιι.
356 2710 531 2744 Graetei.
558 2721 630 2754 pro
654 2711 834 2757 glos-sem.
862 2711 1014 2746 habent.
1050 2711 1232 2747 Weiskio
1246 2711 1419 2757 placebat
1433 2712 1545 2755 digne

53 2761 87 2791 et
114 2761 150 2791 ut
175 2768 330 2792 mereor.
356 2777 396 2784 —-
425 2769 502 2793 nov.
530 2769 561 2791 u.
581 2758 696 2801 sacta
721 2766 808 2794 sunt
833 2770 887 2801 ea,
921 2772 1016 2805 quae
1043 2760 1174 2805 paullo
1199 2767 1284 2806 post
1309 2766 1471 2795 enarrat.
1502 2778 1541 2785 -·-

1787 2899 1795 3086 .s--——..—.-
1792 2879 1795 2884 ,
1794 2864 1795 2868 3
1794 2851 1795 2855 3
