1795 3086
446 128 762 176 EPISTOLA
792 131 1139 178 DCCCXLIII.
1416 135 1508 186 355

32 244 226 297 possent,
255 241 506 285 voluerunt.
564 243 806 286 Nonnullis
836 247 971 288 etiam
1000 247 1086 302 ipsi
1117 245 1401 301 magistratus
1431 264 1507 293 ve-

30 299 210 340 niebant
238 297 283 339 in
311 299 609 354 suspicionem
649 299 895 342 detinuisse
934 315 1015 343 nos
1052 306 1099 344 et
1142 303 1362 345 demorati
1400 317 1508 358 esse,

29 354 137 394 dum
166 355 325 396 classis
355 356 622 396 Dolabellae
650 355 820 396 certior
856 357 987 398 fieret
1025 358 1082 399 de
1119 359 1312 402 adventu
1339 365 1507 402 nostro.

29 408 175 459 Quam
232 410 530 465 suspicionem
589 414 853 453 consecutae
905 427 977 456 res
1032 413 1209 468 aliquot
1263 419 1506 458 auxerunt:

27 465 220 506 maxime
249 466 369 520 quod
399 466 547 508 subito
576 479 635 507 ex
665 466 813 523 Lycia
842 466 948 509 Sex.
978 466 1153 509 Marius
1183 474 1227 511 et
1257 471 1308 512 C.
1335 471 1507 523 Titius,

28 520 167 574 legati
206 520 499 568 Dolabellae,
553 535 578 562 a
626 522 768 564 classe
805 522 1106 566 discesserunt
1144 524 1332 579 navique
1373 527 1507 581 longa

25 575 337 631 profugerunt,
376 577 594 619 onerariis
624 578 814 619 relictis:
853 580 899 620 in
929 580 1088 634 quibus
1118 581 1390 634 colligendis
1420 595 1507 624 non

25 630 255 673 minimum
308 634 519 687 temporis
583 634 841 689 laborisque
896 641 1267 688 consumpserant.
1346 637 1507 693 Itaque

23 700 155 741 quum
184 689 240 729 ab
268 686 436 730 Rhodo
466 702 565 730 cum
601 689 688 742 iis,
729 702 839 744 quas
878 689 1198 740 habueramus,
1248 692 1432 734 navibus
1462 694 1506 734 in

23 742 217 798 Lyciam
246 744 535 790 venissemus,
554 755 556 757 ·
575 758 709 786 naves
738 746 968 787 onerarias
1008 747 1255 800 recepimus
1292 747 1507 790 dominis-

23 811 109 852 que
141 798 440 841 restituimus:
492 799 737 854 iidemque,
775 801 894 855 quod
922 801 1118 842 maxime
1146 804 1423 856 verebamur,
1452 818 1507 845 ne

22 859 175 907 posset
202 855 447 896 Dolabella
476 869 575 896 cum
617 857 708 896 suis
749 856 996 898 latronibus
1037 856 1084 896 in
1114 856 1296 899 Italiam
1333 860 1504 912 venire,

21 909 181 951 timere
211 909 446 952 desiimus:
493 913 678 952 classem
719 909 963 965 fugientem
999 913 1223 966 persecuti
1251 925 1402 956 sumus
1432 928 1504 956 us—

21 978 108 1018 que
138 964 307 1012 Sidam,
336 979 449 1020 quae
479 970 682 1008 extrema
711 966 834 1019 regio
864 971 931 1007 est
959 967 1217 1022 provinciae
1246 981 1385 1010 meae.
1430 969 1503 1011 Ibi

21 1020 234 1075 cognovi,
277 1025 448 1075 partem
484 1021 661 1062 navium
692 1021 956 1062 Dolabellae
996 1023 1257 1077 diffugisse,
1302 1026 1502 1080 reliquas

20 1074 204 1131 Syriam
234 1075 523 1131 Cyprumque
551 1076 728 1130 petisse.
787 1075 960 1125 Quibus
991 1078 1213 1126 disiectis,
1251 1093 1384 1133 quum
1413 1082 1502 1121 sci-

22 1145 131 1182 rem,
162 1131 214 1173 C.
245 1131 418 1184 Cassii,
446 1132 689 1186 singularis
728 1131 840 1174 civis
869 1137 914 1174 et
944 1133 1097 1186 ducis,
1138 1135 1324 1176 classem
1355 1137 1502 1177 maxi-

19 1200 137 1228 mam
167 1186 264 1228 sore
294 1191 472 1241 praesto
511 1188 557 1228 in
587 1187 751 1243 Syria,
792 1188 849 1229 ad
890 1202 1034 1230 meum
1072 1188 1274 1230 officium
1313 1193 1501 1233 reverti:

20 1243 223 1298 daboque
253 1256 457 1297 operam,
508 1247 558 1284 ut
596 1257 742 1284 meum
781 1243 1002 1296 studium,
1048 1244 1334 1300 diligentiam
1360 1248 1501 1300 vobis,

19 1299 181 1340 Patres
211 1299 480 1352 conscripti,
525 1298 677 1353 reique
721 1300 924 1353 publicae
953 1304 1198 1354 praestem:
1247 1303 1501 1356 pecuniam-

19 1368 131 1409 que,
182 1366 311 1407 quam
349 1354 591 1394 maximam
620 1356 775 1408 potero
814 1359 859 1396 et
897 1369 1029 1409 quam
1068 1356 1304 1397 celerrime
1344 1371 1499 1412 cogam

19 1410 309 1463 omnibusque
362 1409 610 1450 rationibus
655 1408 711 1450 ad
750 1424 832 1452 vos
871 1409 1059 1451 mittam.
1143 1411 1193 1452 Si
1233 1426 1499 1465 percurrero

19 1465 295 1521 provinciam
326 1467 371 1506 et
399 1478 665 1519 cognovero,
703 1465 781 1519 qui
809 1466 935 1506 nobis
965 1470 1009 1507 et
1038 1465 1104 1507 rei
1133 1466 1338 1521 publicae
1367 1467 1500 1509 fidem

20 1522 341 1576 praestiterunt
370 1520 417 1560 in
447 1521 752 1563 conservanda
780 1521 971 1575 pecunia
999 1534 1026 1563 a
1054 1535 1125 1562 me
1153 1522 1370 1577 deposita,
1401 1524 1501 1578 qui-

19 1591 105 1633 que
134 1577 305 1619 scelere
334 1577 451 1619 ultro
480 1576 736 1619 deferentes
770 1578 1004 1630 pecuniam
1034 1578 1258 1633 publicam
1287 1578 1376 1621 hoc
1404 1594 1498 1621 mu-

113 1735 146 1769 5.
197 1732 377 1768 demorati
409 1743 496 1766 esse.
543 1732 660 1768 Recte
704 1733 875 1767 defendit
911 1732 1134 1768 Schellerus
1163 1734 1203 1767 in
1235 1735 1419 1771 animadv.
1454 1735 1500 1771 ad

18 1788 112 1818 vett.
138 1782 287 1827 scriptt.
338 1780 603 1815 Nominativus
637 1788 740 1816 recte
766 1793 804 1815 se
836 1781 960 1816 habet.
1011 1781 1075 1816 Sic
1106 1782 1303 1818 Dolabella
1340 1784 1387 1818 ad
1411 1785 1495 1820 Div.

18 1831 82 1871 ix,
108 1831 142 1865 9.
168 1830 273 1872 (390)
300 1829 369 1862 etsi
391 1829 490 1862 nullo
518 1833 679 1873 tempore
711 1830 750 1864 in
775 1829 1019 1874 suspicionem
1045 1830 1115 1865 tibi
1139 1831 1243 1865 debui
1266 1831 1389 1865 venire
1413 1858 1421 1867 .
1451 1859 1459 1867 .
1488 1857 1495 1866 .

17 1879 186 1920 suadere,
218 1877 280 1911 ubi
314 1884 398 1923 post
424 1877 628 1911 formulam
654 1877 690 1911 in
716 1878 951 1922 suspicionem
975 1878 1101 1912 venire
1133 1889 1207 1913 non
1236 1880 1410 1923 sequitur
1441 1891 1499 1914 me

16 1927 192 1967 suadere,
241 1924 305 1959 sed
351 1924 584 1971 simpliciter
624 1927 800 1968 suadere,
852 1932 893 1960 ut
946 1925 1198 1961 nominativus
1241 1928 1497 1975 intelligatur.

24 1973 237 2008 WEISKE.
289 1973 375 2021 Vgl.
400 1972 551 2007 Ramsh.
574 1973 604 2015 ξ).
633 1975 712 2014 168,
735 1974 778 2016 Β,
804 1975 836 2010 2.
866 1975 913 2008 Ν.
938 1976 972 2010 3.
998 1975 1034 2009 4.
1069 1985 1206 2009 consec.
1232 1986 1289 2009 res
1313 1976 1417 2020 aliq„
1442 1976 1497 2010 ei-

18 2022 107 2070 nige
132 2021 287 2056 hierauf
309 2020 476 2070 erfolgte
502 2021 716 2057 Umst‘ande.
754 2022 794 2055 C.
824 2022 952 2065 Titius,
986 2021 1055 2055 der
1089 2030 1202 2057 unter
1232 2023 1318 2058 dem
1357 2024 1496 2058 Consu-

16 2071 92 2104 late
117 2069 180 2104 des
207 2068 355 2103 Paullus
381 2068 459 2102 und
484 2069 685 2104 Marcellus
722 2076 875 2115 praetor
906 2069 1068 2103 urbanus
1104 2082 1281 2119 gewesen
1313 2083 1405 2106 war.
1458 2071 1497 2107 S.

18 2130 66 2152 zu
92 2129 149 2163 ep.
172 2118 251 2153 248.
279 2116 333 2150 im
358 2116 445 2152 Ans.
498 2135 540 2141 -—
594 2128 673 2151 cum
700 2118 757 2152 iis.
796 2118 870 2151 Md.
905 2118 1001 2152 Vict.
1030 2120 1061 2152 1.
1087 2119 1119 2153 2.
1148 2119 1264 2167 Beng.
1293 2129 1370 2153 cum
1397 2130 1493 2164 quas.

18 2167 92 2199 Hic
131 2165 180 2199 iis
214 2171 338 2199 tamen
375 2165 627 2199 necessarium
662 2173 718 2200 est
756 2165 942 2211 supplem.
985 2166 1179 2199 ORELLI.
1230 2166 1311 2212 Vgl.
1340 2167 1493 2202 Ramsh.

17 2214 48 2256 ξ.
76 2214 155 2255 159,
180 2214 214 2256 3,
240 2213 275 2248 b.
300 2213 386 2247 Not.
414 2231 456 2237 -
483 2224 592 2247 naves
614 2224 717 2247 oner.
752 2224 886 2258 recep„
923 2225 1011 2258 quas
1037 2214 1253 2249 Dolabellae
1287 2215 1404 2263 legati
1436 2227 1496 2250 re-

17 2263 222 2306 liquerant.
251 2279 297 2286 —
321 2261 511 2306 iidemque,
537 2261 613 2296 und
637 2260 866 2307 gleichsalls,
893 2261 1088 2310 zugleich‚
1114 2262 1262 2298 hiemit.
1291 2283 1337 2290 —
1370 2264 1497 2299 Sidam

18 2311 58 2344 in
84 2307 352 2355 Pamphylien.

112 2372 147 2406 6.
194 2369 336 2413 petisse,
361 2371 428 2405 auf
450 2396 457 2403 .
487 2396 493 2404 .
523 2395 531 2404 .
558 2376 799 2418 zugesteuert
823 2371 888 2406 sei.
941 2390 981 2396 —
1034 2383 1138 2417 quum
1163 2373 1310 2415 scirem,
1343 2370 1497 2405 zumahl

18 2418 62 2452 da
90 2417 153 2451 ich
179 2424 328 2452 wusste.
367 2437 410 2443 —
450 2418 490 2452 C.
519 2419 691 2453 Cassiis.
719 2432 766 2452 zu
792 2431 849 2466 ep.
878 2422 958 2455 241.
984 2420 1037 2453 im
1063 2420 1149 2454 Ans.
1199 2440 1239 2445 —
1273 2421 1365 2463 sore
1387 2430 1497 2463 prae-

18 2470 85 2508 sto,
109 2466 231 2500 bereit
256 2466 396 2514 liegen,
423 2467 502 2500 sein
527 2466 669 2500 wiirde.
700 2485 743 2491 ·—
769 2470 818 2502 ad
843 2468 908 2511 off.
934 2480 996 2511 m.,
1022 2481 1070 2502 zu
1096 2469 1258 2503 meinem
1285 2469 1431 2501 Posten.
1450 2485 1496 2493 -·

18 2514 250 2558 omnibusque
276 2514 486 2548 rationibus.
538 2514 603 2548 Sic
628 2514 700 2548 Md.
724 2516 838 2561 Neap.
865 2517 947 2550 Asc.
976 2520 1007 2550 1.
1033 2516 1134 2551 Crat.
1162 2517 1255 2549 Vict.
1277 2518 1353 2551 1.2.
1381 2516 1497 2561 Beng.

18 2561 116 2595 Lau.
140 2561 226 2595 Est:
254 2562 384 2603 „omni
409 2562 531 2605 modo,
557 2568 746 2606 utcunque
772 2570 917 2608 potero,
945 2564 1027 2598 Ital.
1054 2576 1126 2610 per
1151 2564 1240 2611 ogni
1265 2563 1420 2597 vex-50⁸⁶:
1457 2569 1499 2596 ut

19 2610 118 2643 Libr.
144 2610 176 2644 8.
204 2609 274 2654 Ep.
300 2613 353 2644 11.
383 2611 441 2644 cui
459 2610 621 2644 omnibus
635 2611 836 2645 rationibus
859 2612 1064 2646 comitiales
1083 2612 1344 2655 eripiebantur.
1370 2610 1497 2644 Lamb.

19 2657 151 2691 Graev.
180 2656 271 2690 Ern.
297 2658 429 2692 Bened.
457 2657 544 2692 sch.
571 2659 664 2693 Liin.
693 2660 919 2705 omnibusque
944 2671 1022 2693 cnm
1048 2659 1249 2693 rationibus
1275 2658 1400 2700 (nebst
1425 2658 1496 2691 den

20 2703 204 2752 nb'thigen
231 2706 558 2754 Berechnungen).
589 2707 782 2741 ORELLI.
836 2727 876 2732 —
929 2709 1140 2750 deserentem,
1181 2707 1267 2740 dem
1303 2706 1500 2741 Dolabella

19 2753 365 2797 uberantwortend‚
392 2754 616 2788 abliefernd.
668 2776 709 2781 —
760 2754 826 2788 hoc
851 2766 994 2790 munere
1020 2781 1027 2788 .
1058 2780 1066 2787 .
1088 2755 1256 2795 inierunt,
1291 2755 1314 2788 i.
1341 2765 1372 2788 e.
1399 2755 1499 2788 sece-

21 2807 110 2835 runt
137 2812 173 2835 se
200 2801 405 2848 participes
441 2802 627 2838 scelerum
660 2803 892 2847 Dolabellae,
933 2801 1058 2838 durch
1092 2802 1192 2838 diese
1227 2803 1329 2837 Gabe
1362 2803 1403 2836 in
1438 2802 1500 2837 ein

1005 2852 1103 2899 23*
