1795 3086
200 59 287 107 164
471 60 531 102 Μ.
564 60 619 102 Τ.
650 57 992 104 CICERONIS
1022 58 1393 103 EPISTOLAE.

196 172 378 270 ῗὲτῗὺὶε,
437 174 580 214 visum
629 171 690 212 iri
729 184 755 210 a
792 184 860 212 me
899 174 1016 225 puto.
1103 171 1202 227 Ego
1249 171 1357 213 hinc
1394 173 1500 215 volo
1547 174 1660 228 prid.

245 242 268 270 a
293 261 299 269 .

360 391 675 436 EPISTOLA
705 391 1007 434 DCCXLHI.
1048 393 1125 445 <ad
1153 393 1243 435 Λα.
1272 391 1380 435 xv.
1411 391 1503 443 26.)

265 474 343 509 Ser.
370 473 411 507 in
436 472 610 518 Arpinati
636 472 696 504 VI.
720 473 818 506 Non.
845 472 1007 515 Quintil.
1034 472 1076 506 A.
1105 473 1151 507 U.
1179 472 1218 506 C.
1247 474 1327 507 71⁰.
1375 472 1423 513 (a.
1452 471 1491 505 C.
1517 471 1594 514 44)

194 545 248 577 De
272 540 387 577 variis
413 538 575 586 negotiis
602 537 816 572 domesticis
843 544 880 572 et
905 538 951 572 de
975 538 1099 572 literis
1125 549 1146 573 a
1180 540 1297 572 Bruto
1332 538 1509 584 acceptis„
1547 540 1661 574 1-5,

707 603 884 638 CICERO
909 603 1091 638 ATTICO
1118 604 1155 638 S.

301 676 371 716 De
400 672 558 725 Quinti
588 671 769 726 negotio
799 670 935 712 video
972 684 999 711 a
1036 674 1080 711 te
1110 672 1258 712 omnia
1287 672 1419 715 facta.
1478 673 1568 714 Ille
1596 675 1661 715 ta-

190 745 289 775 men
318 732 444 773 dolct
472 728 691 773 dubitans,
719 730 868 768 utrum
897 740 1066 767 morem
1086 732 1213 781 gerat
1230 727 1411 783 Leptae,
1440 742 1496 770 an
1526 729 1663 769 fidem

190 788 388 829 infirmet
417 785 531 826 filio.
588 783 800 825 Inaudivi
838 782 890 823 L.
921 782 1135 823 Pisonem
1164 783 1281 825 velle
1310 785 1438 825 exire
1467 786 1662 838 legatum

188 840 477 895 ψευδεγγράφῳ
522 844 699 881 senatus
748 839 966 880 consulto.
1052 838 1206 880 Velim
1255 840 1388 891 scire,
1436 840 1546 894 quid
1589 839 1660 880 sit.

188 897 476 942 Tabellarius
516 896 623 946 ille,
665 909 797 949 quem
839 894 923 935 tibi
968 894 1171 935 dixeram
1212 908 1236 934 a
1273 909 1343 936 me
1383 895 1439 935 ad
1475 895 1661 936 Brutum

187 969 284 997 esse
313 955 496 995 missum
525 953 569 995 in
599 950 897 1004 Anagninum,
939 950 996 990 ad
1024 964 1095 991 me
1123 950 1249 991 venit
1287 964 1340 991 ea
1367 955 1510 1002 nocte,
1549 964 1662 1005 quae

186 1012 396 1065 proxima
424 1011 525 1051 ante
555 1007 660 1048 Kal.
692 1006 795 1057 fuit,
825 1005 1067 1059 literasque
1098 1006 1153 1046 ad
1183 1019 1253 1046 me
1282 1007 1455 1047 attulit:
1484 1008 1531 1047 in
1562 1007 1660 1060 qui—

187 1069 264 1109 bus
294 1079 428 1107 unum
462 1064 657 1105 alienum
686 1074 857 1102 summa
886 1074 967 1102 sua
995 1061 1246 1115 prudentia,
1287 1062 1407 1104 idem
1443 1062 1576 1114 illud,
1613 1064 1662 1101 ut

185 1234 257 1269 que
283 1220 468 1255 Kalendas
494 1218 684 1253 Ianuarias
712 1223 963 1263 exspectaret.
1015 1218 1149 1262 Itaque
1181 1217 1406 1261 quaesierat,
1441 1230 1488 1252 an
1513 1218 1661 1253 Atticus

181 1271 406 1316 probaturus
442 1275 548 1304 esset,
587 1268 618 1300 si
652 1272 739 1300 ante
775 1266 876 1300 diem
911 1266 1186 1310 mysteriorum
1212 1272 1485 1301 reverteretur.
1523 1267 1661 1302 MON-

186 1318 368 1353 GAULT.
420 1317 470 1350 Ut
494 1316 538 1348 ab
564 1314 730 1349 Antonio
756 1319 857 1347 tutus
884 1320 991 1355 esset,
1017 1319 1081 1347 aut
1104 1312 1336 1347 redeundum
1362 1320 1443 1347 erat
1467 1321 1551 1348 ante
1576 1315 1659 1349 Kal.

183 1369 277 1408 Ian.‚
304 1376 420 1410 quum
445 1364 532 1397 novi
559 1362 745 1404 consules,
772 1368 836 1395 aut
858 1367 943 1395 ante
970 1362 1032 1396 IV.
1060 1360 1117 1395 Id.
1145 1361 1352 1404 Decembr.,
1387 1373 1460 1406 quo
1485 1362 1547 1397 die
1571 1363 1661 1398 novi

183 1414 326 1451 tribuni
353 1413 395 1446 in
420 1423 558 1445 annum
584 1416 804 1455 sequentem
830 1409 1019 1458 designati
1050 1410 1313 1456 magistratum
1346 1409 1487 1443 adituri
1523 1418 1659 1454 essent,

183 1474 273 1509 quos
299 1462 400 1495 inter
425 1460 642 1504 complures
667 1459 783 1492 fuisse
814 1458 971 1497 scimus,
1011 1456 1077 1501 qui
1111 1457 1287 1492 Ciceroni
1304 1458 1518 1502 -faverent,
1554 1465 1596 1493 ut
1622 1460 1659 1492 P.

184 1511 369 1546 Servilius
396 1509 511 1542 Casca
537 1509 573 1549 (e
599 1506 766 1541 Caesaris
792 1505 1092 1551 percussoribus)
1117 1507 1169 1546 (v.
1191 1516 1250 1550 ep.
1269 1505 1382 1547 772),
1409 1507 1446 1540 P.
1473 1506 1658 1551 Apuleius

180 1559 366 1603 (Philipp.
395 1557 462 1595 VI,
492 1557 520 1590 l.
548 1555 645 1598 XIV,
673 1556 735 1597 6.),
771 1556 818 1588 M.
848 1553 1033 1589 Servilius
1067 1553 1250 1598 (Philipp.
1278 1553 1341 1595 IV,
1368 1553 1432 1594 6.).
1470 1553 1579 1588 SCH.
1613 1573 1655 1579 -

180 1609 296 1641 visum
320 1632 329 1640 .
359 1631 366 1638 .
396 1631 403 1639 .
430 1605 483 1638 iri
513 1614 632 1648 posse.
661 1621 704 1627 ——
729 1600 810 1635 hinc
834 1603 917 1636 volo
941 1602 1039 1646 prid.
1066 1601 1152 1636 Kal.
1179 1601 1336 1644 Quintil.
1362 1612 1421 1634 am
1445 1602 1502 1638 30.
1529 1602 1657 1637 Iulius.

181 1658 329 1700 Nempe
354 1654 393 1686 in
420 1653 555 1687 villam
581 1651 815 1696 Arpinatem.
863 1650 919 1684 Cf.
947 1662 1004 1696 ep.
1034 1650 1115 1685 743.

280 1724 308 1756 1.
341 1722 385 1754 de
414 1722 452 1755 Q.
477 1717 640 1760 negotio.
684 1715 844 1751 Videtur
868 1727 975 1750 causa
1000 1714 1217 1762 pecuniaria
1242 1715 1372 1760 fuisse,
1405 1723 1490 1751 nata
1515 1729 1536 1751 a
1560 1718 1654 1753 filio.

183 1770 294 1806 ERN.
347 1769 384 1802 S.
412 1779 470 1812 ep.
498 1768 580 1808 733,
607 1768 639 1800 1.
666 1766 749 1806 732,
773 1766 808 1799 4.
834 1784 879 1790 -
921 1763 1024 1804 filio.
1076 1763 1229 1798 Sensus:
1256 1769 1384 1798 utrum
1409 1766 1550 1810 Leptae
1576 1778 1655 1800 mo-

180 1831 262 1854 rem
288 1824 394 1865 gerat
421 1823 458 1852 et
482 1826 551 1860 pro
578 1813 662 1860 filio
687 1813 807 1847 solvat
830 1812 1044 1858 pecuniam,
1083 1822 1195 1856 quam
1221 1811 1291 1846 ille
1317 1812 1482 1855 debebat,
1509 1825 1555 1847 an
1582 1825 1656 1848 nor.

179 1866 360 1902 solvendo
393 1864 519 1905 saciat,
556 1862 670 1896 fidem
709 1860 744 1895 ei
781 1866 824 1894 ut
853 1872 965 1895 nemo
1001 1860 1181 1906 posthaec
1218 1859 1352 1895 habeat·
1387 1867 1425 1895 et
1450 1863 1653 1907 pecuniam

180 1914 321 1950 credat.
363 1913 470 1954 (oder
505 1911 549 1945 ob
585 1922 626 1944 er
657 1909 728 1943 ihn
760 1908 943 1943 creditlos
985 1908 1144 1942 machen
1177 1908 1303 1950 solle).
1353 1909 1450 1943 Nam
1485 1921 1570 1944 eum
1594 1922 1656 1944 aes

178 1965 346 1998 alienum
372 1960 602 1994 contraxisse
629 1962 784 1992 constat.
812 1956 928 1992 ERN.
978 1956 1042 1990 Sic
1060 1956 1132 1990 Md.
1152 1953 1265 1990 Oxou.
1289 1957 1361 1992 l.2.
1389 1957 1487 1992 Iens.
1513 1958 1656 1993 victl.

179 2013 273 2046 Ern.
309 2008 400 2056 fich.
436 2008 532 2042 Liin.
581 2006 678 2041 Silio
710 2005 794 2038 Asc.
823 2008 854 2039 1.
898 2005 998 2042 Crat.
1035 2004 1163 2038 Lamb.
1196 2004 1292 2038 Vict.
1329 2006 1365 2041 2.
1399 2006 1479 2040 Bos.
1516 2006 1653 2040 Graev.

179 2060 253 2094 ΟΒ.
306 2058 408 2092 Uber
434 2056 552 2100 Lepta
577 2067 605 2089 s.
633 2066 681 2087 zu
706 2065 764 2098 ep.
790 2054 860 2089 520
886 2053 940 2086 im
963 2053 1052 2087 Anf.
1079 2054 1168 2096 631;
1205 2052 1300 2086 iiber
1325 2052 1442 2086 Silius
1468 2055 1546 2088 734.
1573 2056 1652 2089 735.

177 2127 221 2133 -
256 2105 299 2141 L.
334 2104 504 2138 Pisonem
537 2101 786 2137 Caesoninum
819 2102 1014 2135 consulem
1055 2111 1141 2134 cum
1175 2100 1336 2135 Gabinio
1371 2112 1466 2134 anno
1503 2102 1572 2137 696
1607 2102 1655 2135 ad

177 2154 317 2190 Famil.
350 2152 446 2195 XII,
479 2152 513 2185 4.
548 2153 608 2186 22.
660 2169 702 2175 —
753 2144 1120 2195 ψευδεγγράφῳ,
1170 2148 1334 2192 legatum
1375 2149 1466 2182 falso
1506 2156 1654 2183 senatus

177 2202 362 2243 consulto,
396 2199 523 2244 qualia
555 2199 676 2232 multa
709 2204 799 2232 tunc
834 2197 1016 2230 Antonius
1053 2197 1252 2230 referebat.
1303 2195 1384 2228 Vid.
1424 2208 1481 2241 ep.
1509 2199 1591 2241 712,
1621 2201 1651 2232 l.

178 2248 401 2286 CORRAD.
446 2249 606 2292 Nempe,
631 2253 673 2280 ut
698 2252 800 2280 recte
825 2245 981 2279 coniicit
1007 2244 1244 2289 Mongaltius‚
1271 2244 1423 2277 videtur
1437 2245 1521 2279 Piso
1547 2245 1653 2292 leg-a-

178 2300 321 2334 tionem
347 2297 507 2330 liberam
533 2296 757 2340 impetrasse
782 2293 880 2326 falso
915 2299 1062 2327 senatus
1090 2292 1272 2327 consulto.
1307 2292 1416 2326 SCH.
1451 2311 1498 2317 -
1547 2294 1653 2327 Αηα-

175 2348 340 2391 gninum,
366 2345 429 2379 ein
446 2343 622 2391 Landgut
647 2343 706 2376 bei
730 2341 913 2390 Anagnia,
940 2341 1031 2375 ietzt
1051 2340 1208 2386 Anagni,
1235 2341 1274 2373 in
1299 2340 1461 2374 Latium.
1481 2359 1519 2365 —
1545 2352 1653 2385 prox.

177 2401 261 2431 ante
286 2394 389 2436 Kal„
416 2393 494 2426 also
521 2392 561 2424 in
588 2391 655 2424 der
680 2390 825 2425 letzten
851 2388 978 2423 Nacht
1003 2389 1065 2423 des
1091 2389 1251 2443 vorigen
1272 2388 1456 2423 Monaths.
1485 2408 1526 2414 —
1555 2394 1652 2422 attu-

177 2445 224 2478 lit
250 2455 270 2477 a
295 2444 425 2484 Bruto.
479 2458 521 2465 -—-
574 2439 733 2472 alienum
764 2448 891 2471 summ.
929 2448 957 2470 s.
990 2438 1109 2481 prud„
1145 2449 1206 2471 ein
1242 2438 1373 2478 punct,
1408 2437 1491 2470 eine
1516 2435 1650 2479 stelle,

177 2492 303 2527 worin
336 2490 405 2524 ihn
442 2488 521 2522 sein
556 2487 748 2535 sonstiger
783 2496 939 2533 grosser
969 2485 1156 2520 Verstand
1191 2484 1342 2519 scheint
1377 2485 1571 2519 verlassen
1605 2496 1653 2517 zu

178 2540 313 2574 haben.
352 2556 395 2561 -—
443 2537 538 2570 idem
562 2536 663 2569 illud.
691 2534 754 2568 Sic
780 2534 853 2568 Md.
875 2534 960 2575 (Cd.
986 2534 1027 2567 in
1052 2546 1101 2567 m.
1128 2534 1247 2575 1584.)
1272 2533 1366 2567 Vict.
1393 2534 1426 2567 2.
1450 2534 1534 2567 Bos.
1558 2531 1650 2565 Sen-

178 2587 296 2622 tentia
322 2585 485 2631 optima:
524 2584 647 2625 „idem
681 2583 787 2625 illud,
823 2582 919 2627 quod
955 2588 1031 2617 tam
1067 2592 1176 2626 saepe
1211 2593 1252 2614 ac
1284 2592 1402 2627 paene
1434 2580 1651 2625 importune

176 2635 357 2681 petivit.“
385 2645 458 2668 orn.
485 2631 580 2666 haec
606 2631 738 2673 (Oxon.
764 2632 816 2673 2.)
851 2632 989 2665 Manut.
1026 2630 1153 2664 Lamb.
1191 2628 1281 2663 Sch.
1314 2630 1408 2666 Liin.
1444 2628 1517 2662 ΟΒ.
1566 2628 1650 2661 Vid.

177 2682 368 2717 Plutarch.
397 2682 437 2715 in
463 2681 541 2715 vita
567 2679 693 2714 Bruti:
721 2676 855 2725 ἔγραφε
881 2678 942 2713 καὶ
966 2676 1141 2725 Κικέρωνι
1165 2673 1308 2717 πάντως
1331 2676 1547 2722 παρατυχεῖν
1571 2676 1650 2715 ταῖς

175 2730 304 2772 θέαιςε
340 2731 407 2766 der
434 2729 545 2764 sollte
572 2727 634 2762 die
660 2726 789 2774 Spiele
823 2727 899 2762 und
925 2726 993 2762 ihn
1018 2726 1257 2773 auspreisen3
1291 2725 1352 2759 die
1378 2725 1649 2770 Gesinnungen
