1795 3086
221 76 313 123 298
509 77 572 120 Μ.
603 77 659 118 Τ.
691 73 1031 118 CICERONIS
1062 75 1433 119 EPISTOLAE.

416 188 729 230 EPISTOLA
762 187 1044 230 DCCCXII.
1103 188 1181 239 (ad
1212 188 1317 229 Div.
1346 188 1431 230 XI.
1460 188 1520 238 9.)

267 266 344 298 scr.
374 265 438 298 ¹11.
466 264 544 296 Kal.
575 263 667 298 Mai.
695 263 733 295 in
763 264 892 296 castris
917 263 1055 309 Rhegii
1081 264 1124 301 Α.
1152 265 1195 298 U.
1223 265 1265 298 c.
1296 265 1374 298 711.
1425 265 1473 307 (a,
1502 265 1545 299 c,
1571 264 1649 305 43.)

219 334 366 379 Rogat,
392 340 432 365 ut
458 332 684 377 prospiciat,
718 342 764 362 ne
791 331 1004 364 consulibus
1031 331 1173 364 ann'ssis
1202 331 1326 363 hostes
1353 331 1407 364 rei
1431 332 1606 377 publicae
1636 332 1694 366 in-

401 381 607 422 valescant,
635 387 689 418 et,
717 379 804 424 quid
831 381 1014 423 agendum
1042 380 1234 419 videatur,
1261 386 1401 413 monet.
1429 381 1519 415 l·2.

573 455 619 487 D.
646 453 834 488 BRUTUS
861 453 895 490 S.
924 454 968 486 D.
996 455 1049 488 M.
1080 454 1331 488 CICERONI.

329 525 475 566 Pansa
515 523 675 563 amisso
715 523 925 574 quantum
966 521 1222 562 detrimenti
1260 536 1330 563 res
1367 522 1544 577 publica
1571 535 1694 564 acce-

220 581 359 636 perit,
404 594 487 621 non
531 584 576 619 te
615 577 840 632 praeterit.
910 576 1039 617 Nunc
1080 579 1340 619 auctoritate
1377 584 1423 620 et
1461 579 1694 632 prudentia

218 642 293 677 tua
324 636 566 692 prospicias
596 637 785 688 oportet,
816 645 869 671 ne
894 633 1062 673 inimici
1081 635 1234 686 nostri,
1266 635 1516 676 consulibus
1547 635 1691 675 subla-

216 694 294 744 tis,
336 697 512 748 sperent
551 704 597 730 se
638 689 948 730 convalescere
989 702 1133 742 posse.
1198 691 1318 744 Ego,
1359 705 1414 732 ne
1452 691 1692 732 consistere

215 750 358 803 possit
386 751 430 789 in
462 747 594 787 Italia
624 745 863 795 Antonius,
894 744 1008 785 dabo
1040 758 1233 798 operam.
1295 746 1462 800 Sequar
1477 761 1576 787 eum
1592 760 1693 787 con-

215 805 376 845 festim.
451 804 696 856 Utrumque
727 815 795 840 me
827 804 1151 853 praestaturum
1183 814 1334 855 Spero,
1374 816 1427 843 ne
1468 807 1543 843 aut
1571 802 1692 843 Ven-

213 861 350 902 tidius
382 861 579 901 elabatur
609 863 685 898 aut
714 857 929 897 Antonius
960 857 1004 896 in
1034 856 1168 897 ltalia
1197 862 1408 900 moretur.
1466 858 1518 898 In
1538 858 1691 912 primis

214 931 323 970 rogo
362 922 431 967 te,
469 916 526 956 ad
565 914 784 954 hominem
821 913 1205 965 ventosissinmu,
1244 913 1487 967 Lepidum,
1524 915 1691 965 mittas,

211 987 265 1013 ne
305 973 464 1012 bellum
503 971 629 1010 nobis
673 969 975 1020 redintegrare
1013 970 1176 1021 possit,
1225 969 1418 1010 Antonio
1459 970 1543 1010 sibi
1587 983 1690 1010 con-

212 1030 373 1069 iuncto.
433 1027 547 1068 Nam
577 1026 632 1065 de
664 1025 872 1065 Pollione
890 1024 1046 1063 Asinio
1079 1030 1182 1076 puto
1210 1030 1253 1065 te
1283 1027 1555 1079 perspicere,
1584 1025 1691 1080 quid

215 1084 413 1124 facturus
452 1084 525 1123 sit.
596 1081 767 1120 Multae
810 1085 853 1119 et
893 1080 1032 1118 bonae
1073 1084 1115 1119 et
1155 1080 1310 1122 firmae
1349 1085 1450 1122 sunt
1494 1082 1690 1135 legiones

213 1140 375 1193 Lepidi
407 1144 450 1178 et
479 1137 638 1178 Asinii.
708 1134 865 1188 Neque
902 1133 1014 1174 haec
1044 1134 1212 1175 idcirco
1241 1137 1324 1176 tibi
1353 1137 1522 1186 scribo,
1570 1137 1690 1191 quod

212 1203 256 1237 te
288 1210 375 1235 non
407 1194 560 1234 cadem
590 1191 946 1233 animadvertere
976 1190 1134 1242 sciam,
1178 1192 1256 1232 sed
1294 1192 1411 1246 quod
1449 1192 1563 1232 mihi
1591 1206 1690 1246 per-

211 1251 514 1293 suasissimum
561 1254 629 1290 est
673 1246 893 1300 Lepidum
935 1251 1057 1286 recte
1097 1246 1319 1288 sucturum
1362 1261 1603 1302 nunquam,
1650 1248 1691 1288 si

213 1309 331 1349 forte
364 1307 490 1349 vobis
521 1305 569 1345 id
599 1305 654 1344 (le
685 1303 772 1342 hoc
803 1303 983 1342 dubium
1015 1306 1094 1342 est.
1154 1303 1370 1344 Plancum
1388 1318 1557 1359 quoque
1588 1317 1690 1344 con-

210 1365 400 1405 firmetis
441 1375 545 1402 oro:
587 1373 716 1415 quem
756 1371 908 1412 spem,
954 1359 1082 1412 pulso
1119 1359 1337 1412 Antonio,
1379 1360 1445 1400 rei
1484 1361 1688 1414 publicae

209 1436 299 1462 non
329 1418 598 1459 defuturum.
666 1415 714 1455 Si
742 1428 790 1454 se
818 1414 954 1468 Alpes
982 1415 1199 1455 Antonius
1230 1416 1481 1467 traiecerit,
1525 1419 1689 1457 consti-

210 1478 276 1519 tui
306 1473 578 1530 praesidium
607 1472 653 1513 in
681 1471 865 1523 Alpibus
907 1470 1126 1511 collocare
1166 1474 1210 1510 et
1237 1475 1281 1510 te
1312 1471 1367 1512 de
1397 1472 1517 1512 omni
1545 1485 1594 1512 re
1623 1471 1687 1513 fa-

209 1547 309 1574 cere
342 1531 589 1571 certiorem.
647 1541 710 1567 111.
743 1526 846 1567 Kal.
878 1523 1050 1577 Maias,
1081 1540 1137 1567 ex
1168 1526 1350 1580 castris,
1380 1526 1531 1581 Regii.

348 1687 395 1720 D.
424 1685 640 1720 BRUTUS.
669 1683 707 1718 S.
736 1697 782 1718 zu
810 1695 868 1728 ep.
892 1683 961 1717 686
987 1682 1038 1715 im
1063 1681 1148 1715 Ans.
1175 1693 1209 1717 u.
1237 1684 1317 1718 791.

305 1740 337 1771 l.
366 1736 486 1770 Pansa
512 1734 670 1776 amisso,
699 1733 816 1766 durch
844 1732 913 1764 den
943 1731 1087 1764 verlust
1115 1731 1149 1764 d.
1176 1731 1198 1764 i.
1226 1732 1308 1764 'rod
1337 1732 1400 1765 des
1423 1733 1558 1776 Pansa3
1583 1735 1687 1766 nh'm-

206 1786 284 1820 lich
309 1786 346 1818 in
375 1785 441 1817 der
468 1781 647 1816 Schlacht
674 1783 731 1814 bei
759 1781 918 1815 Mutina.
948 1780 983 1812 S.
1009 1778 1162 1812 Ramsh.
1196 1782 1224 1823 ᾗ.
1253 1782 1332 1821 171,
1361 1780 1432 1822 111,
1459 1782 1491 1816 2.
1517 1800 1563 1805 —
1597 1793 1686 1824 pro-

203 1835 291 1877 spz'c.
321 1836 486 1877 oportet,
514 1832 576 1864 Du
601 1837 720 1863 musst
746 1830 859 1862 dasiir
884 1839 1027 1872 sorgcn.
1054 1847 1098 1853 —
1123 1828 1256 1860 consul.
1282 1829 1455 1868 sublatis,
1481 1828 1598 1869 „weil
1615 1841 1686 1862 uns

205 1883 266 1915 die
294 1881 452 1915 Consuln
479 1879 660 1912 entrissen
688 1878 813 1912 sind.“
862 1877 948 1910 Also
982 1888 1061 1909 war
1101 1876 1197 1908 auch
1233 1877 1374 1909 Hirtius
1400 1877 1538 1910 bereits
1563 1877 1684 1921 gesal-

204 1932 277 1964 len.
307 1951 347 1955 —-
383 1941 421 1962 se
457 1928 598 1961 (σπι-αἱ.
633 1938 691 1970 p.‚
733 1926 873 1959 wieder
909 1925 1104 1958 erstarken
1138 1936 1180 1956 zu
1215 1925 1372 1958 konnen.
1405 1936 1510 1968 posse
1542 1926 1682 1958 conval.

204 1980 334 2013 Lflml).
362 1979 542 2010 vitaturus
569 1976 771 2008 clausulam
807 1973 1026 2009 hexametri.
1063 1973 1258 2006 ORELLI.
1296 1991 1335 1998 --
1370 1975 1590 2014 consistere,
1625 1973 1681 2006 fe-

204 2035 285 2061 sten
314 2028 403 2060 Fuss
430 2025 567 2059 wieder
593 2025 728 2057 fassen.
756 2042 799 2047 -
827 2023 985 2065 Sequar,
1012 2022 1074 2054 ich
1102 2022 1224 2053 werde
1246 2020 1481 2058 nachsetzen.
1510 2041 1553 2046 --
1584 2021 1681 2056 Ven-

204 2077 336 2114 tidius,
372 2076 433 2120 qui
460 2085 501 2106 ex
528 2073 665 2106 Piceno
690 2079 766 2104 tres
798 2071 967 2115 legiones
992 2070 1037 2102 ad
1068 2070 1268 2102 Antonium
1304 2069 1473 2102 ducebat.
1524 2069 1682 2113 Elapsus

203 2132 328 2157 tamen
351 2131 404 2156 est
420 2123 552 2155 itinere
572 2122 675 2154 facto
697 2120 939 2153 difficillimo.
969 2119 1050 2151 vid.
1074 2130 1130 2161 ep.
1155 2119 1234 2156 814,
1249 2119 1282 2152 3.
1297 2119 1374 2152 805.
1397 2119 1477 2153 821.
1498 2118 1578 2151 824.
1597 2118 1678 2151 826.

202 2166 306 2207 Uber
333 2172 434 2206 Pnbl.
463 2170 653 2203 ventidius
680 2171 829 2210 Bassus,
857 2166 997 2208 Mulio,
1025 2179 1049 2200 s.
1079 2167 1241 2210 Philipp.
1271 2165 1353 2204 XII,
1381 2166 1413 2200 9.
1442 2165 1546 2205 xm,
1574 2167 1605 2200 2.
1634 2165 1679 2197 ad

201 2221 332 2254 Famil.
369 2222 412 2259 X,
450 2221 500 2253 18.
539 2219 596 2253 24.
632 2219 687 2252 33.
719 2217 784 2257 XI,
816 2218 867 2251 ts.
894 2215 985 2248 plin.
1014 2217 1057 2247 H.
1085 2215 1130 2248 N.
1161 2213 1246 2253 VH,
1274 2216 1328 2248 112.
1357 2213 1512 2248 Gellius.
1540 2214 1620 2254 XV,
1647 2215 1679 2247 4.

202 2271 288 2303 Dio.
319 2268 491 2302 XLVIII.
519 2267 645 2300 XLIX.
672 2285 714 2290 -
749 2265 953 2302 coniuncto,
989 2262 1179 2302 dadurch,
1213 2262 1293 2294 dass
1329 2274 1367 2294 er
1404 2261 1481 2294 sich
1509 2261 1573 2294 mit
1603 2263 1677 2293 An—

201 2320 326 2351 tonius
353 2315 563 2350 verbanden
599 2325 675 2346 was
710 2326 751 2346 er
784 2311 958 2349 wirlzlich
991 2312 1084 2344 that.
1120 2330 1160 2334 ——
1198 2310 1364 2344 Pollione
1397 2310 1539 2343 Asinio.
1573 2310 1610 2343 S.
1636 2321 1681 2341 zu

203 2379 261 2412 ep.
289 2368 357 2401 799
384 2365 436 2397 im
463 2364 547 2398 Ans.
576 2381 617 2386 —-
641 2362 867 2406 perspicere,
898 2363 994 2393 Crat.
1022 2361 1243 2403 prospicere.

299 2416 333 2449 2.
363 2412 657 2445 animadvertere,
685 2410 746 2442 Sic
766 2409 844 2442 Md.
862 2410 980 2452 Neap.
1009 2407 1091 2439 Asc.
1121 2411 1150 2441 l.
1179 2408 1275 2440 Crat.
1306 2406 1402 2439 vict.
1432 2409 1459 2440 1.
1488 2407 1520 2440 2.
1547 2406 1677 2439 Lamb.

202 2462 342 2497 Bened.
380 2461 568 2493 advertere
599 2458 733 2494 Graev.
772 2459 861 2493 Ern.
899 2456 983 2489 sch.
1015 2457 1109 2489 L't'm.
1139 2455 1337 2488 ORELLI.
1367 2473 1404 2478 —
1448 2456 1677 2496 rectesact„

203 2509 357 2544 ehrlich
386 2508 547 2541 handeln
575 2506 715 2539 werde.
744 2525 786 2530 —
814 2505 914 2538 vobis
938 2504 987 2537 id.
1017 2504 1090 2538 del.
1115 2504 1153 2536 id
1177 2515 1261 2535 cum
1289 2503 1418 2547 paucis
1446 2502 1560 2534 Codd.
1587 2503 1675 2534 Ern.

202 2560 290 2593 sch.
319 2559 433 2595 Lim„
467 2556 581 2600 „quia
608 2554 742 2586 durum
770 2556 878 2593 est;“
912 2552 973 2585 sed
1000 2552 1038 2584 in
1067 2554 1108 2586 D.
1136 2552 1261 2591 Bruti,
1298 2564 1371 2584 non
1400 2551 1438 2582 in
1466 2550 1580 2583 Tullii
1608 2549 1675 2591 Ep.

203 2616 414 2640 versamur:
454 2604 490 2636 id
517 2602 615 2648 quod
640 2602 749 2635 nimis
775 2614 884 2646 saepe
911 2600 1019 2633 obliti
1045 2607 1130 2633 sunt
1166 2599 1309 2632 Critici.
1337 2597 1534 2632 ORELLI.
1568 2597 1677 2637 „falls

203 2655 287 2696 ihr,
324 2665 395 2685 was
432 2653 556 2685 diesen
590 2650 756 2690 betrifft,
792 2651 956 2682 darnber
990 2650 1090 2682 noch
1122 2648 1161 2680 in
1204 2648 1361 2680 Zweisel
1389 2646 1515 2679 §tehen
1543 2645 1676 2676 solltet.

202 2722 248 2728 ——
275 2701 462 2741 confirm„
499 2701 538 2734 iu
564 2699 684 2732 seiner
710 2697 932 2740 Gesinnung
958 2709 1003 2730 zu
1036 2697 1200 2730 stin-ken.
1239 2713 1284 2720 »-
1320 2695 1393 2728 ΙΙΙ.
1419 2694 1509 2729 Kal,
1537 2692 1676 2732 Illaias,
1715 2692 1730 2706 ⁰

202 2764 261 2785 am
288 2752 344 2787 29.
370 2750 485 2794 April,
512 2766 554 2773 —=-
588 2747 720 2790 Regii,
752 2746 846 2780 ietzt
869 2739 1011 2792 Reggio
1037 2744 1225 2780 zwisclicn
1251 2744 1382 2778 Parma
1405 2742 1481 2776 und
1505 2740 1677 2777 Modena.

1748 3048 1775 3086 pe*-
