1795 3086
197 78 292 126 362
486 80 549 125 Μ.
579 81 635 125 Τ.
667 79 1010 127 CICERONIS
1038 81 1411 128 EPISTOLAE.

344 239 661 284 EPISTOLA
690 240 1006 285 DCCCXLV.
1066 243 1142 293 (ad
1172 244 1280 285 Div.
1311 232 1399 285 Χῖ.
1432 245 1521 294 26.)

315 316 395 349 Ser.
423 315 492 351 111.
520 315 620 350 Non.
645 315 726 350 Iun.
754 326 800 350 ex
826 317 958 351 castris
1009 320 1052 352 A.
1080 318 1125 352 U.
1151 317 1191 352 C.
1219 320 1298 353 711.
1341 319 1386 360 (a.
1414 318 1454 352 C.
1481 319 1557 360 43.)

243 387 442 423 Sollicitus
464 387 511 422 ob
531 387 687 422 Antonii
713 400 799 422 cum
824 388 969 435 Lepido
995 390 1297 426 coniunctionem
1324 390 1493 437 legiones
1519 403 1630 436 quaxn

476 435 645 482 primum
672 436 741 470 sibi
766 442 803 470 et
827 437 1057 483 stipendium
1083 439 1186 474 mitti
1212 439 1393 486 postulat·

565 522 612 558 D.
637 521 831 557 BRUTUS
858 522 894 557 S.
920 524 967 561 D.
993 525 1044 561 M.
1072 524 1320 558 CICERONI.

306 594 394 646 [In]
425 594 623 636 maximo
653 608 751 637 meo
781 594 940 638 dolore
979 595 1070 637 hoc
1109 597 1275 638 solatio
1304 599 1422 647 utor,
1459 595 1577 651 quod
1606 595 1673 636 in-

192 650 402 705 telligunt
431 650 633 693 homines
662 664 750 692 non
779 652 878 693 sine
907 665 1041 694 causa
1067 656 1138 692 me
1167 652 1370 694 timuisse
1407 653 1509 704 ista,
1560 664 1673 707 quae

191 707 468 748 acciderunt.
553 706 837 753 Deliberent,
886 711 1035 749 utrum
1088 708 1319 749 traiiciant
1365 707 1564 762 legiones
1615 721 1674 749 ex

190 763 354 804 Africa
382 776 522 804 necne
551 765 596 803 et
625 776 685 804 ex
715 762 939 817 Sardinia,
969 767 1014 805 et
1041 761 1228 805 Brutum
1257 768 1485 805 arcessant
1512 777 1674 804 necne:

190 821 237 860 et
264 817 382 860 mihi
410 818 681 875 stipendium
722 819 831 861 dent
859 833 917 860 an
954 819 1207 861 decernant.
1265 818 1338 859 Ad
1376 822 1581 859 senatum
1619 818 1673 858 li-

189 879 310 916 teras
339 874 457 917 misi.
517 874 664 917 Crede
691 874 820 926 mihi,
849 875 939 917 nisi
977 876 1065 917 ista
1093 875 1241 917 omnia
1268 874 1335 916 ita
1358 873 1489 928 fiunt,
1520 886 1673 929 quem-

188 931 430 972 admodum
478 931 644 976 scribo,
691 945 897 986 magnum
938 944 1019 973 nos
1064 945 1216 974 omnes
1256 929 1459 972 adituros
1497 929 1672 984 pericu-

188 987 293 1028 lum.
350 986 483 1041 Rogo
511 990 572 1038 te,
600 984 768 1032 videte,
805 987 964 1042 quibus
1003 986 1256 1029 hominibus
1285 985 1512 1041 negotium
1541 985 1673 1036 detis7

186 1042 267 1097 qui
295 1042 352 1084 ad
382 1057 453 1083 me
482 1042 682 1096 legiones
712 1041 948 1083 adducant.
1006 1043 1068 1086 Et
1096 1042 1189 1085 fide
1218 1056 1327 1098 opus
1358 1045 1427 1084 est
1470 1044 1516 1083 et
1555 1041 1672 1083 cele-

187 1097 337 1141 ritate.
395 1111 460 1140 111.
490 1097 605 1140 Non.
635 1097 735 1139 Iun.
766 1111 826 1140 ex
855 1097 1034 1140 castris.

283 1304 313 1338 1.
363 1301 438 1346 [In]
472 1313 544 1337 om.
578 1301 617 1336 in
641 1302 715 1338 Md.
750 1302 870 1348 Neap.
904 1304 992 1339 Asc.
1029 1306 1061 1339 1.
1105 1303 1203 1338 vict.
1241 1305 1271 1338 1.
1298 1304 1335 1341 2.
1373 1303 1419 1337 In
1442 1313 1541 1336 max.
1568 1302 1670 1336 Crat.

185 1351 313 1385 Lamb.
341 1351 479 1387 Graev.
506 1351 599 1388 Ern.
625 1350 764 1386 Bened.
789 1351 878 1388 Sch.
905 1353 1003 1389 Liin.
1031 1352 1230 1391 ORELLI.
1259 1370 1302 1375 —
1330 1361 1421 1396 quae
1436 1351 1551 1385 accid.
1577 1350 1669 1385 Scil.

184 1399 324 1433 accidit
349 1399 567 1433 coniunctio
593 1399 731 1445 Lepidi
764 1411 850 1434 cum
883 1402 931 1435 Μ.
960 1400 1132 1442 Antonio,
1164 1399 1228 1434 IV.
1260 1399 1343 1433 Kal.
1375 1399 1478 1442 Iun„
1514 1410 1575 1431 am
1613 1400 1670 1433 29.

184 1447 273 1481 Mai.
301 1466 344 1473 —
370 1448 585 1482 Deliberent
609 1454 811 1482 senatores.
855 1466 899 1474 -
950 1452 1070 1483 utrum
1096 1447 1302 1488 traistiant,
1330 1447 1377 1481 ob
1404 1447 1458 1481 sie
1482 1446 1670 1481 wirklich

183 1495 320 1529 herbei
346 1495 484 1530 ziehen
508 1495 664 1530 wollen.
697 1514 745 1521 —
777 1501 982 1539 arcessant,
1008 1498 1058 1533 M.
1084 1497 1242 1530 Brutum
1268 1501 1449 1529 revocent
1475 1505 1522 1528 ex
1547 1496 1671 1529 Mace-

184 1543 308 1578 donia.
352 1545 440 1579 Post
465 1556 501 1578 v.
528 1554 574 1577 esc
597 1543 778 1578 Sardinia
795 1543 968 1590 defectus
995 1545 1104 1591 signa
1128 1543 1252 1589 posuit
1277 1542 1366 1577 Sch.
1392 1542 1529 1585 (Lim).
1565 1546 1600 1575 et
1625 1553 1669 1575 esc

182 1593 410 1625 Macedonia
421 1592 590 1630 Brutum,
614 1590 772 1625 Strothit
797 1592 961 1627 coniect.
993 1592 1076 1626 Duo
1102 1596 1137 1625 et
1163 1590 1242 1625 del.
1267 1590 1396 1625 Lamb.
1424 1601 1502 1624 arc.
1529 1604 1579 1622 z
1605 1600 1667 1622 ac-

182 1644 328 1673 cersant
354 1640 431 1677 Md.
460 1639 560 1674 Crat.
587 1639 685 1673 Vict.
712 1641 744 1674 1.
771 1641 806 1676 2.
829 1658 878 1665 —
902 1651 950 1674 an
974 1640 1181 1680 decernant,
1207 1638 1300 1673 oder
1324 1639 1371 1674 ob
1398 1638 1453 1673 sie
1479 1638 1552 1673 den
1577 1637 1667 1672 Sold

182 1699 258 1721 nur
283 1688 541 1722 beschliessen
567 1687 725 1722 wollen-
775 1688 881 1723 Inest
904 1688 946 1722 in
970 1687 1031 1722 his
1064 1687 1302 1722 acerbissima
1337 1685 1518 1734 εἰρωνεῖαι
1544 1685 1669 1729 „deli-

183 1736 331 1780 berent‚
376 1743 506 1771 utrum
546 1735 778 1782 stipendium
815 1736 919 1779 dent,
960 1748 1008 1769 an
1040 1736 1243 1770 decernant
1275 1735 1470 1769 dumtaxat
1506 1734 1668 1769 necdum

181 1785 310 1818 dent.“
360 1784 425 1818 Sic
451 1783 524 1818 Md.
544 1785 676 1832 Margo
703 1783 803 1818 Crat.
827 1783 925 1821 Vict.
954 1787 987 1819 1.
1021 1785 1142 1831 Beng.
1169 1784 1349 1828 Plerique
1375 1790 1514 1825 tamen,
1546 1783 1666 1827 Neap.

181 1833 264 1867 Asc.
293 1835 326 1867 1.
354 1832 451 1867 Crat.
478 1832 575 1866 vict.
590 1833 623 1868 2.
650 1832 779 1866 Lamb.
806 1832 945 1868 Graev.
971 1832 1068 1871 Ern.
1094 1832 1231 1867 Bened.
1257 1831 1344 1866 Sch.
1371 1832 1486 1865 hiim:
1514 1840 1562 1864 an
1586 1841 1667 1871 non,

179 1882 385 1916 decernant.
422 1879 619 1915 ORELLI.
669 1881 757 1915 Non
783 1887 931 1915 constat
959 1880 1131 1926 legiones
1160 1881 1199 1913 in
1215 1879 1389 1914 Sardinia
1413 1879 1546 1919 fuisse,
1571 1889 1665 1922 quae

180 1929 310 1963 traiici
336 1929 554 1975 potuerint3
578 1929 618 1961 in
645 1939 704 1974 ep.
729 1930 810 1964 837.
835 1929 936 1962 nihil
961 1929 1007 1962 de
1035 1929 1231 1973 Sardinia3
1255 1927 1294 1961 id
1319 1927 1419 1973 quod
1444 1928 1546 1961 favet
1558 1925 1665 1960 Stro-

180 1977 257 2010 thii
282 1978 533 2011 coniecturae.
580 1977 698 2011 Recte
722 1983 848 2011 tamen
881 1977 926 2011 G.
953 1977 1022 2013 Fr.
1050 1977 1200 2014 Grotef.
1228 1988 1273 2010 ex
1299 1987 1359 2022 ep.
1387 1977 1457 2011 837
1483 1986 1597 2019 susp-2
1632 1978 1666 2006 et

180 2027 374 2060 Caesarem
399 2026 581 2059 retineant
604 2036 675 2070 pro
701 2029 737 2058 et
762 2036 807 2058 ea:
830 2025 1014 2060 Sardinia.
1052 2025 1133 2060 Cfr.
1161 2026 1243 2065 848,
1268 2026 1301 2060 6.
1336 2042 1383 2049 —-·
1423 2023 1485 2057 Ad
1508 2034 1583 2057 sen.
1610 2022 1666 2055 lie.

180 2073 278 2114 misi,
304 2073 370 2107 ich
394 2073 492 2107 habe
517 2085 565 2107 an
596 2073 670 2107 den
696 2072 809 2108 senat
842 2073 1003 2107 daruber
1039 2073 1311 2121 geschriebem
1352 2072 1431 2105 und
1463 2070 1561 2104 doch
1597 2081 1663 2117 ge-

180 2121 332 2156 sebieht
357 2121 502 2155 Nichts.
553 2122 655 2155 Haec
681 2122 795 2155 verba
820 2121 908 2155 sch.
936 2121 1166 2167 transposuit
1204 2126 1289 2165 post
1322 2131 1416 2165 qaae
1441 2119 1664 2153 acciderunt.

182 2188 224 2194 „-
245 2169 344 2209 fiant
370 2181 416 2204 ex
440 2169 543 2204 Edit.
570 2170 677 2203 Rom.
704 2170 801 2207 Ern,
827 2169 917 2203 sch.
943 2170 1042 2206 Liin.
1070 2167 1269 2207 ORELLI.
1305 2186 1348 2193 —
1390 2178 1451 2212 quc
1476 2181 1524 2198 z
1550 2172 1591 2200 ut
1619 2192 1627 2200 .
1654 2190 1660 2197 ι

180 2218 370 2252 adducant.
398 2237 440 2243 -
465 2218 545 2252 III.
573 2218 670 2254 Non.
695 2218 777 2256 Iun.
803 2229 863 2251 am
889 2219 927 2255 3.
954 2218 1099 2255 Iunius.
