1795 3086
235 85 546 131 EPISTOLA
577 85 972 130 DCLXXXVII.
1003 84 1423 130 DCLXXXVIII.
1523 86 1582 133 47

94 201 182 242 Sed
217 200 356 255 quum
395 201 487 242 sint
525 213 580 240 ea
616 203 842 253 tempora.
891 204 940 240 ut
980 200 1094 241 certi
1133 199 1248 241 nihil
1290 213 1387 241 esse
1428 199 1584 254 possit,

93 256 205 311 quid
246 256 482 298 honestum
521 254 636 297 mihi
674 256 762 305 sit,
811 253 923 307 quid
974 256 1136 309 liceat,
1194 255 1305 312 quid
1344 255 1583 310 expediat,

93 325 261 366 quaeso
292 312 351 354 ιΙῑι
380 325 578 367 operam,
607 313 657 353 ut
687 310 820 351 illum
850 323 982 364 quam
1013 311 1332 355 honestissime
1363 311 1582 366 copiosis-

94 368 294 424 simeque
325 373 539 410 tueamur.
600 367 729 408 Haec
757 370 804 407 ct
831 370 999 419 cetera,
1040 382 1153 421 quae
1192 368 1251 411 ad
1280 382 1360 410 nos
1391 366 1584 423 pertine-

96 425 220 470 bunt,
261 428 310 465 ut
348 425 486 475 soles,
526 423 772 479 cogitabis:
818 422 877 463 ad
918 435 1078 477 meque
1117 429 1193 464 aut
1231 425 1352 479 quod
1392 424 1452 466 ad
1492 437 1584 464 rem

95 480 341 534 pertineat,
382 485 480 532 aut,
523 480 564 521 si
603 478 721 520 nihil
766 478 878 524 erit,
922 478 1043 533 quod
1084 479 1131 519 in
1172 480 1359 523 buccam
1397 479 1587 525 venerit,

95 536 279 578 scribes.

205 701 524 744 EPISTOLA
557 701 966 744 DCLXXXVIII.
1027 702 1105 755 (ad
1135 702 1227 744 Att.
1259 701 1395 744 XIV.
1425 704 1485 751 8.)

178 777 260 812 scr.
288 778 328 811 in
354 777 579 812 sinuessano
607 777 705 810 ΧΠ.
734 777 817 810 Kal.
845 776 932 810 Mai.
959 776 1002 810 A.
1030 776 1074 811 U.
1101 776 1143 811 c.
1171 778 1253 812 πο.
1289 777 1335 819 (a.
1363 776 1404 810 c.
1431 777 1508 819 45.)

96 845 311 891 Respondet
336 844 455 879 Attici
481 844 618 886 literis,
645 843 689 877 de
716 843 762 877 iis
789 843 1046 889 potissimum,
1081 855 1175 890 quae
1211 853 1335 890 nuper
1367 844 1415 877 de
1451 855 1493 879 re
1520 857 1590 890 pu-

97 893 196 927 blica
232 893 462 935 resciverat,
508 892 702 936 petitque,
745 898 802 974 utl
821 891 1075 976 de20mnibus
1115 892 1332 941 dilig-enter
1369 893 1589 937 perscribat.

600 1007 780 1043 CICERO
822 1008 1002 1042 ATTICO
1040 1007 1078 1043 S.

208 1075 284 1117 Tu
312 1088 382 1116 me
412 1074 501 1115 iam
531 1075 702 1121 rebare,
733 1087 869 1128 quum
899 1075 1139 1121 scribebas,
1168 1076 1216 1116 in
1240 1076 1355 1118 actis
1384 1089 1482 1118 esse
1512 1089 1591 1118 no-

98 1131 230 1173 stris:
274 1135 319 1173 at
360 1145 442 1184 ego
483 1130 642 1185 accepi
680 1143 793 1171 xvn.
823 1131 929 1172 Kal.
972 1130 1016 1171 in
1055 1132 1368 1173 deversoriolo
1408 1133 1589 1174 Sinues-

100 1201 208 1228 sano
237 1191 337 1228 tuas
368 1187 539 1228 literas.
600 1186 671 1227 De
701 1185 852 1228 Mario
883 1188 1046 1240 probe:
1077 1187 1164 1229 etsi
1193 1188 1324 1230 doleo
1353 1188 1408 1230 L.
1434 1188 1589 1230 Crassi

100 1246 319 1298 nepotem.
378 1241 563 1297 Optime
592 1246 684 1284 tam
713 1242 850 1284 etiam
879 1243 1021 1284 Bruto
1051 1248 1207 1285 nostro
1235 1245 1420 1299 probari
1449 1245 1592 1285 Anto-

100 1301 236 1340 nium.
321 1297 438 1339 Nam
488 1299 610 1353 quod
650 1298 831 1339 Iuniam
879 1299 1042 1340 scribis
1087 1300 1321 1341 moderate
1363 1303 1408 1341 et
1447 1301 1592 1341 amice

98 1354 290 1411 scriptas
319 1354 473 1396 literas
504 1354 727 1401 attulisse,
757 1353 874 1395 mihi
895 1354 1090 1397 Paullus
1121 1355 1250 1397 dedit
1279 1356 1337 1398 ad
1367 1369 1415 1396 se
1446 1370 1473 1398 a
1500 1355 1591 1396 fra-

99 1506 239 1550 omnia,
276 1511 317 1539 ut
352 1506 508 1540 Romam
542 1510 580 1538 te
616 1506 802 1548 conferas,
838 1512 880 1540 ut
904 1506 944 1539 in
970 1505 1077 1540 villis
1111 1506 1187 1541 tuis
1211 1507 1344 1547 lateas,
1383 1512 1465 1542 sunt
1483 1509 1593 1551 saci-

101 1557 216 1595 liora,
256 1565 368 1597 quam
405 1554 481 1588 iter
514 1553 553 1585 in
594 1552 793 1587 Graeciam
830 1565 933 1588 nunc
967 1555 1091 1600 ipsum
1127 1554 1220 1597 (hoc
1247 1560 1435 1601 tempore)
1470 1557 1592 1591 susci-

100 1603 325 1650 piendum.“
375 1600 457 1636 Sint
493 1600 585 1635 Cdd.
615 1601 780 1635 Crusell.
816 1603 971 1637 Decurt.
1006 1603 1092 1638 Bos.
1127 1603 1239 1649 Seqq.
1281 1605 1315 1638 si
1346 1605 1420 1638 sint
1458 1605 1588 1639 hamb.

104 1653 205 1687 1566.
232 1650 350 1683 Tum:
379 1649 474 1693 quod
497 1655 558 1683 ter
582 1660 654 1694 pro
680 1650 768 1693 quid
790 1650 921 1688 Lamb.
947 1651 988 1684 in
1015 1651 1126 1685 Curis
1151 1664 1224 1687 seo.
1260 1653 1460 1687 ORELLI.
1510 1654 1592 1689 Sint

101 1707 170 1734 cet.
204 1699 298 1747 gabe
331 1698 403 1731 den
439 1697 554 1732 Sinn:
587 1696 740 1740 „indess
766 1709 856 1747 mag
887 1699 994 1734 Alles
1033 1699 1173 1734 andere
1208 1700 1377 1736 leichter
1401 1701 1495 1745 sein,
1533 1702 1590 1736 als

102 1749 194 1782 ietzt
219 1746 335 1780 dahin
362 1757 410 1779 zu
434 1746 570 1779 reisen.
611 1746 755 1779 Darum
779 1746 888 1790 (Sed)
914 1759 950 1781 u.
975 1759 1004 1782 s·
1024 1759 1073 1782 w.
1125 1749 1216 1782 Sunt
1241 1751 1314 1783 mit
1338 1749 1425 1783 dem
1450 1748 1589 1786 Sinne:

101 1807 214 1831 wenn
252 1794 317 1828 ich
349 1793 532 1835 him-eise,
567 1793 666 1827 dann
701 1794 750 1829 ist
785 1795 863 1828 mir
895 1795 1005 1830 Alles
1040 1795 1224 1838 leichter;
1263 1797 1328 1831 ich
1361 1797 1466 1832 kann
1490 1799 1590 1833 daun

102 1844 219 1879 selbst
244 1855 278 1875 u.
299 1842 377 1876 'mit
402 1843 626 1887 wenigeren
651 1842 791 1877 Kosten
822 1845 889 1877 fiir
914 1843 983 1877 ihn
1009 1854 1157 1892 sor-gen.
1208 1845 1304 1880 Wix·
1327 1846 1490 1880 macheu
1516 1847 1589 1880 als-

102 1893 200 1926 dann
226 1891 310 1925 eine
335 1892 501 1935 Menage.
529 1891 617 1935 Vgl.
637 1902 694 1936 ep.
720 1893 803 1932 693,
822 1893 856 1926 4.
882 1911 929 1917 —
955 1896 1133 1933 tueamur,
1162 1893 1420 1939 unterhalten,
1447 1895 1588 1929 durch-

102 1942 276 1989 bring-en.
304 1958 345 1964 -—
373 1940 412 1972 iu
437 1939 600 1980 buccam,
627 1939 667 1971 in
693 1939 754 1974 die
780 1940 917 1974 Feder.

202 1991 233 2023 1.
269 1988 307 2021 in
334 1987 442 2030 actis,
474 1987 498 2021 i.
529 1998 559 2021 e.
585 1987 625 2020 in
651 1987 817 2033 praediis
845 1988 1063 2031 maritimis,
1097 1995 1139 2023 ut
1162 1989 1377 2026 Puteolano.
1417 1991 1457 2024 in
1483 1990 1592 2034 agris

104 2039 240 2071 Manut.
266 2036 394 2069 Lamb.
421 2035 552 2080 sicque
577 2035 726 2070 volebat
751 2038 933 2071 Muretus.
975 2038 1013 2071 in
1040 2037 1159 2071 hortis
1190 2039 1310 2072 Herv.
1345 2050 1390 2073 ex
1422 2038 1502 2072 Lib.
1532 2041 1589 2074 14.

103 2086 151 2119 ad
175 2084 291 2119 Attio.
318 2084 385 2128 Ep.
416 2085 471 2120 16.
509 2083 704 2118 ORELLI.
732 2102 774 2108 —
809 2085 940 2120 XVII.
968 2085 1058 2121 Kal.
1086 2086 1185 2130 Mai„
1213 2098 1273 2120 am
1301 2088 1357 2123 15.
1384 2087 1508 2133 April.
1543 2107 1590 2112 —

103 2134 340 2176 Sinuessano,
384 2131 554 2166 welches
589 2134 658 2167 auf
687 2132 757 2166 der
787 2134 895 2168 Mitte
931 2135 1050 2167 seines
1087 2134 1232 2180 VVeges
1269 2146 1357 2170 vom
1383 2136 1589 2170 Formiano

104 2193 191 2216 zum
217 2181 462 2216 Puteolanum
496 2180 581 2227 lag,
615 2181 686 2215 der
711 2181 852 2229 gei-ade
878 2194 939 2216 am
966 2184 1089 2217 Meere
1124 2182 1241 2217 hinab
1277 2184 1360 2218 eine
1385 2184 1590 2232 Tagereise

102 2229 330 2264 ausmacbte.
379 2227 416 2262 S.
442 2239 501 2273 ep.
528 2231 612 2272 687,
640 2231 659 2264 1
685 2240 744 2263 am
770 2230 890 2265 Ende.
925 2250 968 2256 —
1012 2231 1068 2264 De
1092 2231 1227 2265 Mario
1251 2233 1380 2276 probe,
1406 2234 1478 2267 mit
1503 2233 1588 2266 dem

103 2276 405 2312 Pseudo-Marius
441 2276 508 2311 hat
539 2277 657 2311 man's
689 2277 801 2313 recht
833 2278 1034 2327 gemacht;
1068 2279 1150 2313 scil.
1183 2281 1284 2326 quod
1318 2281 1354 2315 ei
1389 2292 1506 2315 uncus
1533 2287 1590 2315 est

105 2327 292 2372 impactus
316 2336 387 2371 pro
412 2325 581 2360 facinore
605 2325 782 2373 cogitato.
810 2328 1012 2362 MANUT.
1061 2326 1098 2363 S.
1127 2339 1184 2374 ep.
1211 2330 1293 2372 655,
1321 2332 1353 2364 1.
1388 2348 1432 2354 ——
1476 2339 1588 2374 nepo-

106 2379 188 2417 tem,
214 2375 280 2407 fiir
303 2374 375 2408 den
402 2385 446 2408 er
471 2373 556 2408 sich
577 2374 745 2408 namlich
770 2375 1009 2424 ausgegeben
1035 2375 1151 2410 hatte.
1204 2377 1351 2412 Ironie!
1393 2397 1435 2401 —
1471 2381 1587 2411 Anto-

105 2423 202 2455 nium
226 2428 436 2466 metonym.
461 2428 552 2457 statt
577 2424 718 2457 factum
742 2422 901 2458 Antonii
934 2424 975 2457 in
1008 2424 1181 2458 tollendo
1219 2425 1290 2460 isto
1322 2426 1452 2459 Mario.
1504 2425 1587 2458 Vid.

105 2470 270 2515 Philipp.
297 2470 328 2510 1,
357 2471 391 2505 2.
419 2491 461 2496 —
496 2471 655 2514 Iuniam,
682 2471 745 2506 des
770 2474 818 2505 M.
845 2473 974 2506 Iunius
1000 2474 1137 2507 Brutus
1164 2472 1384 2508 Schwester
1408 2473 1483 2506 und
1510 2473 1586 2508 Ge·-

105 2518 281 2552 mahlinn
307 2518 371 2552 des
398 2520 444 2552 M.
471 2519 649 2564 Lepidus.
675 2538 718 2544 —
746 2521 909 2564 scriptas
932 2521 978 2554 ad
1004 2522 1162 2555 Brutum
1189 2534 1209 2555 a
1236 2522 1320 2556 viro
1347 2532 1414 2555 suo
1440 2523 1487 2556 M.
1516 2522 1585 2555 Le-

105 2566 209 2612 pido,
236 2567 302 2611 qui
327 2572 418 2600 tunc
443 2573 523 2601 erat
550 2567 591 2601 in
616 2567 742 2601 Gallia
768 2568 1020 2614 Transalpina
1045 2581 1130 2603 cum
1159 2570 1338 2604 exercitu.
1390 2570 1434 2603 In
1461 2570 1586 2604 einem

104 2616 358 2663 gemassigten
383 2614 460 2648 und
481 2615 874 2651 freundschaftlichen
901 2617 1019 2660 Toue,
1045 2618 1229 2651 moderate
1255 2622 1288 2651 et
1312 2618 1437 2653 amice.
1476 2619 1587 2652 Denn

106 2675 149 2696 ex·
173 2663 278 2697 hatte
304 2663 343 2695 in
368 2662 454 2696 dem
480 2664 605 2698 Briefe
630 2667 836 2711 ge'a'ussert,
863 2665 945 2699 dass
973 2678 1015 2700 er
1031 2666 1163 2701 weder
1187 2665 1284 2699 nach
1313 2666 1422 2700 einer
1444 2673 1585 2711 gesetz-

104 2711 293 2759 widrigen
320 2711 473 2746 Gewalt
498 2712 662 2753 trachte‚
690 2713 791 2748 noch
815 2724 936 2761 geg-en
963 2715 1023 2747 die
1049 2713 1336 2759 Republikaner
1361 2714 1496 2749 anders
1521 2726 1585 2761 ge-

106 2759 205 2793 sinnt
232 2760 300 2797 sei,
326 2759 382 2793 als
411 2771 448 2793 es
475 2760 554 2794 sich
581 2761 712 2795 zieme.
767 2762 845 2795 Vox·
870 2761 958 2795 mihi
987 2763 1142 2795 Paullus
1166 2763 1289 2807 suppl.
1319 2763 1423 2796 scito,
1457 2784 1493 2789 κ
1525 2764 1585 2795 «ΙεἸ
