1795 3086
362 91 679 138 EPISTOLA
720 91 975 136 DCCCIII.
1022 91 1268 137 DCCCIV.
1465 90 1559 138 235

262 224 578 268 EPISTOLA
616 223 864 266 DCCCIV.
924 226 999 276 (ad
1029 226 1134 269 Div.
1164 225 1271 268 X11.
1299 226 1361 275 7.)

221 301 299 335 Ser.
324 302 469 335 Romae
496 305 651 332 exeunte
675 299 819 333 Martio
845 301 884 332 A.
912 301 954 334 U.
981 302 1023 338 C.
1052 303 1134 337 71⁶1.
1184 302 1233 343 (a.
1259 302 1300 335 C.
1327 300 1406 342 43.)

70 368 298 403 Sententimn
341 381 360 402 a
402 379 439 403 se
482 367 519 400 in
549 372 682 400 <senatu
714 377 757 399 ex
790 366 969 412 dignitate
1002 369 1118 403 Cassii
1151 369 1292 405 dictam
1325 377 1479 412 eamque
1517 365 1555 400 in

443 415 631 449 concione
655 414 846 448 defensam
873 415 1076 461 significat.
1106 419 1189 453 1-2.

591 496 779 531 CICERO
802 497 972 531 CASSIO
1000 495 1038 535 S.

183 563 357 613 Quanto
397 562 547 605 studio
585 563 848 618 dignitatem
895 567 1014 604 tuam
1047 567 1098 604 et
1137 564 1184 605 in
1219 570 1373 608 senatu
1417 570 1463 608 et
1499 566 1558 609 ad

74 621 280 673 populum
320 619 618 672 defenderim,
657 633 711 660 ex
747 621 835 660 tuis
872 624 915 660 te
949 619 1065 659 malo
1105 632 1236 672 quam
1273 634 1325 661 ex
1354 635 1424 663 me
1455 635 1558 675 cog-

74 689 269 716 noscere.
329 673 457 723 Quae
494 689 594 716 mea
629 676 847 716 sententia
884 676 930 715 in
967 678 1122 716 senatu
1159 675 1293 717 facile
1332 678 1559 727 valuisset,

74 732 160 771 nisi
208 731 357 771 Pansa
402 729 681 772 vehementer
727 731 982 772 obstitisset.
1058 730 1129 770 Ea
1168 733 1388 773 sententia
1424 733 1559 784 dicta,

72 786 313 839 productus
344 799 439 826 sum
469 787 514 827 in
544 785 805 827 concionem
836 800 862 826 a
880 786 1057 826 tribuno
1075 787 1233 841 plebis,
1264 787 1326 828 Μ.
1347 788 1557 830 Servilio.

76 842 184 882 Dixi
215 842 269 882 de
298 847 358 894 te,
389 855 500 896 quae
528 843 669 895 potui,
697 846 824 885 ‚tanta
852 842 1147 893 contentione,
1177 848 1389 898 quantum
1413 843 1559 884 forum

74 902 160 949 est,
199 901 320 947 tanto
363 898 554 939 clamore
594 911 896 950 consensuque
926 898 1097 952 populi,
1140 902 1189 940 ut
1217 899 1329 941 nihil
1368 913 1561 954 unquam

73 954 223 994 simile
252 953 455 995 viderim.
516 953 572 992 Id
602 953 736 993 velim
764 952 875 994 mihi
906 953 1129 1007 ignoscas,
1165 956 1284 1010 quod
1320 955 1463 998 invita
1492 969 1561 997 so-

74 1023 152 1049 cru
201 1015 276 1049 tua
321 1008 520 1049 fecerim.
594 1007 760 1049 Mulier
808 1008 967 1050 timida
1002 1013 1256 1065 verebatur,
1295 1025 1349 1053 ne
1385 1011 1560 1053 Pansae

73 1063 599 1119 aninmsoffenderetur.
673 1065 729 1105 In
779 1065 992 1109 concione
1041 1067 1220 1121 quidem
1257 1068 1409 1111 Pansa
1448 1067 1563 1109 dixit

74 1124 261 1160 matrem
296 1133 471 1175 quoque
508 1124 631 1161 tuam
669 1123 714 1161 et
754 1118 940 1162 fratrem
975 1121 1098 1163 illam
1134 1136 1162 1164 a
1198 1137 1269 1165 me
1297 1124 1562 1165 sententiam

72 1176 268 1218 noluisse
295 1176 402 1217 dici.
461 1175 550 1217 Sed
578 1189 648 1217 me
677 1175 791 1217 haec
819 1190 906 1218 non
934 1179 1187 1221 movebant:
1214 1180 1305 1221 alia
1332 1181 1561 1222 malebam.

76 1233 297 1274 Favebam
326 1236 370 1272 et
398 1232 691 1287 reipublicae,
727 1233 801 1273 cui
839 1246 1012 1287 semper
1046 1234 1160 1287 favi,
1200 1239 1245 1277 et
1272 1235 1482 1290 dignitati
1510 1249 1564 1277 ac

79 1288 252 1341 gloriae
290 1292 403 1328 tuae.
472 1288 607 1338 Quod
646 1291 794 1329 autem
835 1293 879 1329 et
906 1289 953 1329 in
983 1294 1140 1331 senatu
1177 1291 1375 1345 pluribus
1411 1292 1563 1334 verbis

75 1343 267 1384 disserui
307 1343 391 1394 [et]
430 1343 525 1385 dixi
553 1344 599 1385 in
631 1345 866 1397 concione,
906 1344 953 1385 in
989 1359 1042 1387 eo
1077 1346 1210 1389 velim
1245 1347 1383 1388 fidem
1421 1361 1565 1389 meam

76 1400 254 1441 liberes:
292 1400 478 1454 promisi
507 1401 623 1442 enim
653 1406 698 1442 et
722 1414 864 1455 ‘prope
893 1400 1157 1445 confirmavi
1194 1406 1239 1445 te
1278 1416 1369 1446 non
1409 1417 1566 1460 exspe-

222 1554 268 1592 Ο.
296 1553 487 1591 CASSIO.
514 1556 549 1590 S.
573 1567 634 1602 ep.
661 1558 731 1592 241
755 1557 810 1592 im
834 1557 924 1592 Anf.
950 1558 1032 1593 ⁴795.
1056 1557 1140 1594 798.

174 1605 210 1636 1.
239 1604 276 1636 in
303 1608 447 1647 senatu,
480 1616 601 1649 quum
631 1603 770 1639 'habuit
799 1606 1053 1652 Philippicam
1087 1606 1336 1644 undecimam.
1362 1609 1563 1646 MANUT.

1 1657 7 1702 ιζ
80 1671 121 1676 -
145 1651 195 1685 ad
215 1652 409 1695 populum,
441 1664 536 1696 quae
569 1655 691 1688 oratio
717 1664 790 1688 non
816 1661 949 1688 exstat.
985 1674 1027 1681 -
1061 1665 1110 1689 ex
1143 1655 1236 1701 tuis,
1267 1659 1467 1702 cognatis,
1500 1669 1566 1692 ne-

5 1693 7 1723 Ῑ
79 1701 272 1741 cessariis,
298 1701 534 1745 propinquis.
555 1722 596 1729 —
624 1713 701 1735 mea
716 1702 893 1737 sententia
917 1727 926 1735 .
953 1727 964 1739 .
993 1730 1002 1738 .
1028 1702 1223 1744 valuisset,
1248 1705 1418 1749 vicisset,
1444 1707 1567 1742 meine

2 1777 3 1790 ¹
78 1749 341 1793 Abstimmung
365 1750 418 1782 im
442 1751 578 1783 Senate
611 1751 676 1784 fiir
697 1752 800 1786 Dich
826 1754 925 1784 ware
951 1749 1238 1796 durchgesetzt‚
1271 1753 1380 1787 hatte
1405 1755 1565 1800 gesiegt.

2 1797 7 1835 μ’
77 1798 111 1831 S.
128 1797 188 1830 die
207 1796 371 1842 Philipp.
388 1797 456 1831 XI.
484 1809 565 1832 mea
590 1800 786 1839 sententia,
814 1806 854 1833 ut
871 1799 1017 1835 Cassius
1039 1799 1230 1834 obtineret
1256 1801 1426 1848 Syriam,
1453 1815 1567 1848 quam

3 1857 7 1865 ’
80 1845 279 1878 Dolabella
305 1848 341 1878 ei
367 1852 559 1890 erepturus
586 1853 676 1881 erat.
702 1865 749 1872 ——
782 1847 928 1888 Pansa,
961 1848 1057 1882 alter
1082 1850 1295 1885 consulum.
1324 1871 1367 1876 —
1401 1851 1566 1886 obstitis-

78 1898 154 1936 set,
183 1899 369 1937 entgegen
394 1901 566 1938 getreten
593 1898 710 1929 wa're:
752 1908 866 1940 quum
892 1896 995 1929 illam
1022 1898 1249 1931 sententiam
1273 1899 1397 1933 valere
1422 1901 1566 1944 mallet,

80 1948 121 1975 ut
146 1942 318 1975 consules
342 1941 366 1975 i.
391 1953 424 1976 e.
452 1942 532 1988 ipse
560 1950 596 1976 et
623 1944 769 1980 Hirtius
794 1944 1043 1990 persequendi
1069 1945 1286 1980 Dolabellae
1313 1959 1422 1982 causa
1438 1949 1566 1982 Asiam

0 2025 1 2030 ¹
79 1997 117 2023 et
148 1989 296 2034 Syriam
321 1989 569 2024 sortirentur.
603 1992 691 2026 Vid.
728 1992 892 2038 Philipp.
928 1994 993 2029 XI.
1028 2005 1063 2028 c.
1097 1994 1154 2030 12.
1187 1994 1395 2035 MANUT.
1426 2016 1471 2022 —-
1506 1998 1567 2032 M.

0 2040 1 2057 ³
77 2037 257 2079 Servilio,
298 2038 423 2072 einem
455 2040 755 2074 Anverwandten
791 2041 856 2075 der
889 2041 1063 2083 Servilia,
1106 2041 1174 2076 der
1206 2042 1569 2090 Schwiegermutter

0 2062 10 2138 ll
79 2086 145 2119 des
171 2085 327 2121 Cassius.
353 2105 399 2112 —
425 2091 527 2121 tanta
553 2098 652 2123 conc.
679 2095 773 2132 cet„
800 2090 872 2123 mit
895 2103 935 2124 so
960 2090 1080 2123 lauter
1105 2090 1286 2132 stimme,
1314 2093 1396 2126 dass
1423 2095 1475 2127 sie
1500 2095 1567 2128 das

0 2131 11 2189 li]
79 2145 196 2178 ganze
222 2135 360 2168 Forum
388 2135 653 2184 durchdra-ng;
691 2143 734 2171 ut
767 2139 935 2183 potuerit
967 2138 1134 2172 exaudiri
1158 2151 1227 2185 per
1261 2147 1386 2175 totum
1422 2143 1567 2177 forum.

81 2203 121 2208 —
149 2182 326 2225 viderim,
361 2184 558 2219 audierim.
592 2203 640 2209 —-
670 2196 780 2219 socru
803 2191 867 2220 tua
900 2186 1075 2227 Servilia,
1113 2189 1265 2222 Catonis
1294 2190 1482 2224 Uticensis
1508 2202 1567 2226 so-

79 2241 180 2273 rore,
226 2237 347 2264 matre
372 2233 427 2266 M.
454 2233 560 2266 Bruti
586 2239 624 2266 et
649 2234 844 2269 Textullae
869 2236 994 2269 uxoris
1017 2237 1149 2271 Cassii.
1176 2238 1299 2272 MAN
1306 2238 1381 2273 UT.
1410 2258 1454 2264 —
1490 2251 1568 2273 ma-

80 2282 172 2311 trem
196 2282 304 2313 tuam.
353 2279 421 2315 lhr
447 2281 679 2316 Geschleeht
718 2283 794 2316 und
824 2285 946 2317 Name
977 2284 1026 2319 ist
1058 2285 1284 2321 unbekannt.
1310 2305 1354 2312 —
1380 2287 1567 2330 fratrem,

79 2327 123 2360 L.
153 2325 328 2361 cassium.
358 2328 391 2361 S.
421 2340 463 2362 zu
499 2342 554 2375 ep.
582 2331 652 2366 852
678 2331 733 2364 im
758 2331 844 2366 Ans.
876 2351 922 2357 -
953 2332 1027 2366 Sed
1050 2343 1113 2366 me.
1140 2345 1216 2371 om.
1243 2345 1298 2367 me
1323 2335 1449 2371 Gebh.
1475 2337 1566 2370 Ern.

80 2372 169 2408 sch.
202 2375 301 2408 Lan.
338 2376 536 2415 ORELLI,
571 2397 618 2407 —.-
651 2379 730 2413 alia
763 2381 953 2424 malebam,
985 2381 1120 2416 andere
1155 2382 1411 2418 Rucksichten
1445 2395 1567 2418 waren

79 2422 152 2455 mir
175 2422 338 2456 theurer.
1053 2468 1055 2471 Ι

176 2471 209 2506 2.
232 2469 300 2514 [ee]
326 2479 381 2512 est
407 2483 425 2504 e
451 2474 567 2519 suppl.
595 2485 668 2512 om.
698 2480 730 2508 el
754 2477 838 2515 Md.
874 2478 971 2512 Vict.
1000 2480 1032 2512 1.
1057 2480 1089 2516 2.
1116 2480 1227 2524 Beng.
1252 2479 1388 2513 Bened.
1418 2479 1494 2514 ΟΒ.
1521 2498 1562 2504 -

73 2517 187 2558 fidem
221 2529 337 2552 meam
374 2520 525 2561 liberes,
558 2522 640 2556 dass
673 2524 736 2557 Du
768 2525 875 2559 mich
906 2526 1049 2560 meines
1074 2527 1324 2562 Ehrenworts
1352 2527 1567 2571 erledigest‚

82 2567 117 2599 d.
143 2566 168 2599 i.
194 2566 357 2607 leistest‚
392 2581 465 2603 was
499 2570 562 2604 ich
599 2582 670 2603 von
702 2572 773 2605 Dir
807 2574 892 2608 dem
929 2575 1029 2608 Rath
1062 2576 1136 2608 und
1164 2575 1281 2609 Volke
1306 2576 1563 2623 versprochen

8 2492 13 2506 d

10 2585 15 2763 ἱ
81 2614 161 2648 und
194 2616 319 2648 wosiir
351 2615 416 2650 ich
447 2618 550 2652 mich
593 2620 778 2665 verbiirgt
810 2622 923 2658 habe.
979 2624 1060 2667 Ego
1097 2629 1136 2657 et
1174 2624 1319 2658 senatui
1354 2631 1392 2658 et
1423 2625 1563 2670 populo

80 2673 254 2707 magnam
279 2663 326 2696 de
352 2671 390 2698 te
416 2677 519 2710 spem
544 2668 622 2701 feci
648 2674 684 2702 et
704 2669 874 2713 ingentia
892 2672 938 2704 de
964 2678 1002 2714 te
1028 2671 1104 2704 fide
1130 2671 1215 2705 data
1241 2673 1420 2718 promisi3
1448 2684 1561 2719 quare

80 2717 122 2743 tu
152 2710 256 2754 vide,
294 2718 334 2745 ut
365 2725 488 2748 meam
522 2715 562 2749 in
588 2726 630 2748 ea
659 2727 700 2750 re
733 2717 849 2752 fidem
881 2720 1018 2754 liberes
1053 2719 1077 2751 i.
1112 2730 1143 2753 e.
1176 2731 1281 2764 spem
1317 2721 1363 2755 de
1396 2728 1435 2755 te
1469 2733 1560 2755 con-

12 2767 16 2818 !
81 2764 231 2804 ceptam
255 2771 329 2795 non
355 2761 557 2799 frustreris.
585 2783 627 2789 -
654 2764 864 2805 confirmari
887 2769 962 2802 und
988 2767 1232 2813 bekriiftigte.
1259 2788 1301 2794 -
1346 2773 1406 2806 tuo
1446 2781 1561 2814 more,

12 2854 17 2882 ,⁵

12 2884 17 2907 l

13 2915 19 3086 i
