1795 3086
500 97 817 143 EPISTOLA
848 98 1105 143 Dccxvl.
1462 97 1549 146 115

76 210 134 253 tis
164 209 367 252 attulerit
395 208 509 251 mihi
547 208 789 251 Trebatius
829 214 1003 263 noster,
1043 209 1176 253 homo
1215 223 1350 266 quum
1388 211 1545 266 plenus

74 265 235 317 officii,
265 270 358 307 tum
387 265 618 319 utriusque
647 264 849 306 nostram
871 267 1212 307 amantissimus·
1269 267 1382 307 Nam
1412 281 1546 321 quum

76 322 121 363 in
150 321 456 363 Tusculanum
494 320 675 375 vesperi
713 319 948 372 venissem,
987 321 1205 374 postridie
1243 322 1325 363 ille
1365 322 1422 363 ad
1461 335 1547 368 me,

75 378 271 418 nondum
311 376 420 418 satis
467 375 598 416 firmo
639 389 827 430 corpore
876 389 1011 430 quum
1051 383 1189 428 esset,
1239 391 1366 418 mane
1406 376 1544 418 venit.

75 433 222 482 Quem
251 446 385 487 quum
414 430 720 485 obiurgarem,
761 430 883 486 quod
922 444 1077 486 parum
1115 433 1361 474 valetudini
1390 445 1544 487 parce-

75 493 168 530 ret:
209 493 302 529 tum
332 488 426 539 ille,
466 486 583 528 nihil
614 486 701 528 sibi
730 486 906 542 longius
936 486 1091 537 fuisse,
1131 500 1258 539 quam
1300 493 1350 530 ut
1377 502 1447 530 me
1477 489 1545 530 vi-

74 544 216 585 deret.
273 542 618 597 Numquidnam,
647 542 843 597 inquam,
871 542 1003 584 novi?
1061 542 1242 582 Detulit
1272 544 1327 582 ad
1347 558 1416 586 me
1436 557 1544 598 que—

74 600 212 641 relam
241 601 383 640 tuam2
422 598 479 640 de
509 612 596 653 qua
624 598 764 653 prius,
804 611 937 653 quam
967 597 1229 652 respondeo,
1266 610 1407 651 pauca
1443 612 1546 653 pro—

76 668 244 709 ponam.
311 654 535 704 Quantum
574 654 786 695 memoria
836 658 1038 708 repetere
1077 651 1319 707 praeterita
1355 667 1546 707 possum,

75 723 203 751 nemo
233 714 302 751 est
328 708 443 750 mihi
473 714 516 751 te
546 710 715 750 amicus
745 709 985 764 antiquior.
1044 708 1135 750 Sed
1173 711 1373 749 vetustas
1414 708 1547 750 habet

74 765 249 820 aliquid
277 779 505 807 commune
543 779 643 808 cum
671 765 850 806 multis:
890 777 1016 805 amor
1053 778 1140 805 non
1181 763 1328 804 habet.
1387 764 1550 806 Dilexi

74 826 133 874 te,
162 834 250 875 quo
281 820 356 861 die
386 821 602 876 cognovi:
639 834 798 873 meque
839 833 863 859 a
902 824 946 861 te
987 819 1122 874 diligi
1152 818 1366 861 iudicavi.
1422 819 1549 860 Tuus

74 876 238 917 deinde
268 876 506 929 discessus,
536 877 662 929 isque
691 875 942 921 diuturnus,
970 875 1154 916 ambitio
1183 879 1337 916 nostra
1366 878 1412 915 et
1429 874 1550 916 vitae

75 931 400 973 dissimilitudo
438 946 525 973 non
555 935 623 972 est
661 943 791 985 passa
818 931 1072 972 voluntates
1109 936 1285 972 nostras
1315 935 1549 971 consuetu-

72 988 178 1028 dine
207 988 521 1041 conglutinari.
581 986 729 1027 Tuum
760 991 907 1027 tamen
937 1000 1044 1040 erga
1073 1001 1142 1028 me
1173 986 1366 1026 animum
1386 987 1549 1040 agnovi

75 1042 226 1083 multis
267 1042 394 1084 annis
433 1047 535 1084 ante
574 1042 742 1082 bellum
778 1042 933 1095 civile,
972 1056 1106 1096 quum
1144 1043 1313 1083 Caesar
1349 1046 1467 1083 esset
1502 1041 1548 1082 in

74 1099 239 1140 Gallia.
297 1097 433 1148 Quod
474 1099 591 1139 enim
620 1097 909 1139 vehementer
948 1098 1063 1138 mihi
1093 1099 1205 1139 utile
1235 1112 1333 1139 esse
1361 1098 1548 1152 putabas

74 1168 156 1195 nec
185 1154 344 1195 inutile
383 1155 470 1209 ipsi
510 1153 708 1200 Caesari,
747 1153 994 1208 perfecisti,
1034 1157 1081 1194 ut
1109 1153 1192 1195 ille
1222 1167 1290 1194 me
1321 1154 1549 1207 diligeret,

74 1316 170 1355 XVI,
201 1317 238 1350 ll
264 1314 360 1349 auch
387 1314 545 1348 Calvena
572 1318 758 1360 genannt,
792 1312 853 1347 ein
879 1311 1141 1358 angesehener
1169 1323 1280 1357 eques
1306 1312 1404 1346 nach
1429 1312 1549 1347 Tacit.

76 1363 209 1397 Annal.
236 1363 318 1403 XII,
344 1364 400 1402 60,
428 1362 532 1396 hatte
559 1361 632 1395 den
658 1361 772 1395 C'a'sar
797 1359 894 1393 nach
920 1360 1075 1394 Gallien
1102 1359 1296 1409 begleitet,
1323 1372 1383 1394 wo
1408 1361 1549 1394 Treba-

75 1412 149 1446 tius
175 1411 245 1444 mit
276 1411 358 1444 ihm
385 1409 680 1444 Bekanntschast
706 1408 854 1442 machte
885 1408 930 1446 (s.
957 1408 1042 1450 VII,
1072 1410 1143 1450 15).
1194 1408 1303 1442 Nach
1338 1408 1549 1442 Columella

74 1460 159 1500 XII,
185 1460 209 1492 4
235 1458 310 1492 und
337 1459 380 1493 44
407 1470 490 1491 war
515 1469 557 1490 er
581 1456 678 1491 auch
707 1456 769 1490 ein
796 1456 1005 1490 Gelehrter
1039 1456 1115 1489 und
1142 1455 1293 1489 schrieb
1320 1456 1366 1489 de
1393 1456 1547 1496 Pistor-e,

75 1507 122 1540 ‹le
157 1507 298 1550 eoquo,
337 1506 383 1540 de
414 1505 593 1540 cellario.
651 1504 781 1553 Vergl.
819 1504 913 1538 iiber
947 1503 1015 1537 ihn
1051 1504 1097 1537 ad
1132 1504 1244 1538 Attio.
1280 1504 1342 1542 VI,
1380 1505 1423 1539 12
1456 1505 1547 1547 (13).

126 1579 136 1597 '
173 1605 204 1637 1.
240 1601 405 1636 Nondum
429 1601 523 1634 satis
548 1600 734 1640 constitui,
775 1598 838 1632 ich
865 1599 931 1633 bin
957 1599 1056 1633 noch
1081 1598 1192 1633 nicht
1215 1611 1343 1648 genug
1377 1599 1450 1633 mit
1474 1600 1551 1634 mir

76 1650 129 1684 im
156 1650 313 1683 Reinen.
351 1669 392 1676 --
430 1649 669 1682 Tusculanum
695 1658 833 1684 meum.
871 1667 915 1672 —
953 1647 1047 1681 nihil
1068 1648 1141 1681 sibi
1164 1648 1264 1690 long.
1283 1649 1337 1690 s.,
1366 1647 1429 1681 nie
1454 1648 1550 1683 habe

76 1698 158 1731 ihm
183 1698 313 1731 Etwas
341 1697 476 1744 langer-
501 1696 693 1744 gediinkt3
728 1696 753 1728 i.
782 1707 813 1728 e.
839 1695 941 1728 nihil
967 1695 1231 1735 desider-atius3
1270 1702 1310 1730 ut
1336 1696 1477 1729 nostri:
1510 1707 1551 1729 er

76 1746 182 1780 hatte
208 1745 267 1779 die
294 1745 381 1779 Zeit
405 1744 514 1778 nicht
538 1751 725 1778 erwarten
751 1743 916 1786 konnen,
945 1743 1048 1776 mich
1066 1743 1212 1778 wieder
1236 1755 1283 1776 zu
1309 1742 1437 1777 seben.
1462 1744 1550 1791 Vgl.

76 1805 147 1839 pro
174 1793 298 1827 Rabir.
325 1804 356 1826 c.
386 1794 450 1827 12:
478 1804 547 1826 nec
571 1791 673 1826 mihi
701 1791 848 1836 longius
875 1789 1080 1835 quidquam
1106 1797 1175 1831 est,
1201 1802 1311 1835 quam
1326 1791 1458 1824 videre
1483 1791 1552 1825 ho-

77 1842 222 1875 minum
249 1840 418 1882 (illorum
445 1840 614 1881 testium)
639 1839 792 1880 vultus;
818 1839 860 1871 in
885 1839 991 1872 Verr.
1019 1839 1083 1878 IV,
1112 1840 1174 1873 18:
1202 1838 1314 1872 Nihil
1339 1839 1373 1871 ei
1399 1839 1550 1886 longius

77 1890 283 1932 videbatur,
311 1899 423 1932 quam
449 1888 537 1921 dum
563 1888 713 1921 videret
739 1887 835 1919 illud
858 1893 1070 1934 argentum.
1098 1886 1205 1920 SCH.
1245 1905 1290 1912 —
1335 1897 1549 1931 proponam.

78 1937 140 1972 Sic
178 1937 251 1971 Md.
286 1936 385 1970 Crat.
425 1936 519 1970 Vict.
548 1938 582 1971 2.
622 1935 758 1969 Bened.
809 1935 879 1968 Est
904 1947 944 1967 ea
970 1934 1262 1981 significatione,
1295 1946 1404 1979 quam
1432 1935 1550 1979 septi-

78 1997 176 2018 mam
202 1984 314 2018 habet
331 1984 518 2018 Forcell.:
545 1984 829 2028 „praemittere,
858 1983 1066 2025 enuntiare,
1093 1982 1308 2031 significare
1334 1982 1385 2025 id,
1411 1982 1456 2017 de
1479 1993 1550 2026 quo

78 2033 219 2067 dicturi
245 2033 409 2066 sumus.“
430 2042 651 2076 praeponam
678 2031 771 2065 Cett.
801 2031 874 2065 OR.

173 2083 204 2116 2.
232 2092 336 2115 mem.
363 2091 437 2124 rep.
459 2084 594 2124 praet„
628 2079 699 2113 mit
733 2079 818 2112 dem
845 2077 1115 2112 Ged'aichtnisse
1151 2078 1190 2110 in
1219 2077 1278 2111 die
1305 2079 1550 2125 Vergangen-

77 2128 161 2163 heit
185 2128 466 2176 zuriickgehen.
519 2128 735 2172 Occupatio,
763 2138 833 2171 qua
860 2126 1009 2160 emollit
1033 2126 1201 2159 animum
1226 2125 1552 2160 commemoratio-

79 2188 126 2211 ne
150 2177 290 2211 veteris
315 2176 514 2211 amicitiae.
543 2196 589 2201 —
623 2187 728 2209 amor
752 2187 819 2209 ηοη
845 2174 948 2208 habet
975 2174 997 2206 i.
1026 2185 1056 2206 e.
1081 2179 1226 2208 veteres
1254 2174 1407 2218 quidem
1433 2173 1552 2207 habeo

80 2225 220 2259 amicos
246 2225 358 2259 etiam
385 2224 487 2266 alios,
514 2225 579 2257 sed
604 2224 793 2258 cariorem
819 2230 854 2256 te
880 2223 1084 2257 neminem.
1111 2241 1154 2247 —-
1189 2222 1369 2255 discessus
1395 2223 1551 2256 fortasse

83 2273 121 2305 in
148 2273 345 2307 Graeciam
372 2280 435 2306 aut
460 2272 631 2306 Rhodum
658 2271 750 2311 (vid.
781 2283 839 2316 ep.
868 2274 948 2311 717,
975 2272 1037 2311 8.),
1065 2280 1141 2303 non
1158 2269 1206 2308 Vin
1233 2269 1411 2309 Galliam,
1438 2280 1552 2314 quum

82 2321 240 2364 reliqua,
265 2331 360 2365 quae
385 2326 742 2361 commemorantur,
770 2319 910 2353 bellum
938 2318 1103 2352 Caesaris
1129 2316 1321 2351 Gallicum
1349 2317 1463 2364 longe
1488 2328 1552 2349 an-

82 2369 301 2402 tecesserint
327 2375 364 2402 et
388 2367 696 2403 commorationis
723 2367 826 2400 Matii
861 2366 900 2399 in
928 2365 1054 2400 Gallia
1078 2372 1207 2410 postea
1233 2364 1385 2399 demum
1410 2364 1552 2397 mentio

82 2416 158 2449 fiat.
182 2416 385 2450 STROTH.
412 2415 709 2460 „Abwesenheit
734 2426 807 2448 von
833 2414 967 2448 Rom.“
1005 2432 1047 2437 —
1097 2413 1248 2446 ambitio
1271 2417 1409 2449 nostra,
1437 2411 1553 2444 hono-

85 2475 168 2496 rum
203 2464 336 2508 petitio
374 2476 475 2505 mea,
518 2464 644 2498 meine
678 2461 875 2497 Laufbahn
917 2461 1040 2495 durch
1084 2461 1146 2495 die
1183 2459 1454 2494 Ehrenstellen
1492 2459 1553 2491 des

84 2510 228 2552 staats5
260 2512 359 2554 quod
385 2512 505 2557 petivi
531 2512 692 2547 honores
725 2517 761 2544 et
785 2515 954 2544 versatus
980 2521 1062 2542 sum
1099 2510 1138 2542 in
1163 2519 1204 2542 re
1229 2508 1394 2551 publica,
1431 2507 1552 2554 magi-

84 2565 222 2593 stratus
246 2565 326 2592 tum
351 2561 471 2605 petivi
497 2567 533 2594 et
559 2561 670 2608 gessi.
699 2577 741 2582 —-
767 2558 861 2591 vitae
886 2558 1018 2591 dissim.
1044 2557 1178 2591 Matius
1205 2555 1304 2589 enim
1332 2555 1410 2601 egit
1435 2554 1552 2587 vitam

83 2607 283 2652 privatam,
311 2608 444 2642 studiis
470 2615 505 2643 et
532 2609 608 2643 otio
634 2606 821 2649 deditam
853 2617 927 2639 non
953 2616 1069 2650 aeque
1094 2616 1136 2638 ac
1163 2604 1294 2637 Cicero
1319 2601 1360 2634 in
1385 2601 1491 2635 curia
1517 2608 1554 2635 et

85 2655 168 2689 foro
194 2660 375 2689 versatus.
405 2673 447 2680 —
476 2656 693 2697 consuetud„
720 2653 997 2694 familiaritate,
1023 2651 1142 2686 durch
1166 2648 1552 2696 taglichenUmgang.

89 2720 129 2726 —
146 2703 320 2744 conglnt„
347 2703 569 2745 coalescere,
595 2701 953 2738 verschmelzen.-
972 2701 1078 2733 anim.
1096 2697 1232 2740 agnovi
1255 2696 1328 2730 iam
1357 2703 1464 2730 antea
1491 2707 1554 2730 co-

87 2750 244 2793 gnitum,
264 2750 434 2786 bew'eihrt
460 2750 660 2798 gefunden.
711 2749 865 2793 cognovi
890 2750 1017 2795 Margo
1045 2747 1144 2781 Crat.
1174 2764 1212 2771 -—
1241 2745 1342 2788 utile,
1371 2744 1554 2778 nimirum

1099 2798 1160 2839 8*
