1795 3086
233 110 296 159 82
511 112 569 155 Μ.
602 111 658 154 Τ,
691 104 1032 155 CICERONIS
1061 107 1434 156 EPISTO‘LAE.

199 227 284 268 2ut
312 237 381 266 mc
411 227 685 279 praesentem
714 237 801 265 non
832 224 1063 266 sustineat.
1120 224 1357 266 Albianum
1387 227 1432 266 te
1461 222 1708 265 confecisse

236 280 445 322 arbitror.
505 281 576 320 De
605 279 872 321 Patulciano
901 281 1101 327 nomine,
1129 281 1249 334 quod
1278 280 1395 321 mihi
1431 280 1707 335 suppetiatus

235 349 297 389 es,
327 335 628 390 gratissimum
659 340 726 377 est
754 339 798 376 et
827 335 975 377 simile
1005 340 1182 377 tuorum
1221 336 1428 378 omnium.
1505 336 1594 378 Sed
1623 348 1710 388 ego

234 392 418 432 Erotem
457 391 514 430 ad
555 390 641 432 ista
679 391 959 445 expedienda
996 391 1164 433 sactum
1209 392 1324 432 mihi
1365 391 1552 433 videbar
1600 391 1707 431 reli-

236 446 408 500 quisse:
459 446 583 486 cuius
630 459 715 487 non
755 447 850 487 sine
899 461 1056 501 magna
1097 449 1231 503 culpa
1268 448 1552 489 vacillarunt.
1621 446 1708 486 Sed

196 504 331 544 3cum
361 502 458 555 ipso
487 501 657 543 videro.
720 502 788 543 De
826 502 1056 555 Montano,
1093 507 1143 545 ut
1182 508 1312 558 saepe
1349 502 1407 544 ad
1448 505 1492 544 te
1531 501 1709 556 scripsi,

234 556 323 599 erit
351 557 436 597 tibi
464 560 559 599 tota
587 571 657 598 res
686 571 833 598 curae.
901 558 1081 600 Servius
1122 558 1414 613 proficiscens
1464 557 1584 612 quod
1634 558 1709 598 de-

235 616 467 667 speranter
504 617 649 654 tecum
696 614 872 654 locutus
920 617 1010 666 est,
1050 614 1232 655 minime
1269 616 1436 662 mir0r3
1483 626 1624 666 neque
1667 614 1710 653 ei

194 668 471 723 :iquidquam
502 668 548 709 in
590 668 902 724 desperatione
941 670 1150 712 concedo.
1218 670 1385 711 Brutus
1415 674 1583 722 noster,
1619 668 1710 709 sin-

231 724 401 779 gularis
429 722 516 771 vir,
544 724 583 765 si
614 725 658 765 in
688 728 887 766 senatum
917 739 1005 766 non
1043 729 1109 765 est
1146 724 1338 767 Kalend.
1378 725 1523 766 Iuniis
1557 728 1710 767 ventu-

232 793 322 826 rus,
351 779 460 833 quid
492 780 695 821 facturus
724 780 785 821 sit
815 779 861 820 in
894 779 1009 825 foro,
1040 780 1202 822 nescio.
1260 782 1348 822 Sed
1377 780 1465 821 hoc
1494 781 1590 835 ipse
1619 794 1709 821 me-

231 835 332 875 lius.
389 834 488 889 Ego
520 849 576 876 ex
607 835 693 888 his,
722 849 834 890 quae
872 835 1024 890 parari
1061 836 1211 888 video,
1260 850 1349 879 non
1387 837 1575 877 inultum
1615 836 1711 876 Idi-

231 892 312 932 bus
342 889 529 931 Martiis
559 891 813 945 profectum
844 890 1013 933 iudico.
1073 891 1235 947 Itaque
1273 892 1329 933 de
1368 892 1563 933 Graecia
1603 905 1712 946 quo-

229 945 343 987 tidie
371 946 513 1000 magis
542 951 587 987 et
615 947 758 1002 magis
788 947 953 1002 cogito.
1020 946 1117 989 Nec
1156 947 1272 989 enim
1311 947 1456 988 Bruto
1494 961 1592 990 meo
1633 960 1712 988 ex-

229 1001 396 1048 silium,
443 1006 490 1042 ut
531 1002 694 1044 scribit
735 1002 848 1057 ipse,
898 1003 1137 1045 meditanti
1177 1004 1309 1046 video
1351 1003 1462 1058 quid
1500 1003 1714 1058 prodesse

322 1194 356 1230 2.
408 1192 620 1236 Albianum,
659 1192 722 1227 das
750 1192 933 1228 Geschhift
970 1193 1043 1228 mit
1077 1193 1164 1228 dem
1200 1191 1357 1228 Sabinus
1382 1193 1526 1228 Albius.
1579 1192 1617 1228 S.
1653 1193 1711 1239 ep.

229 1242 299 1277 607
325 1240 402 1274 und
429 1252 486 1287 ep.
514 1242 597 1283 704,
625 1242 657 1276 2.
705 1241 762 1275 Er
786 1254 870 1276 war
894 1243 955 1275 ein
982 1241 1138 1276 coheres
1165 1242 1374 1277 Ciceronis.
1407 1261 1455 1267 —
1486 1241 1714 1286 suppetiatus

230 1300 277 1332 es,
303 1288 385 1323 dass
411 1289 470 1323 Du
497 1289 574 1322 mir
599 1290 639 1322 in
663 1289 845 1324 Hinsicht
882 1290 950 1324 der
983 1290 1247 1325 Patulcischen
1282 1289 1430 1324 Schuld
1461 1289 1713 1337 ausgeholfen

229 1336 314 1371 hast
339 1349 375 1370 u.
403 1349 430 1370 s.
456 1349 505 1370 w.
546 1336 786 1382 Suppetiatus
819 1344 899 1372 erat
925 1338 1072 1372 Atticus
1107 1339 1146 1372 in
1175 1338 1359 1386 exigenda
1396 1350 1416 1372 a
1442 1337 1609 1373 Patulcio
1646 1348 1713 1383 pe-

231 1384 341 1419 cunia
368 1391 430 1418 aut
454 1384 657 1430 pecuniam
693 1386 739 1419 de
774 1396 839 1419 suo
876 1386 1032 1420 dederat
1067 1387 1362 1431 tantundemque
1399 1398 1438 1421 se
1463 1387 1669 1431 scripserat
1693 1397 1714 1419 a

230 1433 409 1473 Patulcio,
435 1432 501 1477 qui
526 1432 703 1467 Ciceroni
729 1433 898 1476 debebat,
934 1440 1165 1468 exacturum.
1204 1434 1313 1469 SCH.
1363 1433 1427 1468 Sic
1460 1434 1505 1467 de
1540 1435 1712 1482 Montag-
1744 1460 1748 1461 γ
1780 1429 1782 1432 ’

230 1480 320 1514 nani
345 1480 448 1521 coni„
470 1479 556 1514 Sch.
584 1481 679 1515 Liin.
723 1481 850 1524 Recte,
876 1487 917 1515 ut
941 1483 1098 1527 opin0r3
1135 1482 1206 1516 etsi
1240 1488 1296 1516 est
1328 1493 1410 1517 voc.
1432 1482 1713 1528 Appuleianum
1778 1506 1781 1509 -

231 1530 394 1572 (Metam.
420 1528 521 1562 VIII.
548 1535 633 1573 post
659 1529 756 1563 med.
783 1541 820 1575 p.
848 1531 930 1571 210,
956 1531 1015 1564 31.
1043 1530 1144 1563 Elm.
1171 1537 1207 1564 et
1232 1531 1302 1564 III.
1328 1543 1367 1576 p.
1397 1531 1476 1571 147,
1501 1532 1535 1565 9.
1563 1536 1601 1564 et
1626 1530 1711 1572 VII,

231 1589 268 1623 p.
297 1578 376 1618 190,
403 1578 490 1619 36.).
537 1576 644 1611 Talia
672 1577 774 1611 enim
798 1579 863 1611 vel
893 1578 1058 1612 obsoleta
1084 1578 1168 1621 vel,
1200 1584 1241 1611 ut
1265 1578 1339 1611 hoc
1370 1578 1542 1620 videtur,
1576 1589 1597 1611 e
1621 1588 1711 1611 con-

232 1624 428 1658 suetudine
452 1624 605 1672 vulgari
631 1626 671 1658 in
696 1626 795 1670 Epp.
821 1626 1031 1659 scribendis
1057 1626 1171 1659 etiam
1206 1637 1224 1658 a
1259 1626 1389 1660 Tullio
1425 1626 1618 1660 interdum
1650 1637 1710 1659 ar·
1775 1664 1777 1669 .

232 1678 353 1717 repta,
378 1672 471 1706 alias
497 1684 581 1706 cum
609 1674 905 1718 elegantioribus
930 1674 1145 1708 hominibus
1179 1674 1224 1707 ab
1251 1674 1381 1708 eodem
1407 1673 1617 1719 repudiata,
1650 1685 1711 1707 re·
1775 1683 1777 1687 ·

231 1732 372 1754 novare
399 1720 496 1754 solet
520 1720 740 1766 Appuleius.
793 1721 862 1764 Qui
889 1721 962 1756 hoc
988 1721 1170 1756 reiecturi
1195 1728 1292 1764 sunt,
1326 1722 1354 1754 ii
1387 1722 1536 1769 legant:
1580 1732 1710 1765 suppe-

233 1769 308 1802 tias
333 1768 460 1802 tulisti.
495 1768 569 1801 Md.
598 1781 617 1802 a
643 1781 701 1815 pr.
728 1781 776 1806 m.
805 1769 983 1804 Tornaes.
1018 1771 1274 1813 suspendimus
1301 1773 1364 1802 est.
1399 1770 1470 1803 Md.
1510 1781 1530 1802 a
1556 1781 1631 1804 sec.
1658 1781 1708 1802 m.
1772 1772 1775 1775 “

234 1816 482 1860 suppeditatas
511 1827 548 1849 es
574 1817 626 1858 (vi
655 1818 903 1862 deponentis),
936 1824 977 1851 ut
1009 1818 1105 1851 Edd.
1140 1823 1295 1864 praeter
1326 1817 1470 1859 hamb„
1513 1817 1578 1862 qui
1613 1817 1709 1851 coni.

233 1863 322 1897 milui
353 1864 417 1897 abs
459 1868 493 1897 te
523 1866 787 1909 suppeditatum
823 1870 884 1899 est.
930 1866 1123 1900 ORELLI.
1174 1866 1290 1899 Forte
1322 1865 1395 1898 fuit
1430 1865 1470 1907 Q.
1506 1865 1710 1907 Patulcius,
1770 1879 1773 1900 1

235 1917 409 1955 quaestor
432 1912 521 1945 anni
546 1914 626 1948 705.
652 1933 699 1938 -
723 1914 836 1946 simile
861 1918 885 1946 t.
912 1925 1018 1955 omn„
1050 1915 1111 1948 ein
1136 1925 1256 1947 neuer
1280 1913 1396 1961 Beleg·
1421 1925 1467 1946 zu
1492 1913 1596 1947 allen
1620 1913 1708 1948 Dei-

234 1961 307 1995 nen'
333 1959 526 2007 sonstigen
553 1960 864 2009 Gefa‘lligkeiten.
894 1980 935 1985 —
961 1963 1032 1995 Sed
1056 1973 1126 2003 ego
1153 1990 1161 1997 .
1189 1986 1196 1993 .
1225 1987 1232 1994 .
1261 1961 1495 2002 vacillarunt,
1516 1960 1582 1994 ich
1602 1960 1708 1996 hatte
1768 1966 1770 1996 1

232 2007 394 2041 {reilich
418 2008 599 2055 geglaubt
623 2009 804 2044 wunder!
843 2021 920 2043 was
955 2011 1019 2042 fiir
1051 2009 1161 2043 einen
1194 2020 1263 2042 zur
1295 2009 1519 2057 Besorgung
1556 2009 1711 2043 solcher
1766 2027 1769 2043 ;

231 2055 433 2089 Gesch‘a'ste
450 2067 545 2102 ganz
564 2057 791 2103 gemachten
808 2059 916 2090 lliann
933 2057 997 2090 ich
1018 2057 1057 2089 in
1073 2057 1252 2098 (meinem
1264 2054 1596 2104 Freigelassenen)
1610 2057 1708 2091 Eros
1765 2064 1768 2091 ξ

231 2102 509 2146 zuriickliesse;
546 2104 615 2138 der
650 2105 823 2139 dennoch
849 2105 975 2139 sicher
1007 2105 1085 2138 viel
1111 2104 1253 2138 Schuld
1280 2105 1393 2138 daran
1418 2104 1496 2145 hat,
1532 2105 1615 2139 dass
1641 2105 1709 2138 der
1764 2120 1766 2124 ·

230 2150 379 2185 Handel
403 2151 503 2184 noch
528 2154 672 2197 wankr‚
699 2153 798 2187 noch
822 2152 959 2187 Nichts
984 2153 1058 2186 fest
1084 2152 1195 2186 steht.
1243 2173 1285 2178 —-
1327 2153 1463 2194 videro,
1490 2152 1555 2186 ich
1580 2153 1709 2187 werde
1763 2157 1766 2190 ζ

229 2209 266 2233 es
294 2198 530 2233 ausmachen.
1762 2221 1764 2224 >

323 2248 358 2282 3.
410 2246 466 2279 De
491 2248 683 2281 Montano.
723 2247 759 2282 S.
784 2259 840 2292 ep.
869 2249 949 2290 699,
976 2249 1008 2282 6.
1036 2249 1119 2290 698,
1147 2249 1178 2281 4.
1208 2267 1249 2273 —-
1275 2247 1434 2282 Servius.
1472 2248 1508 2283 S.
1538 2259 1595 2293 ep.
1623 2251 1703 2290 701,

229 2295 262 2328 4.
289 2295 321 2329 5.
370 2294 428 2327 Er
455 2297 643 2330 entfernte
669 2296 752 2330 sich
777 2307 841 2328 aus
868 2295 1066 2329 Missmuth
1093 2295 1167 2328 und
1193 2295 1412 2342 Besorgniss
1439 2307 1501 2329 aus
1528 2296 1633 2330 Rom.
1651 2317 1702 2342 ἱ-
1760 2310 1761 2313 ’

229 2342 475 2387 desperanter,
500 2354 564 2376 aus
591 2344 712 2377 einem
740 2354 779 2377 so
804 2343 1122 2390 hoffnungslosen
1147 2343 1263 2376 Tone.

325 2391 360 2425 4.
409 2390 628 2433 singularis,
656 2392 804 2438 einzige
830 2391 863 2423 d.
893 2392 917 2425 i.
944 2393 1018 2425 wie
1046 2403 1081 2425 cs
1109 2391 1254 2424 Keinen
1280 2390 1392 2424 mehr
1417 2391 1510 2435 gibt.
1544 2410 1589 2416 -——
1624 2392 1702 2425 Ka-
1757 2396 1759 2401 '

230 2438 322 2472 Iend.
348 2438 426 2472 Iun.
462 2437 497 2472 S.
525 2450 581 2484 ep.
608 2441 692 2480 699,
712 2441 743 2474 2.
772 2439 854 2481 694,
880 2440 912 2473 4.
959 2458 1001 2462 —
1045 2439 1131 2484 quid
1144 2439 1322 2481 facturus
1345 2439 1393 2472 sit
1418 2441 1455 2472 in
1473 2439 1582 2482 soro,
1608 2439 1703 2474 WVas
1756 2457 1757 2460 ¹
1793 2460 1795 2473 η

230 2498 272 2519 er
295 2488 362 2520 auf
383 2485 467 2520 dem
493 2486 591 2521 Foro
617 2487 716 2521 beim
742 2487 862 2521 Volke
888 2487 1106 2521 ausrichten
1133 2487 1254 2521 sollte.
1283 2506 1324 2511 —
1351 2487 1479 2520 melius
1499 2488 1699 2522 intellexe-
1754 2500 1757 2508 ·

229 2534 295 2574 rit,
323 2534 476 2576 viderit,
502 2534 564 2568 das
588 2536 698 2583 mb'ge
723 2547 767 2568 er
792 2535 906 2568 selbst
931 2535 1055 2569 besser
1079 2535 1228 2569 wissen.
1272 2552 1317 2559 ·—-
1359 2535 1508 2578 parari,
1542 2535 1702 2569 maclien
1753 2540 1755 2559 ³
1792 2572 1795 2576 ,

227 2581 301 2614 und
328 2581 436 2615 nicht
462 2582 642 2623 machen3
680 2583 782 2616 ienes
815 2594 887 2616 von
921 2583 987 2616 der
1021 2581 1263 2617 Casarischen
1290 2583 1428 2622 Partei‚
1471 2583 1592 2617 dieses
1625 2594 1701 2616 von
1751 2585 1754 2616 ἑ
1793 2605 1795 2615 ,

225 2629 362 2663 Brutus
401 2630 477 2663 und
523 2631 665 2665 seinem
710 2630 917 2679 Anhange‚
967 2630 1039 2664 mit
1087 2630 1217 2664 dessen
1259 2629 1527 2677 Unth’a'tigkeit
1568 2630 1703 2664 Cicero
1750 2645 1753 2658 ι
1792 2652 1795 2673 1

225 2676 398 2711 schlecht
425 2678 620 2712 zusriedcn
644 2690 736 2713 war.
779 2698 824 2703 —-
866 2679 908 2712 de
936 2679 1101 2712 Graecia.
1135 2678 1169 2712 S.
1197 2688 1254 2722 ep.
1280 2679 1363 2718 693.
1394 2679 1428 2713 4.
1470 2696 1511 2702 -
1557 2679 1699 2713 scribit.
1751 2712 1753 2715 ,
1793 2701 1795 2712 ,

224 2723 288 2758 Sic
313 2725 397 2759 dedi
424 2725 468 2760 de
495 2726 647 2761 Coi-rad.
677 2737 774 2771 susp.
819 2725 896 2759 cfr.
930 2726 1001 2771 Ep.
1036 2736 1130 2770 seq.:
1176 2731 1208 2759 et
1241 2726 1354 2759 Bruti
1388 2731 1421 2759 et
1453 2730 1536 2760 tuae
1561 2727 1697 2760 literae.

220 2772 295 2807 Ille
315 2773 464 2815 (scribit
489 2777 545 2818 se)
572 2774 719 2809 exilium
745 2774 925 2809 meditari.
976 2775 1171 2809 Praeterea
1203 2773 1294 2808 alibi
1327 2785 1514 2819 nunquam
1541 2780 1616 2809 est:
1661 2778 1699 2807 ue
