1795 3086
542 56 856 99 EPISTOLA
892 59 1065 100 DCCC.
1456 56 1545 102 277

74 183 314 224 cognosces
344 169 513 210 omnia:
556 182 656 210 nam
699 168 777 210 tibi
819 182 968 209 earum
1000 169 1231 223 exemplar
1261 168 1376 210 misi.
1438 183 1546 209 xvu.

75 227 171 268 Kal.
204 227 349 280 April.
382 224 603 266 Corduba.

317 413 635 458 EPISTOLA
665 412 844 454 DCCC.
907 413 983 461 (ad
1014 413 1117 454 Div.
1151 414 1207 455 X.
1233 415 1299 461 6.)

215 491 294 526 ser.
320 491 457 525 Romae
483 490 583 523 xm.
611 489 690 523 Kal.
722 489 809 534 Apr.
846 489 887 521 Α.
918 488 961 521 u.
991 489 1030 523 c.
1059 490 1135 543 πμ.
1188 489 1235 528 (a.
1264 489 1303 521 c.
1332 489 1407 528 43.)

75 558 257 591 Hortatur
282 557 472 598 Plancum,
509 562 552 589 ut
590 555 763 602 seiungat
796 567 835 588 se
873 567 891 588 a
917 554 1095 588 soci-iate
1125 554 1312 586 malorum
1346 563 1550 598 pacemque

72 616 146 640 non
180 605 220 638 iu
253 605 367 639 armis
401 604 531 651 positis
564 604 627 638 sed
661 604 700 636 iu
734 604 877 637 abiecto
912 613 1105 636 armorum
1141 607 1177 636 et
1216 602 1410 634 servitutis
1447 608 1549 634 melu

636 659 802 697 quaerat.
836 653 954 686 1-3.

607 723 785 758 CICERO
812 720 1015 755 PLANCO.

179 793 304 844 Quae
335 794 510 834 locutus
541 798 608 834 est
629 793 821 833 Furnius
851 794 1004 831 noster
1027 789 1082 830 de
1103 790 1250 830 animo
1281 794 1356 830 tuo
1388 790 1431 829 iu
1458 803 1548 829 rem

70 849 308 904 publicam,
349 864 403 890 ea
441 848 698 903 gratissima
734 847 914 888 fuerunt
952 845 1126 886 senatui
1164 846 1415 900 populoque
1456 845 1549 885 Ro-

69 919 196 946 mano
227 906 562 959 probatissima:
606 917 716 957 quae
747 906 895 943 autem
926 901 1143 942 recitatae
1183 902 1341 942 literae
1371 906 1473 942 sunt
1502 901 1548 940 in

68 966 238 1007 senatu,
268 973 540 1014 nequaquam
571 959 824 1000 consentire
863 971 962 999 cum
992 957 1152 998 Furnii
1192 958 1394 999 oratione
1422 957 1548 997 visae

15 1056 16 1061 ,
68 1020 183 1057 sunt.
242 1015 378 1057 Pacis
419 1016 534 1056 enim
575 1019 734 1056 auctor
773 1027 890 1064 eras,
929 1028 1063 1068 quum
1102 1014 1280 1067 collega
1319 1020 1434 1064 tuus,
1476 1011 1548 1052 vir

12 1075 16 1115 ζ
67 1073 359 1124 clarissimus,
390 1085 414 1111 a
444 1071 719 1112 foedissimis
750 1071 998 1110 latronibus
1029 1069 1333 1110 obsideretur:
1363 1070 1437 1122 qui
1471 1071 1547 1108 aut

15 1154 16 1175 2
69 1127 227 1182 positis
257 1129 392 1168 armis
423 1141 577 1181 paceni
608 1130 759 1181 petere
780 1126 964 1174 debent;
994 1129 1083 1176 aut,
1114 1125 1153 1165 si
1177 1128 1423 1179 pugnantes
1451 1137 1543 1163 earn

68 1183 310 1238 postulant,
347 1184 541 1224 victoria
580 1196 685 1236 pax,
725 1196 812 1222 non
840 1181 1044 1235 pactione
1073 1182 1289 1235 parienda
1318 1184 1398 1220 est.
1457 1178 1546 1220 Sed

68 1239 124 1279 de
153 1252 259 1292 pace
290 1238 448 1280 literae
486 1239 554 1279 vel
587 1238 751 1292 Lepidi
791 1237 863 1278 vel
896 1242 996 1277 tuae
1027 1250 1160 1290 quam
1191 1238 1238 1277 in
1269 1240 1436 1290 partem
1468 1247 1542 1274 ac-

67 1300 220 1348 ceptae
250 1293 355 1344 sint,
393 1307 449 1334 ex
477 1295 576 1334 viro
606 1293 792 1346 optimo,
823 1291 966 1333 fratre
996 1295 1088 1342 tuo,
1128 1297 1173 1333 et
1201 1306 1259 1332 ex
1291 1291 1341 1332 C.
1374 1289 1544 1331 Furnio

66 1351 235 1405 poteris
274 1363 558 1403 cognoscere.
627 1349 702 1390 Me
742 1353 888 1389 autem
928 1348 1107 1401 impulit
1146 1347 1214 1389 tui
1254 1348 1435 1398 caritas,
1480 1350 1543 1397 ut,

65 1418 332 1461 quamquam
361 1419 443 1446 nec
472 1405 555 1446 tibi
588 1406 673 1459 ipsi
705 1403 942 1445 consilium
974 1404 1150 1445 deesset
1179 1407 1223 1444 et
1251 1402 1408 1443 fratris
1431 1403 1542 1441 Fur-1

16 1471 17 1514 ζ
67 1463 217 1517 niique
246 1461 556 1502 benevolentia
587 1461 824 1514 fidelisque
854 1459 1093 1513 prudentia
1122 1460 1204 1500 tibi
1227 1463 1404 1512 praesto
1428 1461 1545 1497 esset

16 1540 17 1563 η
68 1518 233 1564 sutura,
260 1518 415 1559 vellem
446 1522 593 1557 tamen
623 1530 747 1557 meae
776 1530 950 1570 quoqu-e
982 1516 1263 1556 auctoritatis
1294 1528 1375 1567 pro
1403 1513 1544 1568 pluri-⁴

15 1565 17 1594 ¹
66 1574 150 1615 mis
191 1572 356 1614 nostris
408 1571 808 1613 necessitudinibus
854 1576 1140 1626 praeceptum
1182 1570 1239 1611 ad
1279 1575 1322 1611 te
1361 1568 1542 1623 aliquod

67 1629 312 1684 pervenire.
372 1628 518 1669 Crede
549 1630 689 1681 igitur
718 1627 848 1675 mihi,
889 1627 1075 1679 Plance,
1114 1640 1279 1678 omnes,
1318 1639 1428 1680 quos
1467 1624 1541 1665 ad-

68 1686 154 1726 huc
184 1684 347 1738 gradus
376 1685 614 1738 dignitatis
644 1688 906 1725 consecutus
936 1683 998 1723 sis
1029 1705 1082 1711 --
1113 1698 1159 1724 es
1189 1687 1335 1723 autem
1357 1682 1543 1735 adeptus

15 1756 17 1776 ;
66 1740 367 1795 amplissimos
411 1764 465 1769 —
514 1755 589 1781 eos
634 1740 852 1781 honorum
889 1740 1104 1781 vocabula
1150 1738 1407 1789 habituros,
1456 1750 1543 1777 non

10 1841 16 1855 =.
65 1797 301 1852 dignitatis
330 1795 541 1851 insignia,
584 1796 673 1837 uisi
715 1800 760 1837 te
800 1808 897 1836 cuin
929 1796 1136 1836 libertate
1167 1794 1322 1849 populi
1351 1792 1542 1834 Romani

10 1949 17 1983 ³³
66 1953 208 1987 Deinde
239 1964 287 1981 Ξ
320 1962 414 1995 quae
440 1950 588 1994 reliqua
616 1957 722 1994 sunt,
757 1950 950 1999 iibrigens.
1003 1969 1043 1973 ——
1098 1948 1297 1992 exemplar,
1332 1945 1422 1981 Cdd.
1455 1946 1531 1989 aliq

10 1995 16 2018 ³
65 2001 270 2045 exemplum.
298 2000 375 2033 OR.
403 2019 450 2024 —-
480 2012 579 2032 XVII.
608 1999 694 2033 Kal.
721 2000 859 2043 April„
885 2011 945 2032 am
974 2000 1028 2033 16.
1058 2000 1169 2031 M‘airz.

10 2052 12 2057 '
159 2048 376 2084 PLANCO.
426 2047 463 2081 S.
491 2058 548 2092 ep.
576 2049 643 2082 797
668 2047 722 2080 im
748 2049 834 2081 Anf.

10 2134 13 2140 ‚
162 2100 194 2131 l.
220 2097 391 2130 Furnius.
443 2095 479 2130 S.
507 2106 554 2129 zu
580 2108 638 2141 ep.
666 2097 736 2131 792
761 2096 814 2127 im
842 2095 927 2128 Ans.
955 2113 996 2118 -
1028 2094 1183 2138 probat„
1210 2091 1350 2125 hochst
1378 2090 1542 2126 beifalls-

10 2145 13 2187 f
65 2145 205 2181 werth.
231 2164 278 2170 —
303 2145 449 2186 literae,
474 2144 512 2176 in
539 2145 672 2187 quibus
699 2144 874 2177 suadebas
900 2154 1031 2188 pacem
1058 2154 1144 2175 cum
1168 2140 1339 2174 Antonio.
1369 2158 1409 2162 —-
1438 2150 1544 2182 quum

11 2215 13 2237 3
66 2209 114 2226 z
140 2192 333 2228 wahrend.
362 2213 404 2218 —
432 2193 577 2234 collega
603 2196 684 2225 tems
708 2193 752 2225 D.
766 2194 916 2233 Brutus,
943 2203 1026 2223 cum
1055 2191 1190 2224 Planco
1215 2189 1344 2222 consul
1370 2187 1544 2233 designa-

11 2240 13 2266 ἶ
67 2249 140 2284 ωε,
173 2241 217 2274 ab
243 2241 410 2275 Antonio
447 2240 603 2284 eiusque
635 2240 822 2274 militibus
860 2240 1025 2273 Mutinae
1051 2239 1231 2272 obsessus.
1267 2236 1468 2270 MANUT.
1497 2252 1538 2259 —·

16 2307 17 2320 ἢ
63 2294 282 2335 pugnantes,
319 2288 392 2322 mit
415 2289 501 2322 dem
527 2288 708 2323 Schwert
732 2289 773 2321 in
798 2289 868 2322 der
894 2287 1013 2321 Hand.
1050 2305 1092 2309 —
1140 2285 1314 2330 pactione,
1340 2289 1539 2322 conventu,

12 2346 19 2378 ᾔ
66 2337 187 2371 durch
221 2336 553 2384 Unterhandlung.
593 2354 634 2359 -—-
679 2342 860 2381 acceptae,
900 2335 1134 2377 intellectae,
1169 2334 1376 2379 ausgelegt,
1410 2332 1540 2376 aufge—

12 2387 13 2395 ¹
67 2396 255 2419 nommen.
283 2404 328 2410 —
344 2387 479 2428 fratre
505 2389 577 2428 tuo,
603 2395 679 2418 non
705 2384 748 2418 T.
775 2386 911 2419 Planco
937 2385 1066 2426 Bursa,
1101 2383 1165 2427 qui
1191 2382 1407 2415 nominatur
1432 2379 1542 2423 epist.

16 2443 18 2455 ¹
69 2435 158 2477 1823
184 2444 268 2466 nam
294 2444 381 2466 cum
406 2433 570 2466 Antonio
597 2438 678 2465 erat
702 2433 887 2479 (Philipp.
914 2432 1019 2475 xl'ss,
1050 2433 1130 2474 12):
1166 2431 1229 2464 sed
1257 2440 1310 2471 eo,
1347 2428 1413 2472 qui
1438 2437 1538 2460 com-

70 2487 305 2515 memoratur
329 2492 388 2526 ep.
413 2482 494 2516 818.
521 2481 723 2515 MANUT.

13 2560 16 2574 ‚
163 2531 197 2565 2.
216 2528 345 2569 fidelis
364 2529 470 2572 prud.
499 2555 508 2563 .
534 2555 542 2563 .
570 2554 578 2563 .
595 2531 747 2570 sutura,
780 2527 819 2559 in
844 2534 1027 2574 promptu
1054 2533 1091 2562 et
1115 2525 1258 2560 auxilio
1284 2523 1354 2557 tibi
1380 2521 1539 2556 affutura

12 2578 15 2619 l
70 2583 181 2620 esset,
207 2576 284 2609 und
309 2577 435 2610 Deren
460 2576 842 2611 treuev0rsichrDi1-
863 2576 1002 2610 immer
1026 2587 1096 2609 zur
1121 2574 1225 2608 Seite
1251 2571 1383 2605 stehen
1401 2571 1539 2604 din-fte-

68 2644 114 2650 —
139 2625 344 2670 pervenire,
369 2625 566 2671 gelangen.
603 2643 644 2648 —
698 2634 770 2665 eos,
797 2623 890 2658 iiber
915 2626 1047 2659 ‹lessen
1073 2620 1415 2655 nachdrucksvolle
1440 2618 1538 2652 Stel=

68 2673 162 2721 lung
187 2685 215 2707 s.
242 2672 389 2706 Ramsh.
415 2672 443 2714 ξ.
472 2674 552 2713 159,
578 2674 612 2715 3,
640 2684 670 2706 c.
690 2672 953 2718 Epanalepsis.
981 2672 1010 2714 §.
1038 2673 1120 2711 205,
1148 2672 1186 2707 Β,
1213 2671 1247 2704 6.
1271 2687 1306 2692 -
1327 2667 1450 2701 lionor-
1477 2678 1538 2700 vo-

17 2727 19 2730 '
70 2722 162 2766 cab„
189 2720 422 2760 Ehrentite}‚
449 2721 572 2754 inania
597 2720 761 2754 nomina.
793 2738 836 2746 —-
869 2721 1047 2763 insignia,
1076 2723 1308 2755 ornamenta,
1335 2715 1443 2749 nicht
1470 2714 1542 2749 den
