<?xml version="1.0" encoding="UTF-8"?>
<!DOCTYPE html PUBLIC "-//W3C//DTD XHTML 1.0 Transitional//EN"
    "http://www.w3.org/TR/xhtml1/DTD/xhtml1-transitional.dtd">
<html xmlns="http://www.w3.org/1999/xhtml" xml:lang="en" lang="en">
 <head>
  <title>
</title>
<meta http-equiv="Content-Type" content="text/html;charset=utf-8" />
  <meta name='ocr-system' content='tesseract 3.04.00' />
  <meta name='ocr-capabilities' content='ocr_page ocr_carea ocr_par ocr_line ocrx_word'/>
</head>
<body>
  <div class='ocr_page' id='page_1' title='image "./epistolaeadattic04ciceuoft_0087.png"; bbox 0 0 1795 3086; ppageno 0'>
   <div class='ocr_carea' id='block_1_1' title="bbox 0 218 3 735">
    <p class='ocr_par' dir='ltr' id='par_1_1' title="bbox 0 218 3 735">
     <span class='ocr_line' id='line_1_1' title="bbox 0 218 3 735; baseline 0 0"><span class='ocrx_word' id='word_1_1' title='bbox 0 218 3 735; x_wconf 95' lang='lat' dir='ltr'> </span> 
     </span>
    </p>
   </div>
   <div class='ocr_carea' id='block_1_2' title="bbox 606 71 1570 118">
    <p class='ocr_par' dir='ltr' id='par_1_2' title="bbox 606 71 1570 118">
     <span class='ocr_line' id='line_1_2' title="bbox 606 71 1570 118; baseline 0.005 -5"><span class='ocrx_word' id='word_1_2' title='bbox 606 72 918 117; x_wconf 84' lang='lat' dir='ltr'><strong>EPISTOLA</strong></span> <span class='ocrx_word' id='word_1_3' title='bbox 948 73 1086 117; x_wconf 86' lang='lat' dir='ltr'>DCC.</span> <span class='ocrx_word' id='word_1_4' title='bbox 1510 71 1570 118; x_wconf 89' lang='lat'>77</span> 
     </span>
    </p>
   </div>
   <div class='ocr_carea' id='block_1_3' title="bbox 91 183 1571 1296">
    <p class='ocr_par' dir='ltr' id='par_1_3' title="bbox 91 183 1571 1296">
     <span class='ocr_line' id='line_1_3' title="bbox 96 183 1568 239; baseline -0.002 -13"><span class='ocrx_word' id='word_1_5' title='bbox 96 186 159 226; x_wconf 88' lang='lat' dir='ltr'>hil</span> <span class='ocrx_word' id='word_1_6' title='bbox 191 183 562 239; x_wconf 84' lang='lat' dir='ltr'>magnificentius,</span> <span class='ocrx_word' id='word_1_7' title='bbox 590 184 706 225; x_wconf 89' lang='lat' dir='ltr'>nihil</span> <span class='ocrx_word' id='word_1_8' title='bbox 739 184 1017 237; x_wconf 86' lang='lat' dir='ltr'>praeclarius</span> <span class='ocrx_word' id='word_1_9' title='bbox 1047 188 1194 227; x_wconf 81' lang='lat' dir='ltr'>actum</span> <span class='ocrx_word' id='word_1_10' title='bbox 1215 197 1422 239; x_wconf 87' lang='lat' dir='ltr'>unquam,</span> <span class='ocrx_word' id='word_1_11' title='bbox 1453 183 1568 224; x_wconf 88' lang='lat' dir='ltr'>nihil</span> 
     </span>
     <span class='ocr_line' id='line_1_4' title="bbox 97 239 1569 296; baseline -0.003 -14"><span class='ocrx_word' id='word_1_12' title='bbox 97 242 162 282; x_wconf 84' lang='lat' dir='ltr'>rei</span> <span class='ocrx_word' id='word_1_13' title='bbox 204 241 410 296; x_wconf 86' lang='lat' dir='ltr'>publicae</span> <span class='ocrx_word' id='word_1_14' title='bbox 447 239 703 281; x_wconf 87' lang='lat' dir='ltr'>salutarius.</span> <span class='ocrx_word' id='word_1_15' title='bbox 778 239 925 293; x_wconf 87' lang='lat' dir='ltr'>Atque</span> <span class='ocrx_word' id='word_1_16' title='bbox 965 241 1077 282; x_wconf 88' lang='lat' dir='ltr'>haec</span> <span class='ocrx_word' id='word_1_17' title='bbox 1125 254 1211 282; x_wconf 88' lang='lat' dir='ltr'>una</span> <span class='ocrx_word' id='word_1_18' title='bbox 1247 254 1339 283; x_wconf 86' lang='lat' dir='ltr'>vox</span> <span class='ocrx_word' id='word_1_19' title='bbox 1375 239 1569 281; x_wconf 88' lang='lat' dir='ltr'>omnium</span> 
     </span>
     <span class='ocr_line' id='line_1_5' title="bbox 93 294 1568 351; baseline -0.003 -13"><span class='ocrx_word' id='word_1_20' title='bbox 93 301 174 338; x_wconf 86' lang='lat' dir='ltr'>est.</span> <span class='ocrx_word' id='word_1_21' title='bbox 233 297 271 337; x_wconf 83' lang='lat' dir='ltr'><strong>A</strong></span> <span class='ocrx_word' id='word_1_22' title='bbox 301 300 344 337; x_wconf 86' lang='lat' dir='ltr'>te</span> <span class='ocrx_word' id='word_1_23' title='bbox 374 298 519 336; x_wconf 83' lang='lat' dir='ltr'>autem</span> <span class='ocrx_word' id='word_1_24' title='bbox 561 300 679 349; x_wconf 88' lang='lat' dir='ltr'>peto,</span> <span class='ocrx_word' id='word_1_25' title='bbox 719 297 767 334; x_wconf 85' lang='lat' dir='ltr'>ut</span> <span class='ocrx_word' id='word_1_26' title='bbox 796 308 865 335; x_wconf 86' lang='lat' dir='ltr'>me</span> <span class='ocrx_word' id='word_1_27' title='bbox 896 294 1017 335; x_wconf 88' lang='lat' dir='ltr'>hanc</span> <span class='ocrx_word' id='word_1_28' title='bbox 1045 297 1173 351; x_wconf 85' lang='lat' dir='ltr'>quasi</span> <span class='ocrx_word' id='word_1_29' title='bbox 1203 296 1363 338; x_wconf 86' lang='lat' dir='ltr'>falsam</span> <span class='ocrx_word' id='word_1_30' title='bbox 1391 294 1568 336; x_wconf 80' lang='lat' dir='ltr'>heredi-</span> 
     </span>
     <span class='ocr_line' id='line_1_6' title="bbox 93 350 1569 406; baseline -0.002 -13"><span class='ocrx_word' id='word_1_31' title='bbox 93 357 228 393; x_wconf 82' lang='lat' dir='ltr'>tatem</span> <span class='ocrx_word' id='word_1_32' title='bbox 269 353 443 392; x_wconf 86' lang='lat' dir='ltr'>alienae</span> <span class='ocrx_word' id='word_1_33' title='bbox 492 351 665 404; x_wconf 85' lang='lat' dir='ltr'>gloriae</span> <span class='ocrx_word' id='word_1_34' title='bbox 713 350 835 391; x_wconf 87' lang='lat' dir='ltr'>sinas</span> <span class='ocrx_word' id='word_1_35' title='bbox 885 364 1065 391; x_wconf 87' lang='lat' dir='ltr'>cernere</span> <span class='ocrx_word' id='word_1_36' title='bbox 1116 366 1271 406; x_wconf 89' lang='lat' dir='ltr'>meque</span> <span class='ocrx_word' id='word_1_37' title='bbox 1319 352 1471 406; x_wconf 88' lang='lat' dir='ltr'>aliqua</span> <span class='ocrx_word' id='word_1_38' title='bbox 1509 363 1569 390; x_wconf 81' lang='lat' dir='ltr'>ex</span> 
     </span>
     <span class='ocr_line' id='line_1_7' title="bbox 92 405 1566 462; baseline -0.002 -14"><span class='ocrx_word' id='word_1_39' title='bbox 92 413 223 462; x_wconf 86' lang='lat' dir='ltr'>parte</span> <span class='ocrx_word' id='word_1_40' title='bbox 279 409 324 447; x_wconf 91' lang='lat' dir='ltr'>in</span> <span class='ocrx_word' id='word_1_41' title='bbox 379 405 641 448; x_wconf 84' lang='lat' dir='ltr'>societatem</span> <span class='ocrx_word' id='word_1_42' title='bbox 698 410 875 446; x_wconf 84' lang='lat' dir='ltr'>tuarum</span> <span class='ocrx_word' id='word_1_43' title='bbox 932 406 1114 446; x_wconf 90' lang='lat' dir='ltr'>laudum</span> <span class='ocrx_word' id='word_1_44' title='bbox 1168 408 1324 448; x_wconf 85' lang='lat' dir='ltr'>venire</span> <span class='ocrx_word' id='word_1_45' title='bbox 1380 405 1566 462; x_wconf 81' lang='lat' dir='ltr'>patiare.</span> 
     </span>
     <span class='ocr_line' id='line_1_8' title="bbox 94 460 1569 518; baseline -0.001 -15"><span class='ocrx_word' id='word_1_46' title='bbox 94 464 384 518; x_wconf 82' lang='lat' dir='ltr'>Quamquam,</span> <span class='ocrx_word' id='word_1_47' title='bbox 413 462 475 501; x_wconf 91' lang='lat' dir='ltr'>mi</span> <span class='ocrx_word' id='word_1_48' title='bbox 504 462 749 503; x_wconf 82' lang='lat' dir='ltr'>Dolabella</span> <span class='ocrx_word' id='word_1_49' title='bbox 778 484 833 489; x_wconf 94' lang='lat'>--</span> <span class='ocrx_word' id='word_1_50' title='bbox 870 460 982 503; x_wconf 85' lang='lat' dir='ltr'>haec</span> <span class='ocrx_word' id='word_1_51' title='bbox 1022 462 1139 502; x_wconf 90' lang='lat' dir='ltr'>enim</span> <span class='ocrx_word' id='word_1_52' title='bbox 1178 463 1352 504; x_wconf 85' lang='lat' dir='ltr'>iocatus</span> <span class='ocrx_word' id='word_1_53' title='bbox 1390 476 1487 503; x_wconf 90' lang='lat' dir='ltr'>sum</span> <span class='ocrx_word' id='word_1_54' title='bbox 1514 485 1569 492; x_wconf 89' lang='lat'>—-</span> 
     </span>
     <span class='ocr_line' id='line_1_9' title="bbox 94 517 1570 571; baseline -0.001 -12"><span class='ocrx_word' id='word_1_55' title='bbox 94 519 303 560; x_wconf 89' lang='lat' dir='ltr'>libentius</span> <span class='ocrx_word' id='word_1_56' title='bbox 333 530 482 558; x_wconf 89' lang='lat' dir='ltr'>omnes</span> <span class='ocrx_word' id='word_1_57' title='bbox 510 531 645 565; x_wconf 88' lang='lat' dir='ltr'>meas,</span> <span class='ocrx_word' id='word_1_58' title='bbox 673 518 714 558; x_wconf 92' lang='lat' dir='ltr'>si</span> <span class='ocrx_word' id='word_1_59' title='bbox 746 517 878 558; x_wconf 91' lang='lat' dir='ltr'>modo</span> <span class='ocrx_word' id='word_1_60' title='bbox 907 520 1012 558; x_wconf 84' lang='lat' dir='ltr'>sunt</span> <span class='ocrx_word' id='word_1_61' title='bbox 1039 517 1218 571; x_wconf 83' lang='lat' dir='ltr'>aliquae</span> <span class='ocrx_word' id='word_1_62' title='bbox 1246 532 1368 559; x_wconf 85' lang='lat' dir='ltr'>meae</span> <span class='ocrx_word' id='word_1_63' title='bbox 1398 517 1570 569; x_wconf 89' lang='lat' dir='ltr'>laudes,</span> 
     </span>
     <span class='ocr_line' id='line_1_10' title="bbox 94 572 1571 627; baseline 0 -12"><span class='ocrx_word' id='word_1_64' title='bbox 94 576 152 615; x_wconf 86' lang='lat' dir='ltr'>ad</span> <span class='ocrx_word' id='word_1_65' title='bbox 194 579 236 615; x_wconf 91' lang='lat' dir='ltr'>te</span> <span class='ocrx_word' id='word_1_66' title='bbox 274 572 608 625; x_wconf 75' lang='lat' dir='ltr'>transfuderim,</span> <span class='ocrx_word' id='word_1_67' title='bbox 661 586 795 627; x_wconf 86' lang='lat' dir='ltr'>quam</span> <span class='ocrx_word' id='word_1_68' title='bbox 832 572 1029 627; x_wconf 83' lang='lat' dir='ltr'>aliquam</span> <span class='ocrx_word' id='word_1_69' title='bbox 1065 577 1238 627; x_wconf 88' lang='lat' dir='ltr'>partem</span> <span class='ocrx_word' id='word_1_70' title='bbox 1282 573 1571 615; x_wconf 86' lang='lat' dir='ltr'>exhauserim</span> 
     </span>
     <span class='ocr_line' id='line_1_11' title="bbox 93 628 1571 684; baseline 0 -14"><span class='ocrx_word' id='word_1_71' title='bbox 93 643 152 670; x_wconf 84' lang='lat' dir='ltr'>ex</span> <span class='ocrx_word' id='word_1_72' title='bbox 181 629 283 670; x_wconf 89' lang='lat' dir='ltr'>tuis.</span> <span class='ocrx_word' id='word_1_73' title='bbox 342 628 458 669; x_wconf 87' lang='lat' dir='ltr'>Nam</span> <span class='ocrx_word' id='word_1_74' title='bbox 488 642 622 683; x_wconf 90' lang='lat' dir='ltr'>quum</span> <span class='ocrx_word' id='word_1_75' title='bbox 652 633 696 670; x_wconf 89' lang='lat' dir='ltr'>te</span> <span class='ocrx_word' id='word_1_76' title='bbox 725 642 900 683; x_wconf 87' lang='lat' dir='ltr'>semper</span> <span class='ocrx_word' id='word_1_77' title='bbox 927 632 1099 670; x_wconf 90' lang='lat' dir='ltr'>tantum</span> <span class='ocrx_word' id='word_1_78' title='bbox 1137 628 1396 680; x_wconf 85' lang='lat' dir='ltr'>dilexerim,</span> <span class='ocrx_word' id='word_1_79' title='bbox 1433 643 1571 684; x_wconf 88' lang='lat' dir='ltr'>quan—</span> 
     </span>
     <span class='ocr_line' id='line_1_12' title="bbox 94 683 1571 739; baseline 0.001 -14"><span class='ocrx_word' id='word_1_80' title='bbox 94 690 185 726; x_wconf 88' lang='lat' dir='ltr'>tum</span> <span class='ocrx_word' id='word_1_81' title='bbox 222 690 271 726; x_wconf 91' lang='lat' dir='ltr'>tu</span> <span class='ocrx_word' id='word_1_82' title='bbox 299 685 554 739; x_wconf 83' lang='lat' dir='ltr'>intelligere</span> <span class='ocrx_word' id='word_1_83' title='bbox 584 684 792 739; x_wconf 85' lang='lat' dir='ltr'>potuisti:</span> <span class='ocrx_word' id='word_1_84' title='bbox 822 690 915 725; x_wconf 92' lang='lat' dir='ltr'>tum</span> <span class='ocrx_word' id='word_1_85' title='bbox 944 684 1017 725; x_wconf 92' lang='lat' dir='ltr'>his</span> <span class='ocrx_word' id='word_1_86' title='bbox 1045 683 1136 725; x_wconf 82' lang='lat' dir='ltr'>tuis</span> <span class='ocrx_word' id='word_1_87' title='bbox 1164 683 1301 725; x_wconf 79' lang='lat' dir='ltr'>sactis</span> <span class='ocrx_word' id='word_1_88' title='bbox 1329 685 1397 725; x_wconf 88' lang='lat' dir='ltr'>sic</span> <span class='ocrx_word' id='word_1_89' title='bbox 1426 684 1571 726; x_wconf 90' lang='lat' dir='ltr'>incen-</span> 
     </span>
     <span class='ocr_line' id='line_1_13' title="bbox 91 739 1569 795; baseline -0.001 -14"><span class='ocrx_word' id='word_1_90' title='bbox 91 755 168 781; x_wconf 79' lang='lat' dir='ltr'>sus</span> <span class='ocrx_word' id='word_1_91' title='bbox 206 754 317 792; x_wconf 87' lang='lat' dir='ltr'>sum,</span> <span class='ocrx_word' id='word_1_92' title='bbox 364 745 411 781; x_wconf 87' lang='lat' dir='ltr'>ut</span> <span class='ocrx_word' id='word_1_93' title='bbox 458 740 575 780; x_wconf 90' lang='lat' dir='ltr'>nihil</span> <span class='ocrx_word' id='word_1_94' title='bbox 626 753 816 795; x_wconf 88' lang='lat' dir='ltr'>unquam</span> <span class='ocrx_word' id='word_1_95' title='bbox 861 740 908 779; x_wconf 92' lang='lat' dir='ltr'>in</span> <span class='ocrx_word' id='word_1_96' title='bbox 949 753 1099 781; x_wconf 88' lang='lat' dir='ltr'>amore</span> <span class='ocrx_word' id='word_1_97' title='bbox 1148 739 1287 781; x_wconf 82' lang='lat' dir='ltr'>fuerit</span> <span class='ocrx_word' id='word_1_98' title='bbox 1326 739 1569 781; x_wconf 84' lang='lat' dir='ltr'>ardentius.</span> 
     </span>
     <span class='ocr_line' id='line_1_14' title="bbox 92 794 1570 850; baseline 0 -14"><span class='ocrx_word' id='word_1_99' title='bbox 92 796 224 837; x_wconf 89' lang='lat' dir='ltr'>Nihil</span> <span class='ocrx_word' id='word_1_100' title='bbox 256 801 322 837; x_wconf 86' lang='lat' dir='ltr'>est</span> <span class='ocrx_word' id='word_1_101' title='bbox 353 796 483 848; x_wconf 85' lang='lat' dir='ltr'>enim,</span> <span class='ocrx_word' id='word_1_102' title='bbox 513 795 627 836; x_wconf 88' lang='lat' dir='ltr'>mihi</span> <span class='ocrx_word' id='word_1_103' title='bbox 656 796 803 847; x_wconf 86' lang='lat' dir='ltr'>crede,</span> <span class='ocrx_word' id='word_1_104' title='bbox 832 796 1005 837; x_wconf 80' lang='lat' dir='ltr'>virtute</span> <span class='ocrx_word' id='word_1_105' title='bbox 1033 795 1287 848; x_wconf 86' lang='lat' dir='ltr'>formosius,</span> <span class='ocrx_word' id='word_1_106' title='bbox 1326 794 1445 836; x_wconf 90' lang='lat' dir='ltr'>nihil</span> <span class='ocrx_word' id='word_1_107' title='bbox 1475 797 1570 850; x_wconf 91' lang='lat' dir='ltr'>pul-</span> 
     </span>
     <span class='ocr_line' id='line_1_15' title="bbox 92 849 1569 905; baseline -0.001 -13"><span class='ocrx_word' id='word_1_108' title='bbox 92 852 262 898; x_wconf 84' lang='lat' dir='ltr'>chrius,</span> <span class='ocrx_word' id='word_1_109' title='bbox 291 851 406 892; x_wconf 89' lang='lat' dir='ltr'>nihil</span> <span class='ocrx_word' id='word_1_110' title='bbox 438 851 686 893; x_wconf 84' lang='lat' dir='ltr'>amabilius.</span> <span class='ocrx_word' id='word_1_111' title='bbox 748 851 932 905; x_wconf 87' lang='lat' dir='ltr'>Semper</span> <span class='ocrx_word' id='word_1_112' title='bbox 961 851 1121 898; x_wconf 86' lang='lat' dir='ltr'>amavi,</span> <span class='ocrx_word' id='word_1_113' title='bbox 1150 855 1200 892; x_wconf 85' lang='lat' dir='ltr'>ut</span> <span class='ocrx_word' id='word_1_114' title='bbox 1227 852 1332 897; x_wconf 87' lang='lat' dir='ltr'>scis,</span> <span class='ocrx_word' id='word_1_115' title='bbox 1361 849 1425 891; x_wconf 88' lang='lat' dir='ltr'>M.</span> <span class='ocrx_word' id='word_1_116' title='bbox 1455 851 1569 892; x_wconf 60' lang='lat' dir='ltr'>Bru-2</span> 
     </span>
     <span class='ocr_line' id='line_1_16' title="bbox 95 906 1569 962; baseline 0 -15"><span class='ocrx_word' id='word_1_117' title='bbox 95 914 201 959; x_wconf 89' lang='lat' dir='ltr'>tum,</span> <span class='ocrx_word' id='word_1_118' title='bbox 229 912 412 961; x_wconf 86' lang='lat' dir='ltr'>propter</span> <span class='ocrx_word' id='word_1_119' title='bbox 440 909 535 948; x_wconf 87' lang='lat' dir='ltr'>eius</span> <span class='ocrx_word' id='word_1_120' title='bbox 565 920 780 947; x_wconf 89' lang='lat' dir='ltr'>summum</span> <span class='ocrx_word' id='word_1_121' title='bbox 810 907 1050 962; x_wconf 86' lang='lat' dir='ltr'>ingenium,</span> <span class='ocrx_word' id='word_1_122' title='bbox 1088 906 1377 950; x_wconf 83' lang='lat' dir='ltr'>suavissimos</span> <span class='ocrx_word' id='word_1_123' title='bbox 1408 921 1569 959; x_wconf 87' lang='lat' dir='ltr'>mores,</span> 
     </span>
     <span class='ocr_line' id='line_1_17' title="bbox 91 962 1569 1018; baseline -0.001 -15"><span class='ocrx_word' id='word_1_124' title='bbox 91 964 364 1017; x_wconf 79' lang='lat' dir='ltr'>singularem</span> <span class='ocrx_word' id='word_1_125' title='bbox 404 963 671 1017; x_wconf 83' lang='lat' dir='ltr'>probitatem</span> <span class='ocrx_word' id='word_1_126' title='bbox 710 967 841 1018; x_wconf 87' lang='lat' dir='ltr'>atque</span> <span class='ocrx_word' id='word_1_127' title='bbox 881 962 1188 1004; x_wconf 87' lang='lat' dir='ltr'>constantiam.</span> <span class='ocrx_word' id='word_1_128' title='bbox 1248 963 1421 1004; x_wconf 84' lang='lat' dir='ltr'>Tamen</span> <span class='ocrx_word' id='word_1_129' title='bbox 1452 963 1569 1003; x_wconf 90' lang='lat' dir='ltr'>Idib.</span> 
     </span>
     <span class='ocr_line' id='line_1_18' title="bbox 91 1018 1570 1065; baseline 0.001 -8"><span class='ocrx_word' id='word_1_130' title='bbox 91 1018 274 1059; x_wconf 83' lang='lat' dir='ltr'>Martiis</span> <span class='ocrx_word' id='word_1_131' title='bbox 296 1021 465 1059; x_wconf 86' lang='lat' dir='ltr'>tantum</span> <span class='ocrx_word' id='word_1_132' title='bbox 485 1019 675 1059; x_wconf 87' lang='lat' dir='ltr'>accessit</span> <span class='ocrx_word' id='word_1_133' title='bbox 702 1018 759 1059; x_wconf 88' lang='lat' dir='ltr'>ad</span> <span class='ocrx_word' id='word_1_134' title='bbox 788 1032 997 1065; x_wconf 84' lang='lat' dir='ltr'>amorem,</span> <span class='ocrx_word' id='word_1_135' title='bbox 1025 1023 1075 1059; x_wconf 84' lang='lat' dir='ltr'>ut</span> <span class='ocrx_word' id='word_1_136' title='bbox 1102 1019 1294 1061; x_wconf 85' lang='lat' dir='ltr'>mirarer</span> <span class='ocrx_word' id='word_1_137' title='bbox 1323 1020 1472 1059; x_wconf 91' lang='lat' dir='ltr'>locum</span> <span class='ocrx_word' id='word_1_138' title='bbox 1502 1018 1570 1058; x_wconf 83' lang='lat' dir='ltr'>su-¹</span> 
     </span>
     <span class='ocr_line' id='line_1_19' title="bbox 92 1074 1569 1130; baseline -0.001 -14"><span class='ocrx_word' id='word_1_139' title='bbox 92 1077 180 1116; x_wconf 87' lang='lat' dir='ltr'>isse</span> <span class='ocrx_word' id='word_1_140' title='bbox 225 1074 413 1127; x_wconf 83' lang='lat' dir='ltr'>augendi</span> <span class='ocrx_word' id='word_1_141' title='bbox 467 1074 513 1114; x_wconf 91' lang='lat' dir='ltr'>in</span> <span class='ocrx_word' id='word_1_142' title='bbox 553 1088 620 1119; x_wconf 83' lang='lat' dir='ltr'>eo,</span> <span class='ocrx_word' id='word_1_143' title='bbox 667 1075 787 1128; x_wconf 90' lang='lat' dir='ltr'>quod</span> <span class='ocrx_word' id='word_1_144' title='bbox 837 1074 951 1116; x_wconf 87' lang='lat' dir='ltr'>mihi</span> <span class='ocrx_word' id='word_1_145' title='bbox 989 1075 1253 1130; x_wconf 80' lang='lat' dir='ltr'>iampridem</span> <span class='ocrx_word' id='word_1_146' title='bbox 1298 1075 1569 1116; x_wconf 86' lang='lat' dir='ltr'>cumulatum</span> 
     </span>
     <span class='ocr_line' id='line_1_20' title="bbox 91 1129 1570 1185; baseline 0 -14"><span class='ocrx_word' id='word_1_147' title='bbox 91 1130 226 1171; x_wconf 84' lang='lat' dir='ltr'>etiam</span> <span class='ocrx_word' id='word_1_148' title='bbox 263 1129 507 1170; x_wconf 78' lang='lat' dir='ltr'>videbatur.</span> <span class='ocrx_word' id='word_1_149' title='bbox 566 1129 681 1179; x_wconf 82' lang='lat' dir='ltr'>Quis</span> <span class='ocrx_word' id='word_1_150' title='bbox 723 1134 835 1181; x_wconf 87' lang='lat' dir='ltr'>erat,</span> <span class='ocrx_word' id='word_1_151' title='bbox 884 1130 963 1185; x_wconf 92' lang='lat' dir='ltr'>qui</span> <span class='ocrx_word' id='word_1_152' title='bbox 999 1135 1178 1183; x_wconf 78' lang='lat' dir='ltr'>putaret</span> <span class='ocrx_word' id='word_1_153' title='bbox 1215 1131 1272 1171; x_wconf 90' lang='lat' dir='ltr'>ad</span> <span class='ocrx_word' id='word_1_154' title='bbox 1313 1144 1412 1171; x_wconf 90' lang='lat' dir='ltr'>eum</span> <span class='ocrx_word' id='word_1_155' title='bbox 1451 1144 1570 1171; x_wconf 89' lang='lat' dir='ltr'>amo—</span> 
     </span>
     <span class='ocr_line' id='line_1_21' title="bbox 96 1185 1571 1242; baseline 0.001 -17"><span class='ocrx_word' id='word_1_156' title='bbox 96 1199 202 1234; x_wconf 87' lang='lat' dir='ltr'>rem,</span> <span class='ocrx_word' id='word_1_157' title='bbox 244 1199 374 1239; x_wconf 88' lang='lat' dir='ltr'>quem</span> <span class='ocrx_word' id='word_1_158' title='bbox 416 1199 525 1238; x_wconf 73' lang='lat' dir='ltr'>erga</span> <span class='ocrx_word' id='word_1_159' title='bbox 573 1190 614 1225; x_wconf 87' lang='lat' dir='ltr'>te</span> <span class='ocrx_word' id='word_1_160' title='bbox 660 1185 892 1236; x_wconf 87' lang='lat' dir='ltr'>habebam,</span> <span class='ocrx_word' id='word_1_161' title='bbox 932 1199 1062 1241; x_wconf 88' lang='lat' dir='ltr'>posse</span> <span class='ocrx_word' id='word_1_162' title='bbox 1109 1186 1286 1242; x_wconf 90' lang='lat' dir='ltr'>aliquid</span> <span class='ocrx_word' id='word_1_163' title='bbox 1323 1187 1571 1227; x_wconf 73' lang='lat' dir='ltr'>accedere?</span> 
     </span>
     <span class='ocr_line' id='line_1_22' title="bbox 92 1242 1571 1296; baseline -0.001 -14"><span class='ocrx_word' id='word_1_164' title='bbox 92 1242 290 1282; x_wconf 87' lang='lat' dir='ltr'>Tantum</span> <span class='ocrx_word' id='word_1_165' title='bbox 320 1243 525 1290; x_wconf 83' lang='lat' dir='ltr'>accessit,</span> <span class='ocrx_word' id='word_1_166' title='bbox 575 1247 623 1281; x_wconf 90' lang='lat' dir='ltr'>ut</span> <span class='ocrx_word' id='word_1_167' title='bbox 662 1242 776 1282; x_wconf 88' lang='lat' dir='ltr'>mihi</span> <span class='ocrx_word' id='word_1_168' title='bbox 814 1255 932 1282; x_wconf 90' lang='lat' dir='ltr'>nunc</span> <span class='ocrx_word' id='word_1_169' title='bbox 975 1242 1169 1296; x_wconf 88' lang='lat' dir='ltr'>denique</span> <span class='ocrx_word' id='word_1_170' title='bbox 1208 1256 1359 1282; x_wconf 87' lang='lat' dir='ltr'>amare</span> <span class='ocrx_word' id='word_1_171' title='bbox 1398 1243 1571 1293; x_wconf 84' lang='lat' dir='ltr'>videar,</span> 
     </span>
    </p>
   </div>
   <div class='ocr_carea' id='block_1_4' title="bbox 11 1280 1571 1352">
    <p class='ocr_par' dir='ltr' id='par_1_4' title="bbox 11 1280 1571 1352">
     <span class='ocr_line' id='line_1_23' title="bbox 11 1280 1571 1352; baseline 0 -15"><span class='ocrx_word' id='word_1_172' title='bbox 11 1280 15 1325; x_wconf 55' lang='grc' dir='ltr'>ἶ</span> <span class='ocrx_word' id='word_1_173' title='bbox 59 1295 65 1299; x_wconf 70' lang='grc'><strong>’</strong></span> <span class='ocrx_word' id='word_1_174' title='bbox 92 1302 223 1338; x_wconf 86' lang='lat' dir='ltr'>antea</span> <span class='ocrx_word' id='word_1_175' title='bbox 251 1296 482 1337; x_wconf 81' lang='lat' dir='ltr'>dilexisse.</span> <span class='ocrx_word' id='word_1_176' title='bbox 541 1296 693 1345; x_wconf 80' lang='lat' dir='ltr'>Quare</span> <span class='ocrx_word' id='word_1_177' title='bbox 722 1297 831 1352; x_wconf 91' lang='lat' dir='ltr'>quid</span> <span class='ocrx_word' id='word_1_178' title='bbox 862 1301 944 1349; x_wconf 82' lang='lat' dir='ltr'>est,</span> <span class='ocrx_word' id='word_1_179' title='bbox 982 1298 1103 1351; x_wconf 89' lang='lat' dir='ltr'>quod</span> <span class='ocrx_word' id='word_1_180' title='bbox 1132 1311 1215 1351; x_wconf 81' lang='lat' dir='ltr'>ego</span> <span class='ocrx_word' id='word_1_181' title='bbox 1245 1302 1290 1338; x_wconf 87' lang='lat' dir='ltr'>te</span> <span class='ocrx_word' id='word_1_182' title='bbox 1319 1297 1490 1349; x_wconf 88' lang='lat' dir='ltr'>horter,</span> <span class='ocrx_word' id='word_1_183' title='bbox 1522 1302 1571 1338; x_wconf 83' lang='lat' dir='ltr'>ut</span> 
     </span>
    </p>
   </div>
   <div class='ocr_carea' id='block_1_5' title="bbox 92 1352 1571 1407">
    <p class='ocr_par' dir='ltr' id='par_1_5' title="bbox 92 1352 1571 1407">
     <span class='ocr_line' id='line_1_24' title="bbox 92 1352 1571 1407; baseline 0.001 -15"><span class='ocrx_word' id='word_1_184' title='bbox 92 1352 304 1407; x_wconf 81' lang='lat' dir='ltr'>dignitati</span> <span class='ocrx_word' id='word_1_185' title='bbox 334 1356 379 1392; x_wconf 83' lang='lat' dir='ltr'>et</span> <span class='ocrx_word' id='word_1_186' title='bbox 407 1352 579 1406; x_wconf 83' lang='lat' dir='ltr'>gloriae</span> <span class='ocrx_word' id='word_1_187' title='bbox 609 1354 807 1394; x_wconf 71' lang='lat' dir='ltr'>servias?</span> <span class='ocrx_word' id='word_1_188' title='bbox 854 1353 1110 1407; x_wconf 86' lang='lat' dir='ltr'>Proponam</span> <span class='ocrx_word' id='word_1_189' title='bbox 1139 1354 1224 1393; x_wconf 88' lang='lat' dir='ltr'>tibi</span> <span class='ocrx_word' id='word_1_190' title='bbox 1253 1354 1402 1394; x_wconf 88' lang='lat' dir='ltr'>claros</span> <span class='ocrx_word' id='word_1_191' title='bbox 1432 1355 1571 1405; x_wconf 84' lang='lat' dir='ltr'>viros,</span> 
     </span>
    </p>
   </div>
   <div class='ocr_carea' id='block_1_6' title="bbox 91 1406 1583 1472">
    <p class='ocr_par' dir='ltr' id='par_1_6' title="bbox 91 1406 1583 1472">
     <span class='ocr_line' id='line_1_25' title="bbox 91 1406 1583 1472; baseline 0.001 -24"><span class='ocrx_word' id='word_1_192' title='bbox 91 1408 211 1472; x_wconf 79' lang='lat' dir='ltr'>quod</span> <span class='ocrx_word' id='word_1_193' title='bbox 241 1406 389 1448; x_wconf 86' lang='lat' dir='ltr'>facere</span> <span class='ocrx_word' id='word_1_194' title='bbox 418 1409 579 1459; x_wconf 88' lang='lat' dir='ltr'>solent,</span> <span class='ocrx_word' id='word_1_195' title='bbox 609 1410 685 1462; x_wconf 91' lang='lat' dir='ltr'>qui</span> <span class='ocrx_word' id='word_1_196' title='bbox 715 1408 982 1450; x_wconf 73' lang='lat' dir='ltr'>hortantur?</span> <span class='ocrx_word' id='word_1_197' title='bbox 1039 1408 1275 1450; x_wconf 89' lang='lat' dir='ltr'>Neminem</span> <span class='ocrx_word' id='word_1_198' title='bbox 1304 1409 1448 1450; x_wconf 85' lang='lat' dir='ltr'>habeo</span> <span class='ocrx_word' id='word_1_199' title='bbox 1478 1406 1583 1450; x_wconf 66' lang='lat' dir='ltr'>cla-‘</span> 
     </span>
    </p>
   </div>
   <div class='ocr_carea' id='block_1_7' title="bbox 91 1465 1573 1856">
    <p class='ocr_par' dir='ltr' id='par_1_7' title="bbox 91 1465 1573 1856">
     <span class='ocr_line' id='line_1_26' title="bbox 93 1465 1571 1519; baseline 0.002 -16"><span class='ocrx_word' id='word_1_200' title='bbox 93 1477 271 1515; x_wconf 76' lang='lat' dir='ltr'>morem,</span> <span class='ocrx_word' id='word_1_201' title='bbox 301 1477 432 1516; x_wconf 89' lang='lat' dir='ltr'>quam</span> <span class='ocrx_word' id='word_1_202' title='bbox 462 1468 505 1504; x_wconf 91' lang='lat' dir='ltr'>te</span> <span class='ocrx_word' id='word_1_203' title='bbox 536 1465 701 1517; x_wconf 86' lang='lat' dir='ltr'>ipsum:</span> <span class='ocrx_word' id='word_1_204' title='bbox 743 1469 786 1505; x_wconf 95' lang='lat' dir='ltr'>te</span> <span class='ocrx_word' id='word_1_205' title='bbox 828 1465 1006 1505; x_wconf 85' lang='lat' dir='ltr'>imitere</span> <span class='ocrx_word' id='word_1_206' title='bbox 1043 1469 1238 1519; x_wconf 88' lang='lat' dir='ltr'>oportet,</span> <span class='ocrx_word' id='word_1_207' title='bbox 1285 1470 1434 1506; x_wconf 86' lang='lat' dir='ltr'>tecum</span> <span class='ocrx_word' id='word_1_208' title='bbox 1475 1466 1571 1519; x_wconf 88' lang='lat' dir='ltr'>ipse</span> 
     </span>
     <span class='ocr_line' id='line_1_27' title="bbox 92 1519 1572 1575; baseline 0.002 -16"><span class='ocrx_word' id='word_1_209' title='bbox 92 1524 248 1559; x_wconf 83' lang='lat' dir='ltr'>certes.</span> <span class='ocrx_word' id='word_1_210' title='bbox 306 1519 375 1559; x_wconf 86' lang='lat' dir='ltr'>Ne</span> <span class='ocrx_word' id='word_1_211' title='bbox 406 1520 516 1559; x_wconf 81' lang='lat' dir='ltr'>licet</span> <span class='ocrx_word' id='word_1_212' title='bbox 555 1520 736 1573; x_wconf 89' lang='lat' dir='ltr'>quidem</span> <span class='ocrx_word' id='word_1_213' title='bbox 780 1520 864 1560; x_wconf 91' lang='lat' dir='ltr'>tibi</span> <span class='ocrx_word' id='word_1_214' title='bbox 903 1521 1008 1573; x_wconf 87' lang='lat' dir='ltr'>iam,</span> <span class='ocrx_word' id='word_1_215' title='bbox 1058 1522 1197 1562; x_wconf 79' lang='lat' dir='ltr'>tantis</span> <span class='ocrx_word' id='word_1_216' title='bbox 1246 1523 1375 1562; x_wconf 86' lang='lat' dir='ltr'>rebus</span> <span class='ocrx_word' id='word_1_217' title='bbox 1416 1522 1572 1575; x_wconf 82' lang='lat' dir='ltr'>gestis,</span> 
     </span>
     <span class='ocr_line' id='line_1_28' title="bbox 92 1575 1571 1630; baseline 0.001 -15"><span class='ocrx_word' id='word_1_218' title='bbox 92 1589 177 1615; x_wconf 91' lang='lat' dir='ltr'>non</span> <span class='ocrx_word' id='word_1_219' title='bbox 208 1575 271 1614; x_wconf 91' lang='lat' dir='ltr'>tui</span> <span class='ocrx_word' id='word_1_220' title='bbox 302 1575 495 1614; x_wconf 86' lang='lat' dir='ltr'>similem</span> <span class='ocrx_word' id='word_1_221' title='bbox 525 1588 635 1617; x_wconf 85' lang='lat' dir='ltr'>esse.</span> <span class='ocrx_word' id='word_1_222' title='bbox 696 1575 828 1623; x_wconf 83' lang='lat' dir='ltr'>Quod</span> <span class='ocrx_word' id='word_1_223' title='bbox 858 1590 993 1630; x_wconf 91' lang='lat' dir='ltr'>quum</span> <span class='ocrx_word' id='word_1_224' title='bbox 1032 1576 1097 1617; x_wconf 76' lang='lat' dir='ltr'>ita</span> <span class='ocrx_word' id='word_1_225' title='bbox 1137 1578 1212 1628; x_wconf 91' lang='lat' dir='ltr'>sit,</span> <span class='ocrx_word' id='word_1_226' title='bbox 1251 1576 1452 1618; x_wconf 85' lang='lat' dir='ltr'>hortatio</span> <span class='ocrx_word' id='word_1_227' title='bbox 1481 1591 1571 1618; x_wconf 91' lang='lat' dir='ltr'>non</span> 
     </span>
     <span class='ocr_line' id='line_1_29' title="bbox 92 1630 1573 1687; baseline 0.002 -18"><span class='ocrx_word' id='word_1_228' title='bbox 92 1635 161 1670; x_wconf 80' lang='lat' dir='ltr'>est</span> <span class='ocrx_word' id='word_1_229' title='bbox 189 1630 454 1681; x_wconf 80' lang='lat' dir='ltr'>necessaria,</span> <span class='ocrx_word' id='word_1_230' title='bbox 485 1631 782 1683; x_wconf 82' lang='lat' dir='ltr'>gratulatione</span> <span class='ocrx_word' id='word_1_231' title='bbox 812 1632 956 1685; x_wconf 84' lang='lat' dir='ltr'>magis</span> <span class='ocrx_word' id='word_1_232' title='bbox 984 1632 1198 1673; x_wconf 89' lang='lat' dir='ltr'>utendum</span> <span class='ocrx_word' id='word_1_233' title='bbox 1227 1637 1306 1674; x_wconf 86' lang='lat' dir='ltr'>est.</span> <span class='ocrx_word' id='word_1_234' title='bbox 1365 1633 1573 1687; x_wconf 84' lang='lat' dir='ltr'>Contigit.</span> 
     </span>
     <span class='ocr_line' id='line_1_30' title="bbox 92 1685 1570 1739; baseline 0.001 -13"><span class='ocrx_word' id='word_1_235' title='bbox 92 1687 209 1726; x_wconf 89' lang='lat' dir='ltr'>enim</span> <span class='ocrx_word' id='word_1_236' title='bbox 240 1686 337 1735; x_wconf 86' lang='lat' dir='ltr'>tibi,</span> <span class='ocrx_word' id='word_1_237' title='bbox 367 1685 488 1739; x_wconf 89' lang='lat' dir='ltr'>quod</span> <span class='ocrx_word' id='word_1_238' title='bbox 519 1685 637 1726; x_wconf 84' lang='lat' dir='ltr'>haud</span> <span class='ocrx_word' id='word_1_239' title='bbox 667 1687 761 1726; x_wconf 90' lang='lat' dir='ltr'>scio</span> <span class='ocrx_word' id='word_1_240' title='bbox 791 1700 846 1727; x_wconf 86' lang='lat' dir='ltr'>an</span> <span class='ocrx_word' id='word_1_241' title='bbox 876 1688 1060 1738; x_wconf 86' lang='lat' dir='ltr'>nemini,</span> <span class='ocrx_word' id='word_1_242' title='bbox 1089 1693 1139 1728; x_wconf 88' lang='lat' dir='ltr'>ut</span> <span class='ocrx_word' id='word_1_243' title='bbox 1162 1702 1334 1729; x_wconf 87' lang='lat' dir='ltr'>summa</span> <span class='ocrx_word' id='word_1_244' title='bbox 1355 1690 1570 1729; x_wconf 81' lang='lat' dir='ltr'>severitas</span> 
     </span>
     <span class='ocr_line' id='line_1_31' title="bbox 91 1741 1569 1798; baseline 0.002 -16"><span class='ocrx_word' id='word_1_245' title='bbox 91 1741 489 1782; x_wconf 79' lang='lat' dir='ltr'>animadversionis</span> <span class='ocrx_word' id='word_1_246' title='bbox 520 1755 606 1782; x_wconf 90' lang='lat' dir='ltr'>non</span> <span class='ocrx_word' id='word_1_247' title='bbox 636 1743 768 1782; x_wconf 87' lang='lat' dir='ltr'>modo</span> <span class='ocrx_word' id='word_1_248' title='bbox 800 1756 886 1783; x_wconf 90' lang='lat' dir='ltr'>non</span> <span class='ocrx_word' id='word_1_249' title='bbox 926 1744 1168 1795; x_wconf 86' lang='lat' dir='ltr'>invidiosa,</span> <span class='ocrx_word' id='word_1_250' title='bbox 1208 1744 1287 1784; x_wconf 84' lang='lat' dir='ltr'>sed</span> <span class='ocrx_word' id='word_1_251' title='bbox 1326 1746 1462 1785; x_wconf 84' lang='lat' dir='ltr'>etiam</span> <span class='ocrx_word' id='word_1_252' title='bbox 1492 1758 1569 1798; x_wconf 92' lang='lat' dir='ltr'>po—</span> 
     </span>
     <span class='ocr_line' id='line_1_32' title="bbox 92 1797 1568 1856; baseline 0.002 -18"><span class='ocrx_word' id='word_1_253' title='bbox 92 1797 261 1851; x_wconf 90' lang='lat' dir='ltr'>pularis</span> <span class='ocrx_word' id='word_1_254' title='bbox 291 1801 410 1837; x_wconf 83' lang='lat' dir='ltr'>esset</span> <span class='ocrx_word' id='word_1_255' title='bbox 439 1801 485 1837; x_wconf 83' lang='lat' dir='ltr'>et</span> <span class='ocrx_word' id='word_1_256' title='bbox 514 1811 649 1851; x_wconf 88' lang='lat' dir='ltr'>quum</span> <span class='ocrx_word' id='word_1_257' title='bbox 681 1799 806 1838; x_wconf 89' lang='lat' dir='ltr'>bonis</span> <span class='ocrx_word' id='word_1_258' title='bbox 837 1799 1056 1851; x_wconf 86' lang='lat' dir='ltr'>omnibus,</span> <span class='ocrx_word' id='word_1_259' title='bbox 1097 1804 1192 1839; x_wconf 90' lang='lat' dir='ltr'>tum</span> <span class='ocrx_word' id='word_1_260' title='bbox 1222 1799 1377 1841; x_wconf 83' lang='lat' dir='ltr'>infimo</span> <span class='ocrx_word' id='word_1_261' title='bbox 1407 1801 1568 1856; x_wconf 84' lang='lat' dir='ltr'>cuique</span> 
     </span>
    </p>
   </div>
   <div class='ocr_carea' id='block_1_8' title="bbox 88 1967 1572 2535">
    <p class='ocr_par' dir='ltr' id='par_1_8' title="bbox 88 1967 1572 2286">
     <span class='ocr_line' id='line_1_33' title="bbox 186 1967 1572 2010; baseline 0.005 -12"><span class='ocrx_word' id='word_1_262' title='bbox 186 1967 218 1999; x_wconf 77' lang='lat'>4.</span> <span class='ocrx_word' id='word_1_263' title='bbox 269 1977 430 2007; x_wconf 81' lang='lat' dir='ltr'>cernere,</span> <span class='ocrx_word' id='word_1_264' title='bbox 456 1967 537 2000; x_wconf 71' lang='lat' dir='ltr'>dass</span> <span class='ocrx_word' id='word_1_265' title='bbox 565 1967 629 2001; x_wconf 86' lang='lat' dir='ltr'>ich</span> <span class='ocrx_word' id='word_1_266' title='bbox 655 1975 814 2010; x_wconf 76' lang='lat' dir='ltr'>anti-ete,</span> <span class='ocrx_word' id='word_1_267' title='bbox 841 1969 917 2002; x_wconf 79' lang='lat' dir='ltr'>mir</span> <span class='ocrx_word' id='word_1_268' title='bbox 942 1981 1140 2003; x_wconf 81' lang='lat' dir='ltr'>anmaasse.</span> <span class='ocrx_word' id='word_1_269' title='bbox 1186 1988 1227 1996; x_wconf 87' lang='lat'>-</span> <span class='ocrx_word' id='word_1_270' title='bbox 1271 1972 1308 2005; x_wconf 78' lang='lat' dir='ltr'>in</span> <span class='ocrx_word' id='word_1_271' title='bbox 1342 1983 1413 2005; x_wconf 82' lang='lat' dir='ltr'>soc.</span> <span class='ocrx_word' id='word_1_272' title='bbox 1444 1997 1451 2005; x_wconf 93' lang='lat'>.</span> <span class='ocrx_word' id='word_1_273' title='bbox 1480 1997 1486 2003; x_wconf 93' lang='lat'>.</span> <span class='ocrx_word' id='word_1_274' title='bbox 1513 1983 1572 2005; x_wconf 79' lang='lat' dir='ltr'>ve-</span> 
     </span>
     <span class='ocr_line' id='line_1_34' title="bbox 90 2013 1566 2061; baseline 0.005 -16"><span class='ocrx_word' id='word_1_275' title='bbox 90 2014 180 2052; x_wconf 79' lang='lat' dir='ltr'>nire,</span> <span class='ocrx_word' id='word_1_276' title='bbox 209 2013 261 2046; x_wconf 89' lang='lat' dir='ltr'>im</span> <span class='ocrx_word' id='word_1_277' title='bbox 288 2015 475 2061; x_wconf 84' lang='lat' dir='ltr'>gewissen</span> <span class='ocrx_word' id='word_1_278' title='bbox 502 2014 618 2049; x_wconf 85' lang='lat' dir='ltr'>Sinne</span> <span class='ocrx_word' id='word_1_279' title='bbox 644 2016 801 2051; x_wconf 80' lang='lat' dir='ltr'>Antheil</span> <span class='ocrx_word' id='word_1_280' title='bbox 827 2029 873 2051; x_wconf 81' lang='lat' dir='ltr'>an</span> <span class='ocrx_word' id='word_1_281' title='bbox 900 2019 1058 2052; x_wconf 86' lang='lat' dir='ltr'>Deinem</span> <span class='ocrx_word' id='word_1_282' title='bbox 1085 2019 1184 2053; x_wconf 84' lang='lat' dir='ltr'>Lobe</span> <span class='ocrx_word' id='word_1_283' title='bbox 1211 2019 1360 2056; x_wconf 82' lang='lat' dir='ltr'>nehine.</span> <span class='ocrx_word' id='word_1_284' title='bbox 1391 2040 1430 2045; x_wconf 72' lang='grc'>-</span> <span class='ocrx_word' id='word_1_285' title='bbox 1460 2022 1509 2054; x_wconf 77' lang='lat' dir='ltr'>ad</span> <span class='ocrx_word' id='word_1_286' title='bbox 1533 2025 1566 2053; x_wconf 76' lang='lat' dir='ltr'>te</span> 
     </span>
     <span class='ocr_line' id='line_1_35' title="bbox 91 2062 1567 2110; baseline 0.005 -16"><span class='ocrx_word' id='word_1_287' title='bbox 91 2062 368 2104; x_wconf 78' lang='lat' dir='ltr'>transfuderim,</span> <span class='ocrx_word' id='word_1_288' title='bbox 396 2062 537 2097; x_wconf 74' lang='lat' dir='ltr'>mb&#39;eht’</span> <span class='ocrx_word' id='word_1_289' title='bbox 562 2064 626 2097; x_wconf 86' lang='lat' dir='ltr'>ich</span> <span class='ocrx_word' id='word_1_290' title='bbox 653 2066 723 2098; x_wconf 82' lang='lat' dir='ltr'>Dir</span> <span class='ocrx_word' id='word_1_291' title='bbox 748 2067 965 2100; x_wconf 80' lang='lat' dir='ltr'>zustr&#39;dmen</span> <span class='ocrx_word' id='word_1_292' title='bbox 999 2068 1134 2110; x_wconf 81' lang='lat' dir='ltr'>lassen,</span> <span class='ocrx_word' id='word_1_293' title='bbox 1170 2069 1237 2100; x_wconf 86' lang='lat' dir='ltr'>auf</span> <span class='ocrx_word' id='word_1_294' title='bbox 1265 2068 1365 2102; x_wconf 82' lang='lat' dir='ltr'>Dich</span> <span class='ocrx_word' id='word_1_295' title='bbox 1398 2069 1567 2103; x_wconf 75' lang='lat' dir='ltr'>iiber-tra-</span> 
     </span>
     <span class='ocr_line' id='line_1_36' title="bbox 88 2109 1566 2161; baseline 0.006 -19"><span class='ocrx_word' id='word_1_296' title='bbox 88 2121 169 2154; x_wconf 85' lang='lat' dir='ltr'>gen.</span> <span class='ocrx_word' id='word_1_297' title='bbox 199 2129 240 2134; x_wconf 93' lang='lat'>—</span> <span class='ocrx_word' id='word_1_298' title='bbox 268 2109 506 2153; x_wconf 64' lang='lat' dir='ltr'>exhauserim,</span> <span class='ocrx_word' id='word_1_299' title='bbox 532 2124 578 2145; x_wconf 86' lang='lat' dir='ltr'>an</span> <span class='ocrx_word' id='word_1_300' title='bbox 603 2112 708 2146; x_wconf 85' lang='lat' dir='ltr'>mich</span> <span class='ocrx_word' id='word_1_301' title='bbox 736 2113 872 2146; x_wconf 86' lang='lat' dir='ltr'>ziehen</span> <span class='ocrx_word' id='word_1_302' title='bbox 900 2113 1062 2148; x_wconf 65' lang='lat' dir='ltr'>mdchte.</span> <span class='ocrx_word' id='word_1_303' title='bbox 1090 2136 1130 2141; x_wconf 92' lang='lat'>—</span> <span class='ocrx_word' id='word_1_304' title='bbox 1160 2116 1256 2149; x_wconf 80' lang='lat' dir='ltr'>Nam</span> <span class='ocrx_word' id='word_1_305' title='bbox 1271 2127 1373 2161; x_wconf 78' lang='lat' dir='ltr'>quum</span> <span class='ocrx_word' id='word_1_306' title='bbox 1398 2132 1448 2149; x_wconf 68' lang='grc' dir='ltr'>Ξ</span> <span class='ocrx_word' id='word_1_307' title='bbox 1472 2117 1566 2151; x_wconf 84' lang='lat' dir='ltr'>wie-</span> 
     </span>
     <span class='ocr_line' id='line_1_37' title="bbox 89 2157 1567 2208; baseline 0.005 -19"><span class='ocrx_word' id='word_1_308' title='bbox 89 2157 205 2192; x_wconf 86' lang='lat' dir='ltr'>wohl.</span> <span class='ocrx_word' id='word_1_309' title='bbox 257 2177 298 2181; x_wconf 94' lang='lat'><strong>—</strong></span> <span class='ocrx_word' id='word_1_310' title='bbox 352 2163 437 2200; x_wconf 81' lang='lat' dir='ltr'>tum,</span> <span class='ocrx_word' id='word_1_311' title='bbox 478 2171 551 2193; x_wconf 87' lang='lat' dir='ltr'>von</span> <span class='ocrx_word' id='word_1_312' title='bbox 587 2160 672 2194; x_wconf 81' lang='lat' dir='ltr'>dem</span> <span class='ocrx_word' id='word_1_313' title='bbox 708 2162 971 2208; x_wconf 80' lang='lat' dir='ltr'>Augenblicke</span> <span class='ocrx_word' id='word_1_314' title='bbox 1006 2174 1067 2205; x_wconf 84' lang='lat' dir='ltr'>an,</span> <span class='ocrx_word' id='word_1_315' title='bbox 1110 2174 1172 2198; x_wconf 83' lang='lat' dir='ltr'>wo</span> <span class='ocrx_word' id='word_1_316' title='bbox 1208 2163 1272 2197; x_wconf 83' lang='lat' dir='ltr'>ich</span> <span class='ocrx_word' id='word_1_317' title='bbox 1298 2164 1417 2199; x_wconf 84' lang='lat' dir='ltr'>davon</span> <span class='ocrx_word' id='word_1_318' title='bbox 1443 2164 1567 2199; x_wconf 80' lang='lat' dir='ltr'>h&#39;drte.</span> 
     </span>
     <span class='ocr_line' id='line_1_38' title="bbox 89 2203 1568 2259; baseline 0.005 -21"><span class='ocrx_word' id='word_1_319' title='bbox 89 2203 199 2239; x_wconf 87' lang='lat' dir='ltr'>Sonst</span> <span class='ocrx_word' id='word_1_320' title='bbox 226 2205 377 2240; x_wconf 77' lang='lat' dir='ltr'>mb&#39;chte</span> <span class='ocrx_word' id='word_1_321' title='bbox 403 2218 489 2241; x_wconf 83' lang='lat' dir='ltr'>man</span> <span class='ocrx_word' id='word_1_322' title='bbox 515 2208 631 2242; x_wconf 67' lang='lat' dir='ltr'>dileat·</span> <span class='ocrx_word' id='word_1_323' title='bbox 654 2210 920 2259; x_wconf 86' lang='lat' dir='ltr'>vorschlagen.</span> <span class='ocrx_word' id='word_1_324' title='bbox 968 2229 1014 2236; x_wconf 90' lang='lat'>—</span> <span class='ocrx_word' id='word_1_325' title='bbox 1056 2210 1123 2245; x_wconf 70' lang='lat' dir='ltr'>leis.</span> <span class='ocrx_word' id='word_1_326' title='bbox 1163 2213 1247 2247; x_wconf 86' lang='lat' dir='ltr'>Asc.</span> <span class='ocrx_word' id='word_1_327' title='bbox 1275 2215 1305 2247; x_wconf 88' lang='lat'>1.</span> <span class='ocrx_word' id='word_1_328' title='bbox 1344 2213 1444 2247; x_wconf 79' lang='lat' dir='ltr'>Crat.</span> <span class='ocrx_word' id='word_1_329' title='bbox 1471 2214 1568 2247; x_wconf 85' lang='lat' dir='ltr'>Vict.</span> 
     </span>
     <span class='ocr_line' id='line_1_39' title="bbox 92 2254 217 2286; baseline 0 0"><span class='ocrx_word' id='word_1_330' title='bbox 92 2256 120 2286; x_wconf 93' lang='lat' dir='ltr'>l.</span> <span class='ocrx_word' id='word_1_331' title='bbox 157 2254 217 2286; x_wconf 80' lang='lat' dir='ltr'>iis.</span> 
     </span>
    </p>

    <p class='ocr_par' dir='ltr' id='par_1_9' title="bbox 90 2321 1567 2420">
     <span class='ocr_line' id='line_1_40' title="bbox 183 2321 1567 2365; baseline 0.004 -10"><span class='ocrx_word' id='word_1_332' title='bbox 183 2321 216 2355; x_wconf 83' lang='lat'>5.</span> <span class='ocrx_word' id='word_1_333' title='bbox 268 2321 433 2365; x_wconf 79' lang='lat' dir='ltr'>Semper,</span> <span class='ocrx_word' id='word_1_334' title='bbox 459 2323 530 2357; x_wconf 84' lang='lat' dir='ltr'>mit</span> <span class='ocrx_word' id='word_1_335' title='bbox 555 2323 713 2358; x_wconf 85' lang='lat' dir='ltr'>kleinen</span> <span class='ocrx_word' id='word_1_336' title='bbox 739 2324 977 2360; x_wconf 83' lang='lat' dir='ltr'>Ausnahmen</span> <span class='ocrx_word' id='word_1_337' title='bbox 1014 2326 1198 2362; x_wconf 61' lang='lat' dir='ltr'>wiihrend</span> <span class='ocrx_word' id='word_1_338' title='bbox 1233 2328 1360 2362; x_wconf 84' lang='lat' dir='ltr'>seiner</span> <span class='ocrx_word' id='word_1_339' title='bbox 1384 2325 1567 2361; x_wconf 78' lang='lat' dir='ltr'>Statthal-</span> 
     </span>
     <span class='ocr_line' id='line_1_41' title="bbox 90 2366 1356 2420; baseline 0.007 -21"><span class='ocrx_word' id='word_1_340' title='bbox 90 2366 275 2402; x_wconf 78' lang='lat' dir='ltr'>tersehaft</span> <span class='ocrx_word' id='word_1_341' title='bbox 304 2369 342 2402; x_wconf 87' lang='lat' dir='ltr'>iu</span> <span class='ocrx_word' id='word_1_342' title='bbox 364 2371 536 2405; x_wconf 84' lang='lat' dir='ltr'>Cilicien.</span> <span class='ocrx_word' id='word_1_343' title='bbox 566 2390 607 2397; x_wconf 92' lang='lat'>-</span> <span class='ocrx_word' id='word_1_344' title='bbox 636 2372 820 2415; x_wconf 74' lang='lat' dir='ltr'>dilexisse,</span> <span class='ocrx_word' id='word_1_345' title='bbox 847 2373 1127 2420; x_wconf 81' lang='lat' dir='ltr'>hochgeachtet</span> <span class='ocrx_word' id='word_1_346' title='bbox 1152 2388 1199 2409; x_wconf 90' lang='lat' dir='ltr'>zu</span> <span class='ocrx_word' id='word_1_347' title='bbox 1225 2375 1356 2410; x_wconf 89' lang='lat' dir='ltr'>haben.</span> 
     </span>
    </p>

    <p class='ocr_par' dir='ltr' id='par_1_10' title="bbox 90 2435 1565 2535">
     <span class='ocr_line' id='line_1_42' title="bbox 183 2435 1563 2481; baseline 0.007 -14"><span class='ocrx_word' id='word_1_348' title='bbox 183 2435 216 2468; x_wconf 86' lang='lat'>6.</span> <span class='ocrx_word' id='word_1_349' title='bbox 266 2435 484 2481; x_wconf 58' lang='lat' dir='ltr'>Proponant,</span> <span class='ocrx_word' id='word_1_350' title='bbox 510 2438 586 2473; x_wconf 89' lang='lat' dir='ltr'>soll</span> <span class='ocrx_word' id='word_1_351' title='bbox 613 2438 678 2472; x_wconf 89' lang='lat' dir='ltr'>ich</span> <span class='ocrx_word' id='word_1_352' title='bbox 705 2439 774 2473; x_wconf 85' lang='lat' dir='ltr'>Dir</span> <span class='ocrx_word' id='word_1_353' title='bbox 801 2465 808 2471; x_wconf 92' lang='lat'>.</span> <span class='ocrx_word' id='word_1_354' title='bbox 836 2470 843 2478; x_wconf 86' lang='grc'>,</span> <span class='ocrx_word' id='word_1_355' title='bbox 872 2466 880 2474; x_wconf 94' lang='grc'><strong>.</strong></span> <span class='ocrx_word' id='word_1_356' title='bbox 907 2454 955 2475; x_wconf 86' lang='lat' dir='ltr'>zu</span> <span class='ocrx_word' id='word_1_357' title='bbox 980 2444 1145 2477; x_wconf 84' lang='lat' dir='ltr'>Mustern</span> <span class='ocrx_word' id='word_1_358' title='bbox 1183 2443 1418 2477; x_wconf 84' lang='lat' dir='ltr'>vorstellen?</span> <span class='ocrx_word' id='word_1_359' title='bbox 1473 2446 1563 2476; x_wconf 82' lang='lat' dir='ltr'>tant.</span> 
     </span>
     <span class='ocr_line' id='line_1_43' title="bbox 90 2486 1565 2535; baseline 0.007 -22"><span class='ocrx_word' id='word_1_360' title='bbox 90 2494 121 2515; x_wconf 82' lang='lat' dir='ltr'>r.</span> <span class='ocrx_word' id='word_1_361' title='bbox 158 2486 251 2524; x_wconf 72' lang='lat' dir='ltr'>gest.</span> <span class='ocrx_word' id='word_1_362' title='bbox 279 2497 327 2515; x_wconf 72' lang='lat' dir='ltr'><strong><em>z</em></strong></span> <span class='ocrx_word' id='word_1_363' title='bbox 351 2496 465 2529; x_wconf 86' lang='lat' dir='ltr'>quum</span> <span class='ocrx_word' id='word_1_364' title='bbox 491 2493 608 2520; x_wconf 84' lang='lat' dir='ltr'>tantas</span> <span class='ocrx_word' id='word_1_365' title='bbox 636 2498 695 2520; x_wconf 75' lang='lat' dir='ltr'>res</span> <span class='ocrx_word' id='word_1_366' title='bbox 721 2489 891 2535; x_wconf 84' lang='lat' dir='ltr'>gesseris.</span> <span class='ocrx_word' id='word_1_367' title='bbox 946 2510 986 2517; x_wconf 89' lang='lat'>—-</span> <span class='ocrx_word' id='word_1_368' title='bbox 1046 2502 1117 2524; x_wconf 83' lang='lat' dir='ltr'>non</span> <span class='ocrx_word' id='word_1_369' title='bbox 1142 2492 1196 2525; x_wconf 74' lang='lat' dir='ltr'>tui</span> <span class='ocrx_word' id='word_1_370' title='bbox 1219 2492 1326 2524; x_wconf 71' lang='lat' dir='ltr'>simil.</span> <span class='ocrx_word' id='word_1_371' title='bbox 1355 2500 1444 2532; x_wconf 82' lang='lat' dir='ltr'>esse,</span> <span class='ocrx_word' id='word_1_372' title='bbox 1469 2491 1565 2532; x_wconf 75' lang='lat' dir='ltr'>„Dix-</span> 
     </span>
    </p>
   </div>
   <div class='ocr_carea' id='block_1_9' title="bbox 88 2529 1565 2580">
    <p class='ocr_par' dir='ltr' id='par_1_11' title="bbox 88 2529 1565 2580">
     <span class='ocr_line' id='line_1_44' title="bbox 88 2529 1565 2580; baseline 0.007 -17"><span class='ocrx_word' id='word_1_373' title='bbox 88 2530 201 2563; x_wconf 83' lang='lat' dir='ltr'>selbst</span> <span class='ocrx_word' id='word_1_374' title='bbox 222 2529 335 2564; x_wconf 86' lang='lat' dir='ltr'>nicht</span> <span class='ocrx_word' id='word_1_375' title='bbox 360 2533 491 2579; x_wconf 84' lang='lat' dir='ltr'>gleich</span> <span class='ocrx_word' id='word_1_376' title='bbox 517 2547 563 2568; x_wconf 88' lang='lat' dir='ltr'>zu</span> <span class='ocrx_word' id='word_1_377' title='bbox 590 2535 780 2570; x_wconf 60' lang='lat' dir='ltr'>bleibenf‘</span> <span class='ocrx_word' id='word_1_378' title='bbox 815 2537 867 2570; x_wconf 86' lang='lat' dir='ltr'>Da</span> <span class='ocrx_word' id='word_1_379' title='bbox 882 2538 983 2572; x_wconf 84' lang='lat' dir='ltr'>trifft</span> <span class='ocrx_word' id='word_1_380' title='bbox 1008 2550 1044 2572; x_wconf 83' lang='lat' dir='ltr'>es</span> <span class='ocrx_word' id='word_1_381' title='bbox 1061 2539 1208 2580; x_wconf 81' lang='lat' dir='ltr'>Cicero,</span> <span class='ocrx_word' id='word_1_382' title='bbox 1231 2539 1301 2572; x_wconf 84' lang='lat' dir='ltr'>der</span> <span class='ocrx_word' id='word_1_383' title='bbox 1317 2537 1385 2570; x_wconf 86' lang='lat' dir='ltr'>ihn</span> <span class='ocrx_word' id='word_1_384' title='bbox 1403 2538 1565 2573; x_wconf 82' lang='lat' dir='ltr'>kannte!</span> 
     </span>
    </p>
   </div>
   <div class='ocr_carea' id='block_1_10' title="bbox 87 2599 1564 2791">
    <p class='ocr_par' dir='ltr' id='par_1_12' title="bbox 87 2599 1564 2791">
     <span class='ocr_line' id='line_1_45' title="bbox 145 2599 1564 2652; baseline 0.006 -21"><span class='ocrx_word' id='word_1_385' title='bbox 145 2644 152 2650; x_wconf 89' lang='lat'>.</span> <span class='ocrx_word' id='word_1_386' title='bbox 183 2599 214 2631; x_wconf 89' lang='lat'>7.</span> <span class='ocrx_word' id='word_1_387' title='bbox 267 2600 363 2642; x_wconf 80' lang='lat' dir='ltr'>quod</span> <span class='ocrx_word' id='word_1_388' title='bbox 413 2599 507 2634; x_wconf 81' lang='lat' dir='ltr'>haud</span> <span class='ocrx_word' id='word_1_389' title='bbox 544 2602 621 2635; x_wconf 80' lang='lat' dir='ltr'>scio</span> <span class='ocrx_word' id='word_1_390' title='bbox 668 2613 714 2635; x_wconf 78' lang='lat' dir='ltr'>an</span> <span class='ocrx_word' id='word_1_391' title='bbox 752 2605 886 2638; x_wconf 73' lang='lat' dir='ltr'>nemini</span> <span class='ocrx_word' id='word_1_392' title='bbox 936 2607 1160 2652; x_wconf 84' lang='lat' dir='ltr'>contigerit,</span> <span class='ocrx_word' id='word_1_393' title='bbox 1212 2606 1304 2641; x_wconf 82' lang='lat' dir='ltr'>Was</span> <span class='ocrx_word' id='word_1_394' title='bbox 1357 2605 1564 2640; x_wconf 82' lang='lat' dir='ltr'>vielleicht</span> 
     </span>
     <span class='ocr_line' id='line_1_46' title="bbox 87 2643 1559 2699; baseline 0.011 -23"><span class='ocrx_word' id='word_1_395' title='bbox 87 2643 244 2677; x_wconf 80' lang='lat' dir='ltr'>Keinem</span> <span class='ocrx_word' id='word_1_396' title='bbox 269 2646 432 2681; x_wconf 86' lang='lat' dir='ltr'>anderen</span> <span class='ocrx_word' id='word_1_397' title='bbox 459 2648 588 2683; x_wconf 79' lang='lat' dir='ltr'>bisher</span> <span class='ocrx_word' id='word_1_398' title='bbox 612 2651 761 2698; x_wconf 80' lang='lat' dir='ltr'>gelang.</span> <span class='ocrx_word' id='word_1_399' title='bbox 802 2651 838 2685; x_wconf 89' lang='lat' dir='ltr'>S.</span> <span class='ocrx_word' id='word_1_400' title='bbox 864 2653 1015 2688; x_wconf 85' lang='lat' dir='ltr'>Ramsh.</span> <span class='ocrx_word' id='word_1_401' title='bbox 1043 2659 1071 2699; x_wconf 85' lang='lat'>§.</span> <span class='ocrx_word' id='word_1_402' title='bbox 1103 2657 1183 2695; x_wconf 71' lang='lat'>174,</span> <span class='ocrx_word' id='word_1_403' title='bbox 1209 2656 1241 2693; x_wconf 84' lang='lat'>2,</span> <span class='ocrx_word' id='word_1_404' title='bbox 1269 2655 1317 2688; x_wconf 89' lang='grc' dir='ltr'>Ν.</span> <span class='ocrx_word' id='word_1_405' title='bbox 1343 2655 1375 2691; x_wconf 86' lang='lat'>3.</span> <span class='ocrx_word' id='word_1_406' title='bbox 1415 2654 1559 2688; x_wconf 67' lang='lat' dir='ltr'>GPOtes-</span> 
     </span>
     <span class='ocr_line' id='line_1_47' title="bbox 87 2691 1561 2750; baseline 0.006 -25"><span class='ocrx_word' id='word_1_407' title='bbox 87 2691 117 2743; x_wconf 53' lang='grc' dir='ltr'>ᾗ.</span> <span class='ocrx_word' id='word_1_408' title='bbox 142 2693 221 2726; x_wconf 75' lang='lat'>345.</span> <span class='ocrx_word' id='word_1_409' title='bbox 266 2712 306 2717; x_wconf 94' lang='lat'>—</span> <span class='ocrx_word' id='word_1_410' title='bbox 350 2696 528 2730; x_wconf 71' lang='lat' dir='ltr'>animadv.</span> <span class='ocrx_word' id='word_1_411' title='bbox 555 2698 622 2731; x_wconf 81' lang='lat' dir='ltr'>der</span> <span class='ocrx_word' id='word_1_412' title='bbox 646 2698 849 2746; x_wconf 79' lang='lat' dir='ltr'>Ahndung.</span> <span class='ocrx_word' id='word_1_413' title='bbox 892 2721 936 2726; x_wconf 90' lang='lat'>-—</span> <span class='ocrx_word' id='word_1_414' title='bbox 985 2702 1194 2746; x_wconf 73' lang='lat' dir='ltr'>popularis,</span> <span class='ocrx_word' id='word_1_415' title='bbox 1220 2702 1311 2736; x_wconf 84' lang='lat' dir='ltr'>volk</span> <span class='ocrx_word' id='word_1_416' title='bbox 1344 2701 1486 2750; x_wconf 81' lang='lat' dir='ltr'>efa&#39;llig.</span> <span class='ocrx_word' id='word_1_417' title='bbox 1514 2721 1561 2727; x_wconf 88' lang='lat'>-</span> 
     </span>
     <span class='ocr_line' id='line_1_48' title="bbox 87 2714 1560 2791; baseline 0.008 -20"><span class='ocrx_word' id='word_1_418' title='bbox 87 2738 210 2778; x_wconf 61' lang='lat' dir='ltr'>infimo</span> <span class='ocrx_word' id='word_1_419' title='bbox 244 2742 380 2786; x_wconf 77' lang='lat' dir='ltr'>cuique,</span> <span class='ocrx_word' id='word_1_420' title='bbox 424 2743 492 2778; x_wconf 83' lang='lat' dir='ltr'>der</span> <span class='ocrx_word' id='word_1_421' title='bbox 524 2752 718 2780; x_wconf 85' lang='lat' dir='ltr'>untersten</span> <span class='ocrx_word' id='word_1_422' title='bbox 754 2748 1020 2791; x_wconf 76' lang='lat' dir='ltr'>Volksklasse3</span> <span class='ocrx_word' id='word_1_423' title='bbox 1065 2749 1233 2784; x_wconf 67' lang='lat' dir='ltr'>versteht</span> <span class='ocrx_word' id='word_1_424' title='bbox 1268 2714 1351 2783; x_wconf 40' lang='lat' dir='ltr'>§iezi</span> <span class='ocrx_word' id='word_1_425' title='bbox 1384 2761 1455 2783; x_wconf 87' lang='lat' dir='ltr'>von</span> <span class='ocrx_word' id='word_1_426' title='bbox 1492 2750 1560 2784; x_wconf 86' lang='lat' dir='ltr'>der</span> 
     </span>
    </p>
   </div>
   <div class='ocr_carea' id='block_1_11' title="bbox 1612 1577 1638 1618">
    <p class='ocr_par' dir='ltr' id='par_1_13' title="bbox 1612 1577 1638 1618">
     <span class='ocr_line' id='line_1_49' title="bbox 1612 1577 1638 1618; baseline 0 0"><span class='ocrx_word' id='word_1_427' title='bbox 1612 1577 1638 1618; x_wconf 87' lang='lat'>7</span> 
     </span>
    </p>
   </div>
  </div>
 </body>
</html>
