1795 3086
469 72 782 118 EPISTOLA
813 75 1072 119 DCXCIX.
1105 75 1246 119 DCC.
1533 79 1595 126 75

115 189 276 230 bellam
307 187 520 243 epistolas
551 185 727 240 scripsi.
786 184 953 227 Earum
982 188 1185 244 exempla
1207 187 1309 231 ,tibi
1347 187 1467 235 misi,
1507 204 1593 232 non

115 248 164 286 ut
202 244 513 289 deliberarem,
543 241 858 283 reddendaene
879 248 1028 285 essent
1056 267 1107 275 -——
1137 245 1270 300 plane
1300 243 1418 285 enim
1441 244 1594 287 iudico

115 314 211 342 esse
240 299 491 342 reddendas
520 321 575 328 —
611 298 691 339 sed
730 297 849 352 quod
889 311 977 338 non
1015 299 1188 348 dubim,
1239 299 1346 357 quin
1386 304 1435 341 tu
1473 300 1592 342 idem

114 356 452 398 existimaturus
481 353 559 396 sis.
618 352 831 395 Ciceroni
859 366 971 407 me0,
1000 353 1064 394 mi
1092 356 1256 403 Attice,
1283 356 1591 412 suppeditabis

114 417 326 466 quantum
363 410 606 462 videbitur,
655 422 811 464 meque
848 408 937 451 hoc
976 409 1062 450 tibi
1099 424 1210 452 onus
1249 412 1476 467 imponere
1515 427 1591 468 pa-

114 468 239 508 tiere.
311 467 437 517 Quae
474 465 623 507 adhuc
662 464 832 518 fecisti,
879 464 994 506 mihi
1033 470 1139 507 sunt
1178 468 1445 520 gratissima.
1513 468 1594 510 Li-

114 525 241 565 brum
270 536 412 564 meum
442 521 571 562 illum
600 520 810 561 ἀνέκδοτον
838 521 1045 574 nondum,
1084 524 1136 563 ut
1170 523 1313 575 volui,
1355 526 1593 581 perpolivi.

116 579 212 621 Ista
239 592 361 631 vero,
390 591 502 633 quae
531 582 580 618 tu
611 576 796 619 contexi
825 576 910 630 vis,
940 577 1064 619 aliud
1094 577 1316 633 quoddam
1345 587 1595 634 separatum

114 635 323 677 volumen
362 637 638 689 exspectant.
715 634 815 687 Ego
853 636 999 675 autem
1026 658 1082 664 —-
1111 633 1271 675 credas
1307 633 1422 676 mihi
1459 639 1596 680 velim

114 710 168 716 -
196 690 369 732 minore
398 690 599 745 periculo
629 689 840 731 existimo
871 694 1029 731 contra
1067 690 1174 731 illas
1212 689 1409 731 nefarias
1448 699 1596 747 partes

115 747 220 788 vivo
249 750 444 802 tyranno
475 745 568 786 dici
597 746 794 799 potuisse
823 758 954 800 quam
983 749 1170 787 mortuo.
1241 745 1332 787 Ille
1368 747 1486 790 enim
1521 763 1597 792 ne-

115 802 210 844 scio
232 815 320 857 quo
342 806 474 857 pacto
504 801 678 843 serebat
706 814 775 841 me
803 800 984 856 quidem
1012 801 1305 844 mirabiliter:
1334 815 1462 857 nunc,
1493 820 1597 860 qua·
1635 822 1640 833 ¹

115 871 289 913 cunque
334 871 415 899 nos
455 856 786 908 commovimus,
822 856 890 897 hd
932 857 1142 900 Caesaris
1183 871 1270 899 non
1309 859 1442 901 modo
1481 867 1597 914 acta,

114 927 267 954 verum
296 913 428 955 etiam
457 912 656 967 cogitata
686 925 962 955 revocamur.
1027 915 1099 955 De
1127 912 1359 968 Montano,
1388 918 1597 971 quoniam

114 970 316 1011 Flamma
344 968 482 1022 venit,
511 967 698 1011 videbis.
757 967 879 1010 Puto
910 983 1001 1010 rem
1030 968 1220 1012 meliore
1250 972 1354 1012 loco
1391 987 1489 1016 esse
1519 974 1597 1016 de-

116 1026 233 1066 bere.

355 1165 673 1209 EPISTOLA
703 1165 843 1208 DCC.
903 1164 981 1218 (ad
1011 1165 1118 1208 Div.
1149 1166 1235 1209 IX.
1268 1168 1353 1218 14.)

213 1241 293 1276 Ser.
321 1241 363 1275 in
387 1241 610 1286 Pompeiano
637 1241 698 1275 lv.
724 1241 821 1275 Non.
847 1240 930 1275 Mai.
956 1241 1000 1274 A.
1026 1240 1073 1275 U.
1101 1241 1139 1275 c.
1167 1245 1247 1277 710.
1291 1245 1339 1287 (a.
1365 1245 1407 1279 c.
1433 1246 1509 1290 44.)

118 1307 258 1343 Laudat
295 1307 531 1343 Dolabellam
570 1307 616 1340 ob
662 1306 908 1340 severitatem
953 1306 1291 1343 animadversionis
1343 1310 1384 1343 in
1430 1310 1600 1347 homines

283 1356 477 1391 seditiosos
503 1361 539 1389 et
566 1355 745 1389 adversus
771 1355 990 1388 libertatem
1015 1355 1300 1391 tumultuantes.
1327 1360 1432 1395 1-8.

449 1422 627 1459 CICERO
654 1423 980 1459 DOLABELLAE
1007 1423 1105 1458 COS.
1134 1424 1225 1460 SUO
1252 1425 1287 1460 S.

229 1494 330 1534 Etsi
360 1496 593 1534 contentus
625 1507 761 1543 eram,
792 1492 855 1533 mi
884 1492 1144 1544 Dolabella,
1185 1497 1263 1535 tua
1293 1495 1441 1550 gloria
1470 1497 1599 1540 satis-

121 1562 205 1603 que
243 1563 298 1590 ex
336 1562 388 1590 ea
425 1561 627 1602 magnam
668 1547 888 1589 laetitiam
937 1549 1301 1605 voluptatemque
1346 1553 1599 1608 capiebam:

122 1610 268 1645 tamen
307 1618 395 1645 11011
433 1618 610 1659 possum
649 1617 736 1645 non
775 1604 984 1645 confiteri
1024 1606 1245 1647 cumulari
1282 1622 1353 1649 me
1399 1610 1600 1652 maximo

122 1660 302 1713 gaudio,
331 1661 452 1715 quod
480 1661 616 1715 vulgo
646 1659 876 1701 hominum
914 1660 1066 1714 opinio
1102 1662 1276 1703 socium
1314 1678 1383 1705 me
1424 1666 1599 1708 adscri-

121 1718 196 1757 bat
225 1715 314 1757 tuis
344 1715 568 1756 laudibus.
625 1715 856 1758 Neminem
895 1717 1084 1757 conveni
1114 1741 1167 1749 —
1197 1719 1415 1762 convenio
1454 1726 1601 1763 autem

120 1771 323 1826 quotidie
351 1771 596 1826 plurimos:
637 1776 739 1813 sunt
777 1771 895 1813 enim
934 1772 1149 1827 permulti
1187 1773 1348 1830 optimi
1375 1776 1479 1830 viri,
1520 1778 1599 1833 qui

122 1890 194 1924 soll
231 1889 346 1923 daran
388 1887 560 1924 denkent
610 1888 646 1922 d.
691 1889 716 1924 i.
758 1900 796 1923 es
839 1889 911 1924 soll
949 1888 1032 1923 ihm
1074 1890 1182 1926 nicht
1229 1893 1473 1942 ungeahndet
1512 1888 1602 1930 hin-

152 1938 266 1972 eheu!

123 1951 148 1987 g
217 1987 252 2021 4.
273 1975 279 1983 ¹
303 1985 478 2030 exempla.
527 1984 565 2019 S.
593 1983 665 2018 den
691 1986 771 2020 700.
797 1984 906 2018 Brier
928 1986 983 2020 als
1015 1986 1112 2033 App.
1138 1987 1187 2023 A.
1222 2005 1266 2015 —
1291 1991 1379 2026 misi
1401 2005 1452 2024 Ξ
1478 1992 1600 2029 mitto.

217 2035 250 2069 5.
301 2033 480 2067 Ciceroni.
528 2033 613 2079 Vgl.
642 2043 699 2079 ep.
726 2033 808 2076 698,
836 2036 869 2068 4.

218 2084 250 2118 6.
301 2079 566 2121 ἀνέκδοτον,
601 2080 788 2116 ineditum
815 2081 957 2115 librum
985 2083 1027 2116 de
1051 2085 1271 2128 temporibus
1295 2087 1384 2130 suis,
1419 2100 1531 2133 quem
1557 2089 1604 2122 fi-

123 2131 196 2164 lius
237 2130 387 2164 demum
429 2136 578 2164 mortuo
620 2136 728 2175 patre
768 2129 896 2165 edidit.
945 2131 1177 2166 ERNESTI.
1238 2134 1349 2169 Diese
1385 2137 1602 2172 schatzbare

121 2179 271 2213 Schrist
295 2178 343 2214 ist
368 2177 477 2212 nicht
501 2179 568 2210 auf
588 2189 657 2211 uns
690 2177 928 2223 gekommen.
971 2199 1017 2205 —
1058 2192 1148 2225 quae
1174 2185 1212 2214 tu
1238 2184 1381 2218 contexi
1403 2186 1472 2227 vis,
1506 2186 1602 2221 Was

125 2229 181 2261 Du
207 2227 325 2261 damit
350 2226 531 2267 verwebt,
559 2225 821 2275 hinzugesetzt
847 2226 964 2261 sehen
990 2229 1189 2264 miichtest.
1230 2248 1270 2255 —
1309 2242 1422 2276 exsp„
1449 2234 1513 2267 das
1542 2245 1602 2267 er-

126 2274 284 2308 sordert.
314 2293 353 2299 —
376 2278 515 2319 partes,
540 2273 675 2307 Partei.
711 2293 758 2299 —
791 2275 878 2318 Ille,
905 2275 1050 2311 caesar.
1084 2297 1126 2304 —-
1153 2279 1311 2321 serebat
1335 2292 1403 2322 me,
1428 2293 1511 2315 war
1536 2293 1603 2327 ge-

125 2334 199 2368 gen
224 2321 330 2356 mich
362 2323 417 2356 bis
454 2332 540 2355 zum
574 2322 836 2357 Verwundern
867 2324 1052 2359 duldsam.
1103 2344 1146 2350 —
1197 2337 1420 2371 revocamur,
1447 2330 1603 2364 werden

125 2370 201 2404 wir
226 2372 292 2404 auf
314 2395 323 2404 .
350 2398 359 2407 .
385 2394 394 2404 .
418 2370 643 2404 verwiesen.
670 2389 712 2394 —
740 2371 797 2404 De
821 2372 1012 2406 Montano.
1048 2372 1085 2407 S.
1112 2385 1171 2419 ep.
1199 2377 1281 2415 698,
1305 2378 1338 2410 4.
1374 2395 1420 2402 —
1453 2378 1601 2421 videbis,

126 2417 240 2452 suche
266 2417 363 2452 Rath
389 2430 435 2451 zu
459 2418 639 2452 schaffen.
670 2437 712 2444 —
739 2420 819 2453 mel.
846 2421 912 2454 loc.
940 2431 1026 2464 esse,
1052 2422 1178 2456 besser
1203 2423 1347 2457 stehen.

220 2485 319 2520 SUO
342 2485 379 2520 S.
429 2486 570 2520 Eadem
604 2486 762 2532 epistola
802 2488 852 2520 ad
882 2488 968 2522 Div.
992 2490 1025 2524 9.
1054 2490 1109 2524 14.
1142 2490 1182 2524 in
1217 2491 1348 2524 multis
1391 2493 1603 2527 correctior

128 2533 271 2579 legitur
296 2535 424 2577 (quam
459 2535 507 2568 ad
531 2535 644 2568 Attio.
675 2536 730 2574 14,
758 2537 853 2580 l7.);
889 2537 987 2571 unde
1027 2537 1100 2572 hoc
1134 2538 1329 2581 exemplar
1361 2551 1382 2572 a
1415 2541 1602 2585 peioribus

127 2581 218 2615 edd.
247 2581 352 2615 nobis
377 2582 556 2616 traditum
582 2583 828 2617 correximus.
878 2585 1058 2620 Notamus
1084 2587 1127 2620 D.
1172 2586 1368 2623 ORELLI.
1420 2589 1499 2623 cfr.
1540 2600 1600 2636 ep.

127 2631 208 2672 697,
233 2631 265 2665 2.
291 2631 372 2672 698,
398 2632 432 2666 2.
458 2630 557 2675 inpr.
583 2632 664 2666 389.
692 2632 860 2678 princip.
1047 2660 1051 2663 .

224 2699 253 2731 1.
306 2697 401 2742 quod
423 2723 430 2729 .
459 2699 556 2732 duis
596 2699 775 2741 laudibus,
808 2700 991 2743 dadurch,
1031 2701 1112 2735 dass
1153 2701 1214 2735 die
1249 2701 1475 2738 offentliche
1507 2705 1599 2740 Mei-

130 2756 233 2793 nung
269 2745 410 2781 keinen
443 2746 631 2792 geringeu
663 2747 775 2782 Theil
809 2750 960 2792 Dessen,
996 2762 1074 2785 was
1107 2751 1166 2785 Du
1197 2751 1496 2802 preiswiirdiges
1531 2766 1598 2802 ge-
