1795 3086
195 33 279 79 162
465 37 527 79 M.
561 38 614 80 Τ.
647 32 991 79 CICERONIS
1019 30 1391 76 EPISTOLAE.

244 148 560 194 EPISTOLA
604 145 855 188 Dccxu.
915 145 991 198 <aa
1022 146 1114 186 Λα.
1145 144 1276 186 xvi.
1307 145 1372 185 16.
1403 155 1502 198 app.
1537 142 1608 191 D.)

286 230 362 263 Ser.
396 229 433 261 in
460 227 673 261 Tusculano
698 233 857 263 exeunte
883 225 992 260 Iunio
1017 225 1060 259 A.
1087 225 1132 259 U.
1159 224 1199 259 C.
1226 226 1308 260 71⁰.
1355 225 1402 266 (a.
1430 224 1468 258 C.
1498 225 1575 265 44.)

439 298 652 344 Cupiennio
678 310 824 333 causam
851 297 1141 332 Buthrotiorum
1167 294 1418 330 commendat.

623 370 802 405 CICERO
829 370 871 405 C.
896 367 1170 404 CUPIENNIO
1196 367 1234 402 S.

129 451 210 502 'lli
299 446 482 488 Patrem
516 447 639 485 tuum
677 443 862 497 plurimi
900 442 1014 492 seci3
1062 454 1220 496 meque
1270 439 1351 480 ille
1390 437 1583 480 mirifice
1620 444 1664 481 et

188 503 331 545 coluit
369 506 414 543 et
452 500 640 541 amavit:
690 512 772 539 nec
811 498 1061 540 mehercule
1100 509 1292 550 unquam
1329 495 1442 536 mihi
1483 495 1664 536 dubium

190 559 293 611 fuit,
337 559 445 614 quin
485 569 510 597 a
547 559 592 596 te
627 554 861 609 diligerer.
933 554 1034 608 Ego
1072 552 1254 607 quidem
1291 551 1340 591 id
1385 551 1537 592 facere
1578 565 1665 592 non

189 614 360 657 destiti.
417 612 718 662 Quamobrem
758 613 861 664 peto
899 624 923 650 a
959 614 1003 651 te
1041 609 1088 648 in
1127 608 1342 649 maiorem
1381 608 1578 659 modum,
1616 610 1666 647 ut

188 671 417 715 civitatem
463 667 751 709 Buthrotiam
798 667 1003 707 subleves
1055 664 1370 719 decretumque
1417 664 1665 714 consulum,

188 727 306 784 quod
335 726 370 767 ii
399 723 643 766 secundum
672 720 937 763 Buthrotios
969 720 1185 772 fecerunt,
1229 733 1363 774 quum
1402 723 1448 760 et
1482 721 1581 774 lege
1620 723 1666 759 et

186 786 365 826 senatus
396 779 598 822 consulto
627 778 853 820 statuendi
883 778 1151 833 potestatem
1180 774 1414 828 haberent,
1451 775 1530 816 des
1560 787 1663 828 ope·

191 853 299 892 ram,
329 841 378 879 ut
407 836 603 878 Plancus
632 836 786 875 noster
814 847 945 890 quam
975 832 1167 888 primum
1198 830 1434 872 confirmet
1463 835 1508 871 et
1545 843 1663 870 comn

185 896 353 952 probet.
422 893 525 934 Hoc
564 895 609 932 te
650 889 952 943 vehementer,
993 889 1055 929 mi
1090 887 1329 942 Cupienni,
1370 886 1505 928 etiam
1536 889 1667 939 atque

186 954 321 995 etiam
351 963 477 1005 rogo.

351 1100 669 1146 EPISTOLA
698 1096 985 1141 DCCXLII.
1044 1095 1122 1147 (ad
1151 1096 1241 1137 Att.
1274 1095 1381 1138 XV.
1411 1095 1501 1142 25.)

269 1184 349 1218 scr.
380 1183 420 1217 in
445 1181 661 1215 Tusculano
687 1180 727 1212 v.
756 1179 839 1213 Kal.
869 1177 994 1221 Quint.
1021 1176 1063 1209 A.
1091 1175 1135 1209 υ.
1162 1175 1202 1209 c.
1232 1177 1312 1211 710.
1354 1176 1401 1217 (a.
1429 1174 1469 1208 e.
1496 1175 1573 1217 44.)

189 1257 314 1291 varias
340 1255 386 1290 de
420 1254 562 1288 itinere
600 1262 666 1286 suo
701 1249 905 1286 sententias
940 1259 1016 1281 esse
1050 1254 1087 1281 ot
1113 1258 1151 1280 se
1176 1247 1301 1292 ipsum
1328 1246 1535 1280 etiamnum
1560 1246 1666 1280 dubi·

763 1305 845 1332 tare
873 1296 1074 1344 significat.

702 1369 882 1405 CICERO
909 1367 1090 1402 ATTICO
1117 1366 1154 1400 S.

297 1445 368 1486 De
408 1457 508 1485 meo
547 1444 709 1484 itinere
754 1443 908 1484 variae
948 1439 1209 1481 sententiae.
1277 1437 1415 1479 Multi
1454 1439 1571 1479 enim
1609 1439 1667 1480 ad

190 1516 270 1543 me.
331 1501 420 1543 Sed
449 1504 497 1541 tu
526 1500 746 1550 incumbe,
775 1510 956 1552 quaeso,
987 1497 1033 1535 in
1054 1508 1151 1536 eam
1170 1508 1337 1535 curam.
1398 1493 1567 1549 Magna
1596 1508 1667 1535 res

188 1563 270 1600 est.
330 1559 399 1598 An
430 1557 606 1612 probas,
634 1556 685 1596 si
716 1554 773 1595 ad
803 1553 906 1594 Kal.
939 1552 1035 1593 Ian.
1067 1551 1345 1605 cogitamus?
1402 1549 1533 1591 Meus
1571 1551 1666 1592 ani-

188 1628 284 1656 mus
314 1617 383 1655 est
413 1625 602 1667 aequus,
631 1611 699 1652 sic
727 1614 896 1655 tamen,
927 1612 975 1649 ut
1003 1607 1043 1648 si
1073 1607 1191 1647 nihil
1221 1606 1484 1648 offensionis
1513 1606 1594 1647 sit:
1624 1610 1668 1647 et

285 1769 589 1805 (ΪΠΡΙΕΝΝΙΟ.γ
629 1765 816 1802 Corradus
843 1764 1080 1799 existimabat
1112 1761 1216 1796 hunc
1243 1771 1321 1795 esse
1348 1761 1388 1796 C.
1413 1761 1668 1807 Cupiennium

188 1820 372 1853 Libonem
403 1818 636 1859 Cumanum,
673 1814 770 1860 quod
805 1812 1009 1861 colligebat
1041 1823 1085 1845 ex
1111 1811 1241 1844 Horat.
1274 1809 1349 1845 Sat.
1378 1811 1428 1848 11,
1458 1813 1477 1844 l
1515 1811 1668 1856 eiusque

189 1871 413 1913 interprete.

286 1919 321 1950 1.
349 1925 415 1947 nec
438 1913 519 1948 scil.
547 1923 629 1946 eam
655 1910 702 1945 ob
726 1921 889 1952 causam,
915 1908 1035 1943 schon
1061 1906 1245 1949 desshalb.
1279 1926 1318 1932 —-
1353 1907 1499 1950 sumen,
1524 1919 1572 1941 zu
1597 1919 1667 1939 un-

188 1966 408 1999 terstiitzen.
446 1980 489 1987 ——
523 1960 622 1994 Ordo
648 1958 752 1993 verb.
780 1959 910 2002 desque
935 1967 1097 2000 operam,
1122 1959 1160 1988 ut
1184 1955 1341 1988 Plancus
1368 1980 1376 1987 θ
1406 1981 1413 1989 .
1443 1980 1450 1987 .
1479 1954 1668 1995 confirmet

190 2017 226 2046 et
249 2011 454 2054 comprobet
480 2010 665 2043 decretum
691 2007 891 2048 consulum,
917 2005 1014 2050 quod
1032 2009 1102 2037 cet.
1138 2021 1178 2028 --
1230 2013 1301 2036 sec,
1328 2003 1387 2045 Β.,
1420 2015 1468 2036 zu
1495 2003 1666 2036 Gunsten

188 2061 257 2094 der
281 2058 495 2093 Buthroter.
523 2077 566 2082 —
601 2060 686 2092 stat.
710 2058 842 2099 potest.
867 2053 966 2096 hab„
992 2053 1037 2087 da
1061 2051 1116 2086 sie
1143 2077 1150 2084 .
1179 2076 1185 2083 .
1218 2077 1225 2085 .,
1252 2050 1415 2085 dariiber
1439 2063 1486 2084 zu
1512 2051 1667 2085 bestim-

189 2119 279 2142 men
305 2105 559 2152 erm‘achtiget
583 2115 727 2139 waren.

288 2176 320 2209 l.
349 2183 426 2206 var.
453 2176 556 2212 sent„
583 2170 675 2204 iiber
700 2168 825 2203 meine
851 2165 1152 2203 bevorstehende
1178 2165 1288 2200 Reise
1313 2164 1429 2208 (nach
1454 2165 1667 2199 Griechen-

190 2223 296 2265 land)
321 2221 407 2255 sind
431 2220 499 2254 der
525 2219 756 2264 Meinungen
781 2215 1031 2250 mancherlei.
1081 2233 1127 2240 —
1177 2215 1227 2247 ad
1250 2225 1305 2246 me
1339 2214 1385 2247 de
1420 2213 1492 2247 hoc
1527 2214 1668 2247 itinere

190 2271 369 2306 scribunt.
420 2287 463 2293 -
516 2267 678 2301 incumbe
703 2292 709 2299 .
740 2292 749 2300 0
774 2265 811 2299 in
837 2275 919 2297 eam
941 2273 1081 2305 curam,
1109 2262 1229 2295 nimm
1256 2262 1333 2295 mir
1357 2273 1427 2296 vor
1451 2261 1581 2296 Allem
1606 2262 1669 2295 die

191 2318 312 2354 Sache
338 2318 378 2351 in
403 2309 659 2363 Uberlegung.
711 2335 753 2339 -
804 2312 839 2346 si
866 2338 872 2344 .
902 2336 909 2343 .
937 2311 1139 2354 cogitamus
1174 2310 1254 2344 scil.
1287 2309 1334 2344 ad
1365 2310 1497 2344 urbem
1529 2310 1667 2344 redire.

192 2367 279 2416 Vgl.
305 2365 473 2410 Philipp.
503 2367 543 2398 l:
581 2375 622 2397 ea
648 2368 772 2396 mente
797 2359 963 2401 discessi,
997 2365 1039 2393 ut
1064 2359 1233 2393 adessem
1265 2358 1444 2392 Kalendis
1470 2358 1668 2398 Ianuariis,

192 2415 292 2461 quod
325 2413 479 2447 initium
514 2418 662 2446 senatus
693 2408 852 2459 cogendi
883 2409 964 2441 fore
1001 2406 1209 2441 videbatur.
1261 2407 1333 2452 Ep.
1360 2406 1398 2440 h.
1436 2407 1492 2441 ed.
1521 2408 1603 2449 760,
1625 2408 1668 2441 2:

194 2463 292 2505 Etsi,
317 2472 543 2507 quamquam
569 2470 645 2493 non
670 2458 787 2492 fueris
813 2466 940 2490 suasor
964 2461 1036 2489 cet.
1064 2472 1107 2478 --
1144 2465 1292 2500 aequus,
1317 2453 1579 2502 gleichgiiltig·
1605 2454 1669 2488 da-

193 2512 267 2551 bei,
304 2510 351 2544 ob
386 2509 450 2543 ich
485 2509 552 2542 auf
579 2508 652 2541 den
678 2513 804 2541 ersten
829 2505 966 2538 Ianuar
990 2503 1137 2538 wieder
1161 2504 1202 2536 in
1228 2503 1322 2537 Rom
1347 2503 1401 2536 sei
1427 2503 1519 2536 oder
1543 2501 1669 2537 nicht.

194 2559 292 2594 Mihi
325 2558 472 2592 animus
505 2567 643 2601 aequus
674 2560 730 2588 est
763 2554 843 2587 sive
877 2552 923 2586 ad
949 2551 1213 2586 discedendum
1246 2552 1326 2584 sive
1353 2550 1398 2584 ad
1425 2550 1667 2591 manendum;

192 2607 320 2649 modo,
347 2606 379 2639 si
405 2605 609 2646 discedam,
636 2603 675 2637 id
699 2602 794 2636 vitio
814 2612 889 2635 non
913 2606 1098 2643 vertatur,
1126 2607 1174 2642 et,
1198 2599 1229 2633 si
1247 2610 1432 2640 maneam,
1457 2610 1476 2632 a
1492 2597 1669 2643 periculo

194 2662 298 2689 tutus
331 2654 414 2687 sim.
465 2652 681 2687 Gronovius
717 2650 762 2684 de
794 2649 920 2683 reditu
950 2649 1117 2694 accepit:
1162 2647 1260 2681 mihi
1300 2658 1374 2681 non
1409 2646 1585 2690 displicet
1623 2645 1668 2678 ad

195 2704 274 2738 Kal.
303 2702 380 2737 Ian,
408 2701 547 2744 redire,
577 2700 609 2734 si
635 2706 715 2734 tum
741 2709 817 2733 non
840 2696 1055 2731 turbabitur
1080 2696 1120 2730 in
1148 2708 1189 2732 re
1215 2695 1379 2742 publica.
1406 2693 1513 2729 8011.
1542 2712 1583 2718 -—
1632 2697 1670 2727 ut
