1795 3086
579 87 882 130 EPISTOLA
932 90 1137 133 DCCIX.
1530 92 1589 138 90

122 200 258 241 levari
290 199 451 239 invidia
481 211 557 252 per
587 211 665 238 nos
695 198 852 238 velim:
894 200 970 240 sed
1000 215 1053 242 ne
1085 202 1177 254 ipse
1207 200 1382 255 quidem
1415 204 1458 243 1(1
1490 203 1586 244 fieri

121 269 247 309 posse
279 254 476 295 confidit.
545 254 702 307 ltaque
731 253 817 293 alia
847 257 1022 306 cogitat.
1095 257 1223 306 Quod
1266 259 1409 311 prima
1438 258 1584 312 ‹lispu-

119 313 229 352 tatio
260 311 513 351 Tusculana
543 314 586 349 te
625 308 879 360 confirmat,
917 322 1020 350 sano
1060 312 1252 364 gaudeo:
1292 326 1431 367 neque
1469 316 1585 355 enim

120 368 257 406 ullum
301 371 367 406 est
404 364 654 419 perfugium
694 368 768 404 aut
805 364 961 404 melius
1002 371 1075 405 aut
1116 368 1322 419 paratius.
1389 369 1585 410 Flamma

118 422 237 476 quod
267 422 372 462 bene
402 421 619 474 loquitur,
662 433 745 460 non
772 420 955 460 moleste
994 419 1105 460 sero.
1177 423 1586 476 Tyndaritanorum

119 491 274 529 causa,
317 477 372 516 de
409 488 494 530 qua
522 480 547 527 †
577 488 708 515 causa
749 475 945 527 laborat,
986 488 1095 529 quae
1133 477 1215 528 sit,
1253 478 1422 531 ignoro.
1488 480 1583 521 Hos

118 538 275 574 tamen.
342 533 599 570 Πεντέλοιπον
627 543 803 571 movere
833 531 918 572 ista
946 530 1176 581 videntur,
1218 533 1263 571 in
1292 534 1449 586 primis
1487 549 1582 576 ero„

117 589 237 640 gatio
268 587 490 641 pecuniae.
560 586 628 626 De
658 585 883 627 Alexione
914 587 1065 635 dole03
1104 587 1208 639 sed,
1238 590 1444 640 quoniam
1475 592 1581 631 inci-

117 644 243 684 derat
273 644 316 683 in
346 643 411 682 ita
432 654 613 696 gravem
651 642 875 694 morbum,
919 643 1027 682 bene
1058 646 1201 683 actum
1232 655 1329 681 cum
1360 644 1438 683 illo
1468 648 1583 686 arbi-

117 703 223 740 tror.
293 698 416 747 Quos
453 701 598 738 tamen
648 697 862 738 secundos
903 696 1108 749 heredes,
1158 697 1273 738 scire
1313 699 1490 751 vellem,
1542 707 1583 741 et

114 754 231 795 diem
262 753 524 796 testamenti.

118 920 195 942 war
213 909 266 942 als
278 919 490 956 gewesener
503 907 722 943 Ciisarianer
741 907 812 940 den
829 909 1144 942 verschworenon
1168 908 1393 953 verdkichtig.
1407 929 1447 936 -
1467 909 1586 944 levari

115 957 276 997 invidia,
303 957 382 990 dass
408 981 415 989 .
444 981 449 988 .
481 981 488 989 .
515 967 585 989 von
615 955 799 988 Verdacht
827 957 900 989 und
928 957 1054 989 Blame
1081 957 1244 990 besreiet
1272 958 1409 992 wiirde.
1437 976 1480 982 —
1507 958 1583 991 alia

115 1005 278 1047 cogitat,
306 1015 346 1037 er
370 1015 468 1036 muss
493 1004 569 1037 also
595 1003 692 1036 doch
719 1005 784 1037 31ιὶ
807 1005 969 1037 Anderes
995 1006 1137 1037 sinnen.

209 1053 242 1086 4.
272 1055 305 1084 te
335 1050 526 1090 confirmat
559 1051 640 1084 scil.
679 1052 725 1084 ad
758 1059 918 1085 mortem
945 1053 1267 1086 contemnendam.
1294 1052 1510 1089 OORRAD0
1540 1071 1582 1077 -—

112 1100 294 1143 paratius,
322 1099 544 1144 kriiftigeres
569 1099 702 1133 Mittel
725 1110 839 1144 gegen
866 1101 925 1132 die
949 1102 1077 1134 Laune
1104 1101 1166 1133 des
1192 1101 1421 1143 Schicksals,
1447 1102 1498 1134 als
1525 1101 1583 1133 die

114 1150 233 1182 Kunst
258 1148 331 1180 den
357 1148 439 1180 Tod
465 1159 512 1180 zu
539 1148 753 1180 verachten.
780 1167 826 1173 —
853 1149 1016 1181 Flamma
1041 1149 1134 1191 quod
1152 1148 1182 1181 ὁ.
1204 1149 1293 1191 loq„
1322 1149 1402 1181 dass
1420 1150 1582 1182 Flamma

113 1195 205 1228 ietzt
237 1201 322 1240 gnte
355 1197 491 1229 VVorte
524 1195 616 1240 gibt.
655 1195 693 1231 S..
726 1206 780 1240 ep.
816 1197 897 1235 698,
930 1197 965 1231 4.
1004 1215 1046 1219 -
1089 1196 1418 1239 Tyndaritanorum
1449 1197 1583 1229 urbem

117 1243 324 1287 Tyndarida
356 1243 506 1277 Siciliae
546 1243 802 1276 incolentium.
867 1243 959 1277 Eine
996 1244 1236 1276 Knstenstadt
1269 1243 1320 1276 im
1362 1244 1582 1277 nordlichen

114 1291 266 1325 Sicilien
292 1302 351 1323 3111
370 1291 423 1328 ΡΙ,
439 1291 607 1331 Helicon,
636 1291 706 1323 den
725 1291 970 1336 Liparischen
990 1291 1111 1323 Inseln
1129 1292 1353 1334 gegeniiber.
1380 1292 1415 1325 S.
1432 1292 1581 1326 Veri-in,

116 1340 186 1381 111,
214 1340 268 1374 65.
296 1341 337 1381 V,
364 1340 420 1373 49.
453 1339 543 1372 Plin.
570 1340 616 1375 H.
642 1339 689 1372 N.
718 1339 769 1380 ΙΙ,
795 1341 828 1373 9.
858 1339 925 1380 ΙΙΙ,
953 1341 984 1374 S.
1035 1339 1096 1370 Als
1130 1338 1392 1382 Syrakusische
1428 1340 1583 1371 Kolonie

116 1386 239 1420 durch
264 1386 463 1431 Dionysius
489 1387 586 1419 nach
614 1387 830 1431 Tyndarus,
868 1387 952 1419 dem
982 1389 1091 1419 Vater
1118 1386 1179 1419 des
1205 1387 1354 1419 Castors
1382 1398 1417 1418 u.
1445 1388 1582 1423 Pollux,

114 1436 288 1468 benannt.
336 1434 666 1468 Wahrscheinlich
693 1435 798 1468 hatte
824 1436 876 1467 sie
896 1435 976 1467 sich
1002 1446 1046 1467 zu
1072 1434 1292 1479 patriotisch
1321 1434 1514 1468 bewiesen.
1540 1454 1583 1458 —-

115 1484 274 1517 laborat.
332 1484 453 1516 Locus
489 1491 701 1528 corruptus.
743 1484 803 1516 Sic
836 1483 917 1516 Md.
957 1483 1046 1517 Cod.
1093 1482 1247 1516 Crnsell.
1294 1485 1376 1516 Asc.
1415 1485 1445 1516 l.
1481 1485 1580 1515 Crat‘

115 1532 218 1564 vict.
246 1533 278 1565 2.
305 1531 347 1563 de
371 1542 441 1574 qua
467 1532 587 1564 Pansa
612 1531 757 1563 laborat
784 1531 848 1565 Cd.
876 1532 998 1565 Ursin.
1016 1532 1149 1573 Margo
1177 1531 1276 1565 1584.
1325 1530 1433 1564 Hand
1456 1530 1585 1575 displia

116 1586 186 1612 cet.
214 1579 255 1611 (le
280 1588 349 1622 qua
374 1578 521 1611 laboras
547 1581 642 1611 Man.
670 1579 801 1612 Lamb.
829 1579 871 1611 (le
905 1589 972 1621 qua
997 1582 1070 1612 tam
1095 1580 1240 1611 laboras
1264 1578 1422 1611 Helmst.
1450 1579 1580 1611 Graev.

116 1627 204 1660 Em.
231 1625 318 1660 Sch.
347 1627 438 1660 Li'm.
466 1626 661 1660 ORELLI.
686 1645 732 1650 —
772 1627 849 1659 llos
881 1631 992 1659 lamen
1023 1626 1101 1659 scil.
1136 1626 1384 1668 defendemus,
1427 1626 1457 1658 si
1493 1638 1583 1672 opus

116 1676 202 1711 erit.
252 1674 347 1707 Eine
370 1674 529 1720 Ellipse,
557 1675 628 1707 wie
656 1674 750 1709 Quos
775 1685 853 1716 ego.
881 1693 924 1699 —
957 1672 1290 1712 Πεντὲλοιπον,
1326 1674 1510 1716 Hirtium,
1543 1682 1583 1707 ut

115 1733 224 1768 supra
250 1733 304 1767 ep.
331 1723 412 1761 705,
439 1724 472 1756 4.
499 1741 543 1747 -
577 1722 671 1763 ista,
706 1734 800 1767 quae
835 1723 1013 1756 Antonius
1045 1722 1125 1766 agit
1165 1722 1209 1754 ad
1243 1722 1480 1755 Caesarianos
1514 1722 1584 1754 sibi

117 1770 396 1816 conciliandos,
428 1771 517 1804 WVas
544 1770 720 1804 Antonius
745 1771 849 1811 thut‚
888 1782 948 1802 um
980 1771 1038 1802 die
1072 1770 1169 1802 alten
1207 1770 1422 1804 casm-janot
1449 1782 1493 1803 zu
1520 1770 1582 1802 be-

114 1819 263 1852 stechen
289 1818 362 1852 und
389 1830 432 1851 zu
459 1819 666 1863 gewinnmi,
693 1836 737 1843 —·
763 1829 926 1859 movere,
953 1818 1133 1850 wankend
1160 1828 1203 1849 zu
1230 1816 1398 1850 1113011011.
1450 1818 1583 1850 Cicero

114 1865 308 1908 fin-ohta,
345 1867 529 1900 Antonius
568 1866 720 1899 m'dchte
753 1865 820 1898 ihn
848 1867 947 1899 311011
975 1866 1094 1898 durch
1121 1866 1220 1897 seine
1246 1865 1418 1909 Spenden
1444 1866 1582 1910 gewin-

116 1927 199 1950 nen.
229 1933 268 1939 -·
310 1916 479 1956 erogatio
502 1914 675 1958 pecuniae
700 1914 889 1958 publicae,
928 1925 947 1945 3
983 1916 1138 1946 Caesare
1171 1913 1216 1946 ad
1247 1913 1339 1958 Opis
1366 1914 1496 1946 aedem
1522 1913 1583 1945 de-

116 1963 279 2009 positae,
305 1975 417 2008 quam
441 1963 625 1995 Antonius
652 1963 784 1995 avertit
811 1969 847 1995 et
873 1962 917 1994 ad
946 1963 1141 1994 arbitrium
1167 1973 1269 1994 suum
1286 1961 1466 2004 erogavit.
1495 1961 1582 1994 Vid.

116 2011 275 2056 Philipp.
306 2013 335 2053 1,
362 2014 393 2046 7.
422 2011 471 2053 ΙΙ,
497 2012 555 2046 37.
584 2017 619 2043 et
644 2021 700 2054 ep.
730 2010 810 2050 794,
847 2011 878 2044 5.
916 2010 995 2042 11111.
1030 2010 1117 2043 edit.
1150 2028 1196 2033 —
1233 2009 1286 2042 De
1321 2009 1510 2042 Alexione.
1547 2008 1581 2041 S.

115 2072 172 2104 ep.
200 2061 280 2098 707,
309 2062 338 2093 1.
368 2078 412 2083 -
450 2060 521 2099 ita,
554 2059 636 2092 Md.
674 2070 695 2090 a
717 2070 771 2104 pr.
796 2069 845 2093 m.
873 2059 953 2100 ira,
988 2070 1008 2090 a
1034 2067 1106 2090 sec.
1134 2069 1181 2090 m.
1209 2061 1289 2090 tam.
1319 2056 1512 2090 ORELLI.
1540 2074 1581 2080 -

116 2106 258 2141 heredes
284 2109 419 2141 fecerit
441 2107 608 2141 Alexion.
659 2107 731 2139 Die
758 2107 982 2140 vornehmen
1010 2107 1149 2139 Romet-
1174 2104 1303 2138 hatten
1329 2104 1425 2137 nach
1442 2104 1583 2150 Appian

116 2156 175 2188 die
200 2155 457 2189 Gewohnheit
489 2155 593 2188 ihren
626 2156 749 2188 Erben
784 2155 953 2200 sogleich
986 2153 1088 2186 noch
1121 2153 1257 2186 andere
1289 2153 1498 2194 (secundos)
1534 2153 1584 2185 als

114 2203 348 2248 Nachfolger
372 2204 704 2242 beizuschreiben‚
733 2204 816 2236 falls
842 2204 926 2236 iene
953 2203 1012 2234 bei
1036 2199 1247 2245 Er'o'ffnung
1274 2202 1336 2234 des
1353 2202 1586 2234 Testaments

117 2251 223 2285 nicht
248 2253 357 2285 mehr
382 2253 490 2285 leben
518 2252 606 2284 oder
632 2251 739 2285 nicht
765 2252 870 2296 ffihig
896 2251 976 2283 sein
1004 2250 1160 2291 sollte-n,
1198 2249 1258 2281 die
1284 2249 1493 2283 Erbschaft
1521 2260 1584 2280 3η-

116 2306 292 2337 zutreten,
317 2319 360 2325 —
393 2301 530 2333 vellem.
580 2301 682 2343 Lege
716 2300 843 2340 vclim3
877 2306 918 2332 ut
953 2309 1098 2342 semper
1128 2297 1165 2330 in
1199 2296 1270 2330 1130
1306 2298 1476 2331 formula.
1512 2295 1584 2329 GR,

117 2365 161 2371 --
188 2348 294 2390 diem,
321 2360 368 2382 en
394 2349 576 2382 welchem
602 2349 676 2381 sein
704 2348 918 2381 Testament
946 2345 1227 2379 unierzeichnet
1254 2347 1310 2378 ist.

1627 275 1648 312 ll
