1795 3086
199 83 293 131 326
482 85 543 128 Μ.
574 84 629 127 Τ.
660 82 1000 127 CICERONIS
1029 82 1403 126 EPISTOLAE.

202 199 327 239 ctare
355 211 425 238 me
454 195 513 237 ad
541 195 729 247 Isaram,
760 194 864 235 dum
893 192 1060 236 Brutus
1090 192 1321 235 traiiceret
1350 194 1614 240 exercitum,
1642 199 1687 236 et

201 267 304 294 cum
333 252 512 305 collega
540 251 857 298 consentiente,
895 249 1012 292 sicut
1052 249 1219 290 milites
1248 248 1432 302 faciunt,
1482 249 1687 291 hostibus

201 308 378 351 obviam
408 307 474 348 ire
506 331 554 337 —
585 309 748 357 tamen,
785 306 823 347 si
863 305 974 361 quid
1011 305 1213 361 Lepidus
1253 306 1362 346 bene
1389 305 1582 347 sentiens
1612 306 1686 347 ‹le-

201 362 404 406 trimenti
434 362 641 416 cepisset,
672 362 761 402 hoc
784 376 912 403 omne
943 361 1212 417 assignatum
1244 360 1305 402 iri
1326 364 1403 402 aut
1415 361 1687 416 pertinaciae

201 433 325 461 meae
356 422 433 459 aut
461 417 616 459 timori
645 418 864 464 videbam,
893 418 932 458 si
962 424 1039 459 aut
1069 418 1292 458 hominem
1314 418 1533 458 offensum
1559 416 1690 463 mihi,

203 476 490 516 coniunctum
520 488 620 515 curn
652 487 699 514 re
728 475 922 528 publica,
962 488 1050 514 non
1079 474 1396 525 sublevassem,
1435 477 1511 515 aut
1539 472 1634 526 ipse
1663 486 1689 517 a

203 530 448 572 certamine
497 531 603 571 belli
643 533 734 571 tam
773 530 1017 571 necessarii
1059 543 1128 570 me
1172 529 1472 570 removissem.
1529 527 1689 582 Itaque

201 587 353 641 potius
381 585 635 641 periclitari
664 585 804 632 volui,
843 585 884 626 si
913 598 1090 639 possem
1118 597 1218 625 mea
1246 584 1499 639 praesentia
1529 586 1575 624 et
1601 583 1690 624 Le-

200 642 357 697 pidum
385 642 506 683 tueri
545 645 592 683 et
631 641 878 683 exercitum
908 641 1059 682 facere
1097 639 1345 692 meliorem,
1385 653 1517 695 quam
1556 639 1690 680 nimis

200 701 358 739 cautus
409 697 573 740 videri.
649 696 972 738 Sollicitiorem
1018 698 1142 737 certe
1184 695 1425 743 hominem,
1469 708 1557 736 non
1594 695 1690 736 suis

199 753 464 805 contractis,
505 753 726 794 neminem
765 756 872 808 puto
903 752 1054 794 fuisse.
1110 749 1227 792 Nam
1265 764 1379 806 quae
1420 764 1491 793 res
1520 751 1692 792 nullam

197 809 393 851 habebat
421 809 760 861 dubitationem,
799 810 838 850 si
869 809 1099 851 exercitus
1128 806 1296 862 Lepidi
1327 806 1455 853 absit,
1493 820 1547 848 ea
1574 820 1692 847 nunc

199 878 405 921 magnam
446 867 581 906 affert
618 865 974 907 sollicitudinem
1012 876 1310 917 magnumque
1348 862 1484 904 habet
1527 875 1690 904 casum.

197 921 319 963 Mihi
348 922 469 963 enim
511 921 552 962 si
583 921 862 975 contigisset,
908 925 960 962 ut
1002 918 1129 975 prior
1166 932 1449 960 occurrerem
1480 917 1690 969 Antonio,

198 990 286 1019 non
324 976 607 1018 mehercules
636 976 796 1017 horam
827 977 1125 1018 constitisset:
1172 978 1342 1017 tantum
1381 987 1464 1027 ego
1504 978 1550 1015 et
1577 973 1692 1017 mihi

198 1033 380 1075 confido
410 1037 454 1075 et
481 1034 548 1073 sic
576 1033 806 1086 perculsas
848 1032 977 1073 illius
1017 1032 1170 1085 copias
1201 1029 1498 1084 Ventidiique
1527 1029 1692 1071 Mulio-

195 1089 267 1130 nis
297 1092 448 1130 castra
477 1088 691 1143 despicio.
751 1087 842 1128 Sed
885 1101 973 1128 non
1010 1100 1191 1140 possum
1229 1100 1316 1128 non
1355 1084 1691 1137 exhorrescere,

195 1145 237 1185 si
275 1145 384 1199 quid
432 1145 550 1185 intra
601 1149 749 1184 cutem
784 1144 936 1184 subest
974 1141 1154 1195 ulceris,
1204 1142 1326 1196 quod
1365 1142 1489 1195 prius
1528 1155 1692 1182 nocere

195 1204 360 1254 potest,
390 1213 522 1256 quam
552 1199 660 1240 sciri
701 1198 941 1254 curarique
971 1197 1135 1254 possit..
1187 1196 1277 1239 Sed
1306 1201 1445 1249 certe,
1487 1196 1575 1238 nisi
1604 1211 1691 1239 uno

196 1368 340 1403 cautius
367 1367 533 1413 quidem.
563 1385 609 1393 -—-
634 1367 787 1409 Brutus,
814 1367 994 1404 Decimus
1021 1368 1169 1403 Brutus.
1199 1385 1242 1392 ——-
1277 1369 1362 1402 bene
1385 1369 1553 1412 sentiens,
1579 1368 1623 1402 da
1650 1380 1693 1404 er

196 1417 265 1451 der
290 1416 481 1462 Republik
506 1415 614 1449 wohl
639 1417 736 1450 will.
1303 1444 1315 1451 .,

291 1466 325 1500 3.
368 1464 593 1508 periclitari,
620 1464 666 1506 si,
692 1463 917 1506 versuchen,
946 1463 1002 1497 ob.
1033 1483 1074 1488 —-
1093 1464 1231 1506 facere
1250 1463 1442 1497 meliorem
1466 1464 1492 1497 i.
1511 1476 1542 1498 e.
1568 1465 1689 1499 corri-

195 1522 301 1558 gere,
326 1513 404 1546 wie
431 1523 487 1556 ep.
514 1512 596 1554 819,
623 1512 656 1548 3.
684 1511 796 1546 steht.
847 1511 1008 1546 Sollicit.
1037 1512 1119 1547 scil.
1146 1523 1219 1547 me.
1251 1530 1292 1537 —
1327 1522 1399 1544 von
1431 1513 1507 1546 suis
1541 1518 1690 1547 conera-

196 1560 319 1593 elisi.
347 1570 378 1594 e.
405 1559 528 1593 aliena
556 1559 681 1605 culpa,
723 1571 767 1592 ex
802 1559 861 1601 iis,
897 1570 993 1603 quae
1019 1559 1201 1606 sibi-ipse
1232 1570 1308 1594 non
1342 1561 1589 1604 contraxerit,
1630 1562 1692 1595 bei

197 1619 295 1652 ganz
338 1608 512 1642 fremden
555 1607 920 1655 Verschuldungen.
974 1607 1124 1642 Grotef.
1164 1608 1300 1642 alienis
1336 1607 1455 1651 vitiis,
1507 1619 1583 1643 non
1615 1609 1692 1643 suis

194 1656 412 1690 contractis.
449 1673 492 1680 —-
536 1655 703 1697 dubitat,
738 1655 1072 1699 Bedenklichkeit,
1109 1655 1423 1703 Schwierigkeit.
1476 1656 1535 1690 Er
1558 1657 1692 1701 meint,

196 1704 281 1738 sich
306 1703 514 1752 glucklich
540 1704 612 1737 mit
639 1704 724 1737 ‹lem
751 1703 941 1738 Antonius
975 1716 1024 1738 zu
1049 1704 1243 1749 schlagen.
1271 1723 1313 1728 —
1340 1704 1457 1746 absit3
1495 1705 1693 1740 metuenda

194 1753 297 1786 enim
323 1758 378 1786 est
403 1752 564 1786 defectio
591 1751 779 1789 exercitus
805 1752 1004 1798 Lepidani,
1033 1752 1135 1796 quod
1163 1752 1326 1786 Antonio
1353 1753 1466 1788 favet.
1504 1771 1547 1777 —
1589 1753 1693 1787 solli-

193 1801 268 1839 cit„
314 1799 361 1833 da
403 1798 488 1834 sich
530 1800 592 1834 die
631 1799 922 1849 Treulosigkeit
965 1800 1064 1834 auch
1105 1800 1250 1835 seinem
1293 1800 1420 1834 Heere
1469 1800 1693 1836 mittheilen

193 1849 350 1883 konnte.
395 1868 438 1874 —
481 1858 608 1891 magn.
634 1847 716 1882 Izab.
743 1859 877 1893 casum,
911 1848 989 1882 und
1014 1847 1065 1883 ist
1090 1848 1189 1883 noch
1216 1859 1374 1897 grossen
1399 1849 1585 1883 Zufallen
1611 1861 1693 1884 aus-

223 1902 365 1939 esetzt3
399 1896 505 1930 varie
531 1903 657 1942 potest
683 1896 828 1931 cadere.
871 1917 912 1924 -
958 1897 1065 1941 prior
1091 1908 1203 1941 quam
1232 1896 1388 1943 Lepido.
1439 1915 1488 1923 —
1536 1898 1693 1941 constit„

193 1909 301 1978 ξ’έὶῒθ
327 1955 370 1978 er
396 1943 512 1978 stand
539 1944 730 1993 gehalten.
779 1964 823 1971 -—
873 1945 929 1978 sic
954 1944 1031 1979 del.
1058 1945 1152 1979 Ern.
1179 1944 1268 1979 Sch.
1295 1956 1371 1979 non
1396 1944 1580 1989 videntes,
1607 1946 1694 1979 iun--

193 1992 361 2040 gendum
388 2004 466 2026 esse
495 2004 581 2027 cum
607 2005 643 2027 V.
671 1994 844 2037 despicio.
874 1993 1068 2027 ORELLI.
1105 2013 1142 2018 -
1179 1993 1296 2035 ilaus,
1323 1993 1494 2031 Antonii.
1521 1995 1692 2039 percule,

196 2040 470 2082 bedonnerten,
497 2041 813 2090 zerschlagenen.
859 2060 900 2066 —-
944 2041 1128 2083 mulionis,
1165 2041 1232 2087 qui
1257 2043 1403 2076 victum
1431 2042 1692 2087 comparandis

194 2088 311 2122 mulis
337 2089 517 2132 farreque
544 2089 584 2122 in
612 2097 735 2124 castra
762 2088 1012 2124 convehendo
1039 2089 1256 2124 adolescens
1297 2089 1368 2123 sibi
1396 2096 1692 2135 comparaverat.

195 2136 278 2170 Vid.
305 2136 402 2170 Plin.
429 2137 475 2169 H.
490 2137 537 2171 N.
563 2138 649 2182 VII,
675 2139 734 2174 43.
762 2138 962 2173 MANUT.
1011 2137 1050 2173 S.
1077 2150 1124 2171 zu
1152 2149 1211 2182 ep.
1239 2138 1320 2180 748,
1348 2139 1380 2171 4.
1421 2156 1464 2163 -
1514 2149 1583 2172 non
1607 2149 1696 2182 pos-

194 2196 272 2218 sum
298 2195 370 2217 non
396 2191 483 2227 cet„
521 2184 587 2219 ich
612 2186 716 2219 kann
740 2186 850 2219 nicht
875 2185 1012 2219 umhin
1046 2196 1117 2219 vor
1141 2182 1362 2232 Bes'orgniss
1390 2198 1438 2219 zu
1466 2185 1692 2229 schaudern,

195 2233 242 2268 ob
269 2232 380 2266 nicht
406 2233 468 2266 ein
493 2232 598 2267 bb'ses
627 2233 842 2269 Geschwiir
867 2240 983 2268 unter
1007 2233 1074 2268 der
1085 2234 1185 2267 Haut
1211 2234 1337 2267 sitzt.“
1377 2234 1542 2268 Notatur
1566 2241 1693 2269 autem

194 2281 342 2315 animus
374 2280 511 2327 Lepidi
541 2289 749 2326 suspectus.
799 2282 969 2330 Egregia
1007 2281 1252 2326 metaphora!
1303 2281 1442 2315 Ulcera
1486 2289 1615 2328 aperta
1659 2289 1696 2316 et
1759 2296 1770 2313 Δ

194 2329 398 2363 manifesta
423 2329 573 2363 facilius
596 2337 780 2364 curantur
807 2341 919 2374 quam
947 2341 1041 2375 quae
1068 2330 1205 2364 latent:
1234 2329 1288 2363 sic
1314 2329 1511 2364 difficilius
1539 2338 1596 2365 est
1621 2330 1692 2365 sibi

196 2388 333 2411 cavere
360 2377 403 2410 ab
429 2377 584 2412 homine
610 2384 711 2413 tecto
739 2384 776 2412 et
801 2377 998 2413 insidioso.
1039 2396 1082 2402 —
1129 2377 1212 2411 nisi.
1261 2377 1312 2412 Et
1337 2377 1449 2412 huius
1474 2379 1548 2413 loci
1575 2385 1614 2413 et
1637 2379 1695 2413 al-

196 2426 317 2460 terius
345 2425 415 2469 Ep.
442 2427 500 2462 23.
528 2425 559 2468 §.
583 2428 613 2460 l.
657 2437 740 2460 nam
764 2426 798 2459 si
823 2438 893 2460 uno
922 2427 999 2460 Ioco
1027 2436 1139 2460 essem
1165 2425 1284 2460 lectio
1310 2426 1451 2471 pendet
1477 2438 1523 2461 ex
1549 2427 1696 2461 diversa

197 2474 527 2519 interpretatione.
577 2475 675 2508 Nam
700 2474 769 2519 qui
793 2485 860 2508 uno
888 2475 970 2508 loco
996 2485 1034 2507 se
1060 2479 1193 2516 tenere,
1238 2485 1307 2508 uno
1345 2476 1423 2508 loco
1462 2486 1539 2509 esse
1574 2476 1697 2522 expli-

197 2528 307 2555 cant:
335 2533 405 2563 „eo
433 2523 529 2560 loco,
563 2522 627 2555 ubi
661 2523 770 2567 prius
797 2530 879 2557 erat
903 2522 1084 2567 aliquis“,
1122 2522 1187 2555 hie
1213 2522 1248 2556 si
1272 2534 1340 2556 uno
1369 2524 1448 2557 Ioco
1473 2525 1626 2569 (nempe
1652 2523 1698 2557 ad

196 2571 358 2612 Isaram)
384 2581 439 2603 me
467 2575 624 2604 tenerem
646 2570 778 2615 legant
803 2582 954 2605 necesse
989 2578 1046 2605 est
1081 2571 1128 2604 de
1154 2571 1248 2604 Man.
1277 2572 1372 2605 coni.
1400 2583 1486 2605 cum
1504 2571 1697 2612 Weiskio,

195 2617 283 2652 Sch.
310 2625 348 2652 et
374 2619 493 2656 Liin‚:
522 2619 590 2664 qui
615 2625 748 2653 contra
776 2630 861 2652 curn
877 2619 1047 2653 Funccio
1063 2619 1387 2663 interpretantur:
1414 2631 1483 2654 uno
1512 2625 1546 2654 et
1572 2621 1698 2653 eodem,

201 2667 281 2699 loco
308 2677 385 2700 cum
412 2667 489 2700 alio
522 2677 609 2707 esse,
642 2666 709 2700 hic
747 2667 819 2701 m'si
854 2667 1087 2707 retinebunt,
1130 2667 1251 2702 altero
1286 2675 1414 2702 autem
1446 2668 1530 2703 loco
1568 2669 1700 2715 legent

201 2725 289 2748 cum
316 2716 413 2749 Man.
441 2716 569 2750 Lamb.
597 2715 778 2758 Funccio,
806 2714 982 2751 Strothio
1007 2727 1050 2750 ac
1075 2715 1280 2751 Schutzioz
1320 2728 1404 2750 nam
1429 2717 1501 2751 nisi
1525 2727 1591 2750 uno
1617 2717 1698 2749 loco

204 2772 339 2805 essem;
383 2763 457 2798 hoc
484 2771 610 2800 autem
646 2775 688 2799 eo
728 2775 878 2811 quoque
911 2764 1146 2812 probabilius
1173 2765 1229 2809 fit,
1267 2765 1366 2810 quod
1397 2765 1512 2813 longe
1549 2764 1699 2799 facilius

1770 2675 1774 2746 ἰ

1770 2753 1773 2795 Ι

1770 2797 1774 2939 ÷

1768 2921 1782 3086 l
