1795 3086
211 16 526 97 Ei’ISTOLA
556 51 962 98 Deccxxvnl.
994 53 1354 100 DCCCXXIX.
1467 56 1560 105 327

75 168 176 207 loco
205 180 273 206 me
302 170 514 218 tenerem⁷
553 179 758 220 magnum
788 165 1036 221 periculum
1074 167 1168 222 ipse
1208 166 1424 223 Lepidus,
1462 183 1555 211 ma-

75 236 207 276 gnum
238 236 289 263 ea
320 237 422 277 pars
451 222 675 264 exercitus
705 222 865 274 adiret,
916 237 1028 276 quae
1067 224 1175 265 bene
1214 223 1270 264 de
1300 237 1346 264 re
1375 226 1555 278 publica

75 278 224 319 sentit.
293 279 501 333 Magnam
548 277 684 318 etiam
724 278 890 332 perditi
932 279 1083 320 hostes
1123 280 1423 321 accessionem
1467 281 1550 322 sibi

72 333 297 387 fecissent,
343 337 382 381 si
421 348 530 389 quas
560 334 709 388 copias
749 347 773 374 a
811 334 987 388 Lepido
1028 336 1364 376 abstraxissent.
1425 335 1552 386 Quae

72 390 109 428 si
140 390 356 431 adventus
386 403 507 432 meus
538 389 818 443 represserit,
856 403 982 443 agam
1012 391 1180 445 gratias
1211 390 1418 433 fortunae
1448 406 1551 434 con-

70 446 348 501 stantiaeque
375 459 511 496 meae,
563 459 673 499 quae
711 444 768 486 ad
808 445 922 487 hanc
960 446 1285 500 experientiam
1317 447 1548 490 excitavit.

24 499 25 539 ζ
72 501 228 555 Itaque
260 515 298 544 a.
327 502 369 542 d.
402 515 481 542 ΧΠ.
505 501 698 541 Kalend.
728 501 824 542 lun.
856 503 910 542 ab
939 502 1068 543 Isara
1096 505 1242 542 castra
1270 503 1411 544 movi:
1442 517 1549 559 pon-

23 559 25 568 '
70 560 157 597 tem
185 560 349 603 tamen,
388 571 518 612 quem
561 556 605 596 in
645 559 771 598 Isara
807 558 1015 609 feceram,
1057 557 1256 598 castellis
1295 559 1466 602 duobus
1496 561 1555 601 ad

70 613 219 666 capita
255 613 429 666 positis,
478 613 641 666 reliqui
679 613 991 668 praesidiaque
1031 611 1097 654 ibi
1136 611 1267 666 firma
1307 617 1454 667 posui,
1504 620 1554 657 ut

70 669 268 710 venienti
298 668 440 710 Bruto
470 669 781 724 exercituique
821 670 916 711 eius
956 671 1052 710 sine
1090 681 1215 708 mora
1244 670 1457 712 transitus
1487 684 1554 712 esn

21 722 23 775 ζ
68 727 136 764 set
166 727 357 778 paratus.
416 726 532 778 Ipse,
571 730 620 766 ut
660 739 808 779 spero,
848 726 1003 766 diebus
1033 727 1153 775 octo,
1190 723 1352 778 quibus
1382 725 1463 768 has
1494 727 1550 768 li-

66 783 186 821 teras
216 780 387 828 dabam,
415 795 515 822 cum
546 781 710 836 Lepidi
740 781 884 835 copiis
911 795 981 822 me
1012 780 1289 834 coniungam.

212 946 527 989 EPISTOLA
569 944 921 989 DCCCXXIX.
983 946 1059 999 (ad
1088 946 1195 989 Div„
1226 945 1286 989 X.
1317 948 1404 996 22.)

253 1020 332 1055 Ser.
359 1021 498 1055 Romae
522 1030 651 1055 mense
678 1020 776 1055 Maio
802 1020 845 1054 A.
872 1020 916 1055 U,
944 1019 983 1054 C.
1012 1022 1094 1056 711.
1142 1021 1190 1063 (a.
1218 1019 1258 1054 C.
1287 1020 1363 1063 43⁴)

63 1091 174 1140 Agris
208 1089 422 1126 dividundis
457 1089 617 1123 Plancus
652 1088 810 1170 praeficii
847 1088 1033 1172 clipitgbass
1076 1089 1137 1122 cui
1170 1088 1216 1123 de
1256 1099 1296 1121 ea
1335 1099 1378 1122 re
1415 1087 1553 1122 Cicero

637 1148 772 1182 respon
802 1143 847 1171 et.
901 1155 941 1161 —
970 1160 979 1170 .

605 1204 783 1240 CICERO
810 1204 1013 1239 PLANCO,

170 1274 225 1315 In
256 1275 299 1313 te
331 1274 375 1313 et
404 1272 450 1313 in
481 1272 657 1326 collega
686 1272 829 1313 omnis
867 1284 970 1326 spes
1011 1272 1092 1317 est,
1135 1270 1227 1311 diis
1265 1271 1551 1326 approbanti—

63 1332 155 1369 bus.
235 1327 491 1369 Concordia
537 1326 702 1379 vestra,
749 1339 865 1382 quae
910 1326 1083 1369 senatui
1122 1326 1355 1376 declarata
1401 1326 1550 1368 literis

63 1385 226 1426 vestris
257 1387 338 1433 est,
369 1382 562 1424 mirifice
591 1387 635 1424 et
664 1386 845 1424 senatus
875 1385 920 1424 et
949 1386 1110 1423 cuncta
1139 1382 1301 1425 civitas
1323 1383 1551 1424 delectata

14 1473 16 1496 ἱ
63 1444 145 1482 est.
205 1440 339 1490 Quod
371 1439 427 1480 ad
456 1453 526 1481 me
557 1438 804 1495 scripseras
843 1439 899 1480 de
930 1452 978 1481 re
1007 1438 1210 1494 agraria:
1251 1439 1292 1480 si
1320 1438 1549 1481 consultus

8 1610 14 1634 1
61 1603 272 1649 posteriore
298 1603 384 1636 loco
407 1608 489 1646 post
518 1615 550 1635 v.
578 1613 661 1636 nam
688 1614 719 1636 v.
748 1601 819 1636 nisi
844 1608 993 1648 poterat
1020 1603 1212 1649 corrumpi
1235 1604 1273 1636 in
1299 1604 1343 1645 si,
1370 1615 1481 1648 quam
1508 1603 1545 1637 h.

12 1659 14 1670 ¹
64 1654 87 1685 l.
113 1659 195 1696 post
221 1663 255 1685 v.
283 1655 379 1684 certe
406 1662 438 1684 v.
464 1651 496 1683 si
520 1650 560 1684 in
585 1651 667 1685 nisi.
718 1651 847 1695 Itaque
884 1652 980 1684 hauc
1015 1651 1200 1685 rationem
1234 1664 1334 1685 nunc
1371 1663 1450 1685 sum
1490 1664 1547 1686 se-

63 1707 172 1733 cutus
199 1711 317 1745 eoque
344 1699 474 1746 magis,
501 1699 598 1743 quod
621 1705 724 1733 certe
749 1700 817 1743 Ep.
844 1701 903 1734 32.
929 1699 957 1741 ξ.
984 1701 1018 1734 5.
1069 1700 1102 1733 si
1129 1711 1198 1734 uno
1232 1702 1310 1733 Ioco
1344 1699 1550 1734 habuissem

62 1748 254 1793 significat
279 1759 349 1780 uno
375 1748 556 1781 eteoclem
588 1749 680 1780 loco.
720 1748 807 1787 (nisi
837 1758 906 1781 uno
943 1748 1024 1781 loco
1064 1752 1285 1781 metarentur
1328 1749 1374 1783 de
1411 1748 1547 1782 Rutilii

63 1797 274 1841 suspicione
299 1795 426 1829 hamb.
453 1796 559 1840 prob.
593 1796 621 1829 1.
647 1795 690 1829 F.
717 1796 922 1831 Gronovio.
971 1795 1187 1843 Ingeniose,
1225 1798 1359 1839 fateor,
1397 1796 1463 1830 sed
1489 1808 1550 1829 re—

60 1847 207 1878 tutatur
233 1845 318 1878 loco
346 1844 414 1888 Ep.
441 1845 527 1885 23.).
556 1843 753 1877 ORELLI.
789 1844 863 1878 nisi
886 1854 955 1877 uno
982 1845 1062 1878 loco
1089 1855 1144 1877 me
1170 1849 1241 1878 ten.
1271 1846 1293 1877 i.
1321 1857 1350 1878 e.
1377 1845 1450 1878 nisi
1477 1855 1550 1877 uno

10 1933 11 1938 ¹
63 1893 266 1937 eodemque
293 1892 380 1926 loco
406 1899 528 1926 castra
555 1892 793 1935 haberemus,
819 1902 889 1940 ego
915 1897 951 1925 et
978 1892 1154 1938 Lepidus.
1202 1911 1244 1917 —-
1284 1903 1431 1934 acces-5„
1471 1893 1549 1926 Zu—

61 1941 202 1975 wachs.
228 1959 271 1966 -—-
299 1940 425 1981 abslr„
449 1951 536 1974 zum
565 1940 690 1973 Absall
715 1940 910 1988 bewegen,
943 1940 1150 1988 abtriinnig·
1177 1940 1334 1974 macheu
1362 1941 1547 1975 kiinnten.

5 1995 7 1997 '
63 2009 106 2014 —-
135 2000 302 2034 repre-m,
327 1988 518 2027 vereitelt,
546 1988 778 2023 verhindert.
808 2010 849 2015 --
871 1999 963 2033 quae
988 2001 1043 2022 me
1067 1990 1116 2023 ad
1139 1988 1171 2022 k.
1199 2000 1280 2033 exp.
1304 1991 1399 2023 Mau.
1418 1988 1547 2023 Lamb.

4 2058 5 2063 =
62 2038 198 2071 Graev.
230 2036 305 2071 Sed
330 2048 384 2069 me
410 2037 550 2070 excidit
579 2037 702 2082 potius
730 2037 834 2072 iuter
858 2037 935 2072 litt.
960 2048 994 2070 m
1025 2044 1061 2072 ct
1089 2049 1108 2071 e
1134 2037 1261 2072 verbb.
1288 2036 1551 2082 experientiam

63 2085 248 2119 excitavit.
281 2084 476 2118 ORELLI.

158 2152 191 2186 4.
243 2151 334 2186 XII.
361 2150 448 2184 Kal.
476 2151 567 2193 lun,
595 2163 653 2185 am
681 2153 737 2188 21.
759 2152 844 2186 Mai.
877 2174 913 2178 —-
944 2151 1040 2185 movi
1064 2166 1111 2183 :2
1138 2163 1286 2193 moveo,
1314 2151 1380 2185 ich
1406 2150 1548 2185 breche

3 2203 9 2236 i*
63 2201 138 2234 eus.
165 2221 206 2226 —-
233 2200 407 2240 castellis,
433 2199 614 2242 turribus,
652 2201 966 2248 propugnaculis,
1003 2200 1053 2233 ad
1077 2211 1154 2244 cap.
1182 2212 1227 2233 an
1255 2201 1328 2233 den
1354 2200 1547 2234 Briickenu

2 2237 9 2297 ᾗ
63 2249 219 2294 kb‘pfen.
246 2266 289 2272 —-
316 2247 473 2282 Decimo
498 2248 630 2282 Bruto.
660 2267 702 2272 -
729 2249 855 2282 diebus
882 2254 975 2288 octo,
1001 2248 1126 2292 quibus
1154 2275 1160 2282 2
1191 2275 1198 2283 .
1225 2248 1368 2292 dabam,
1394 2247 1435 2280 in
1461 2249 1549 2280 Zeit

2 2301 5 2320 ²
64 2308 136 2331 von
162 2297 184 2331 8
207 2295 339 2344 Tagen
363 2306 450 2330 vom
476 2297 611 2331 Datum
638 2295 759 2331 dieses
785 2295 1013 2330 Schreibens
1039 2308 1097 2330 an.

160 2369 190 2402 1.
242 2366 280 2400 in
306 2367 452 2409 collega
476 2368 522 2402 D.
549 2367 676 2402 Bruto.
713 2388 756 2394 —-
800 2368 917 2401 omnis
944 2377 1027 2411 spes
1053 2372 1117 2410 est,
1143 2368 1210 2401 auf
1232 2366 1303 2401 Dir
1329 2391 1336 2398 .
1367 2390 1374 2398 .
1404 2395 1408 2398 .
1438 2365 1547 2398 beru-

6 2425 8 2460 1
65 2418 130 2450 het
155 2426 294 2449 unsere
320 2425 438 2461 ganze
463 2414 673 2463 Hoffnung.
712 2433 755 2440 -—
793 2415 865 2449 diis
897 2416 1046 2459 appreh.
1074 2427 1156 2449 eam
1179 2421 1226 2449 st.
1262 2425 1374 2459 quam
1401 2413 1455 2446 dii
1482 2424 1547 2456 ap-

65 2464 223 2510 probare
248 2462 426 2497 videntur
450 2463 542 2497 oder
567 2474 678 2507 quam
710 2462 855 2498 utinam
893 2463 948 2498 dii
980 2464 1202 2509 approbent,
1244 2473 1283 2497 so
1316 2461 1376 2495 die
1411 2461 1549 2495 Gotter

1 2525 7 2565 ¹
64 2512 229 2548 wellen!
259 2528 300 2537 -
328 2511 477 2555 declar.‚
503 2511 739 2548 ersichtlich.

160 2581 196 2615 2.
246 2578 289 2612 de
314 2588 355 2611 re
379 2577 554 2621 agraria,
588 2578 634 2610 de
670 2578 771 2623 agris
797 2577 981 2612 militibus
1017 2578 1074 2612 rei
1100 2576 1273 2623 publicae
1308 2574 1546 2620 dividendi53

66 2639 176 2672 quam
201 2626 273 2660 sibi
299 2638 428 2660 curam
453 2626 668 2660 demandari
695 2638 767 2660 non
801 2626 911 2660 modo
948 2627 1105 2660 Plancus
1148 2624 1214 2659 sed
1246 2625 1382 2658 Brutus
1421 2625 1547 2662 etiam.

5 2699 7 2707 ,
66 2677 142 2709 eius
168 2675 329 2722 collega,
357 2674 539 2719 cupiebat.
585 2674 788 2710 MANUT.
839 2674 921 2708 Vid.
956 2685 1012 2719 ep.
1051 2675 1132 2709 838.
1167 2673 1246 2708 846.
1287 2672 1448 2706 Voluere
1481 2684 1546 2705 au-

5 2720 7 2744 *
66 2731 154 2767 tem,
181 2729 223 2758 ut
249 2722 383 2758 Cicero
418 2723 563 2758 senatui
596 2729 727 2758 auctor
759 2728 869 2765 esset,
907 2722 1085 2768 quosdam
1123 2731 1235 2769 agros
1268 2720 1439 2766 publicos
1475 2721 1552 2754 suis
