1795 3086
339 110 650 156 EPISTOLA
679 109 1040 153 DCCXXXIII.
1071 107 1422 152 Dccxxxlv.
1526 106 1612 154 153

161 230 259 266 tuae
287 224 476 279 quinque
505 222 653 263 horae.
709 221 798 263 Hic
819 223 960 262 autem
981 223 1166 275 quantus
1194 222 1331 264 πλοῦςῐ
1372 219 1459 261 Sed
1488 220 1608 261 vide-

162 282 313 320 bimuS.
372 280 526 321 Nullas
555 291 581 318 a
609 283 652 318 te
681 291 736 319 x1.
767 277 893 325 Kal.;
922 278 1102 330 quippe:
1140 278 1244 332 quid
1272 277 1388 318 cnim
1416 277 1504 316 iam
1533 289 1608 315 no*-

162 338 233 376 vi?
279 336 423 385 Quum
452 334 638 388 primum
667 333 806 387 igitur
833 332 1024 385 potoris,
1061 336 1223 374 venies.
1282 332 1378 387 Ego
1408 344 1610 386 propero,

161 406 213 433 uc
244 397 342 432 aute
371 392 547 438 Sextu53
575 401 702 442 quem
731 387 964 429 adventare
992 386 1126 428 aiunt.

292 585 606 629 EPISTOLA
637 581 986 626 DCCXXXIV.
1043 580 1121 633 (ad
1148 582 1237 623 Att.
1266 579 1373 623 XV.
1404 583 1488 632 23.)

234 660 311 693 Ser.
339 661 378 693 in
408 661 614 694 Tusquano
641 660 703 693 1x.
729 659 808 692 Kal.
835 657 962 700 Quint.
990 659 1033 696 Α.
1057 658 1103 693 U.
1130 657 1174 693 c,
1200 657 1284 693 710.
1331 656 1380 698 (a.
1407 658 1447 691 c.
1474 657 1549 698 44.)

166 724 211 759 Se
236 727 281 760 de
306 727 439 761 itinere
463 728 666 761 etiamnum
693 725 860 760 dubitare
886 724 1016 759 scribit
1041 730 1078 758 et
1092 725 1136 758 de
1161 723 1269 757 Bruti
1294 723 1448 765 itinere,
1475 722 1504 756 si
1529 721 1619 766 quid

527 775 671 808 Atticus
702 775 848 813 scierit,
887 783 1113 820 cognoscere
1146 772 1255 806 velle.

674 842 850 876 CICERO
874 840 1055 875 ATTICO
1080 840 1115 875 S.

276 910 474 952 Mirifice
512 915 741 964 torqueor,
779 909 873 949 sine
903 907 1058 950 dolore
1088 911 1256 949 tamen:
1302 905 1379 948 sed
1408 904 1624 960 permulta

168 964 280 1006 mihi
318 967 374 1006 de
410 970 560 1008 nostro
595 966 755 1006 itinere
794 965 840 1004 in
883 968 1113 1019 utramque
1157 967 1325 1018 partem
1373 964 1622 1003 occurrunt.

169 1020 436 1076 Quousque?
483 1021 662 1076 inquies.
727 1019 887 1069 Quoad
933 1021 1022 1060 erit
1062 1019 1302 1073 integrum:
1345 1019 1432 1058 erit
1481 1019 1625 1056 autem

170 1088 303 1130 usque
339 1077 444 1117 dum
483 1077 540 1119 ad
575 1089 741 1117 navem.
809 1074 957 1116 Pansa
992 1076 1033 1117 si
1072 1073 1373 1129 rescripserit,
1413 1077 1456 1114 et
1483 1085 1624 1112 meam

168 1132 249 1172 tibi
276 1137 321 1174 et
348 1133 471 1173 illius
501 1132 732 1187 epistolam
760 1131 947 1172 mittam.
1004 1131 1164 1172 Silium
1189 1131 1523 1183 exspectabam:
1553 1126 1624 1166 cui

169 1183 375 1238 ὑπόμνημα
410 1188 713 1242 compositum.
779 1185 828 1226 Si
866 1186 971 1239 quid
1010 1186 1127 1227 novi.
1190 1186 1290 1238 Ego
1329 1185 1484 1225 literas
1523 1181 1626 1222 misi

170 1242 227 1282 ad
256 1243 462 1284 Brutum:
500 1244 623 1284 cuius
652 1242 706 1283 de
734 1242 894 1282 itinere
931 1240 1063 1284 etiam
1091 1253 1149 1282 ex
1179 1244 1223 1281 te
1260 1240 1414 1294 velim,
1453 1238 1492 1279 si
1520 1237 1626 1292 quid

170 1299 302 1351 scies,
331 1311 607 1353 cognoscere·

170 1415 247 1448 dem
272 1425 366 1459 susp.
399 1412 484 1448 Sch.
532 1415 618 1448 Sine
652 1425 779 1454 causa,
812 1419 854 1447 ut
885 1412 1040 1458 opinor;
1071 1417 1146 1446 est:
1181 1411 1280 1454 „iam
1312 1408 1556 1445 destinaram,
1592 1412 1629 1440 et

170 1462 322 1506 quidem
348 1462 621 1507 Hydruntem.“
648 1462 841 1496 ORELLI.
867 1479 909 1485 —
936 1462 1085 1504 quinque
1102 1459 1231 1501 leorae,
1257 1459 1361 1492 Was
1373 1454 1476 1490 mich
1499 1455 1629 1499 haupt-

171 1508 342 1555 sachlich
368 1510 462 1543 dazu
485 1511 638 1556 bewog,
664 1522 744 1544 war
768 1510 885 1543 Deine
912 1507 1214 1555 Versicherung‚
1249 1506 1328 1540 dass
1352 1515 1424 1538 von
1451 1503 1537 1536 hier
1562 1503 1630 1535 der

172 1558 393 1603 Ubergaug,
419 1558 478 1591 die
493 1557 699 1591 Uberfahrt
716 1557 811 1590 nach
830 1555 1109 1591 Griecbenland
1124 1567 1196 1589 nur
1212 1555 1300 1588 fiinf
1312 1552 1478 1587 stunden
1504 1551 1628 1584 daure.

176 1624 218 1629 —
244 1605 314 1637 Hic
336 1609 454 1638 antem
479 1610 627 1649 quantus
651 1603 785 1644 πλοῦς]
809 1604 834 1637 i.
861 1615 892 1638 e.
920 1615 1029 1647 quam
1055 1605 1167 1649 longa
1192 1608 1315 1636 autem
1341 1605 1434 1634 esset
1459 1595 1545 1631 llaec
1568 1610 1629 1630 na-

173 1653 336 1700 vigati0‚
369 1654 399 1686 si
424 1653 620 1687 Brundisio
646 1654 684 1686 in
711 1652 906 1688 Graeciam
931 1651 1107 1685 traiicere
1139 1652 1298 1686 veliem!
1332 1648 1426 1683 Hinc
1461 1647 1506 1680 de
1538 1647 1631 1680 Ern-

175 1713 269 1745 susp.
295 1699 382 1734 Seh.
409 1701 502 1734 Liin.
551 1701 622 1734 Sed
647 1702 719 1735 cfr.
754 1700 834 1734 Lib.
869 1701 925 1741 16,
956 1701 998 1733 4:
1043 1701 1142 1732 Ilaec
1173 1703 1291 1732 autem
1321 1695 1524 1736 navigatio.
1558 1694 1632 1728 ΟΒ.

174 1767 217 1773 -
242 1748 310 1782 XI.
340 1748 426 1782 Kal.
455 1749 632 1793 Quintil.,
672 1761 731 1781 am
757 1751 811 1784 21.
839 1747 967 1780 lunius
991 1745 1130 1781 erhielt
1159 1745 1224 1780 ich
1258 1745 1394 1778 keinen
1426 1743 1532 1775 Brief
1561 1751 1634 1774 von

173 1797 249 1830 Dir.
275 1814 318 1820 —
345 1797 489 1840 quippe,
518 1808 554 1830 es
578 1798 663 1830 l'a‘sst
688 1795 769 1830 sich
794 1795 983 1829 erklaren.
1017 1813 1056 1819 -
1091 1805 1133 1827 ne
1159 1798 1242 1827 ante
1265 1792 1416 1829 Sextus,
1444 1790 1468 1822 i.
1496 1800 1527 1824 e.
1553 1801 1633 1822 ma·-

172 1851 257 1877 turo
283 1844 554 1888 profectionem
581 1856 723 1886 meam,
760 1854 806 1877 ne
831 1849 916 1876 ante
942 1845 1039 1875 Sext.
1066 1841 1262 1888 Pompeius
1294 1840 1334 1872 in
1366 1838 1515 1872 ltaliam
1547 1848 1633 1870 cum

170 1893 338 1925 exercitu
362 1891 500 1925 veniat.
527 1893 724 1927 MANUT.
749 1893 782 1925 S.
809 1902 867 1937 ep.
895 1892 976 1932 732,
1002 1891 1036 1924 3.

270 1942 305 1976 1.
333 1944 517 1984 torqueor,
554 1940 617 1973 ich
648 1938 850 1974 zer-breche
875 1939 951 1972 mir
976 1938 1155 1985 gewaltig
1185 1937 1257 1971 den
1290 1936 1402 1981 Kopf.
1451 1932 1551 1968 Mihi
1590 1932 1634 1966 de

174 1987 307 2022 itinere
331 1998 414 2021 meo
440 1988 659 2022 deliberanti
686 1989 737 2022 ita
762 1988 878 2020 multa
912 1986 1068 2035 veqiunt
1098 1987 1137 2019 in
1170 1991 1332 2019 mentem
1365 1984 1403 2016 in
1435 1988 1636 2025 utramque

174 2041 340 2082 partem,
366 2041 407 2068 ut
432 2035 471 2067 in
503 2037 682 2081 capiendo
717 2036 872 2069 consilio
905 2035 1065 2068 mirifice
1097 2040 1285 2077 torquear.
1318 2029 1519 2066 MANUT.
1552 2040 1637 2072 per-

174 2085 290 2117 multa
315 2107 327 2120 .
355 2107 363 2115 .
391 2107 399 2117 .
426 2084 463 2116 in
488 2088 557 2118 utr.
581 2089 701 2128 part„
734 2086 815 2117 eine
841 2093 967 2130 grosse
993 2084 1131 2126 Menge
1159 2080 1311 2116 Griinde
1336 2080 1445 2113 daf'ur
1470 2077 1546 2111 und
1571 2077 1639 2109 da-

175 2132 304 2165 wider.
329 2150 372 2156 —
408 2131 590 2175 Quousque
623 2133 701 2168 scil.
729 2131 951 2165 deliberabis
984 2131 1028 2164 de
1063 2128 1296 2175 profectione
1321 2128 1409 2161 tua?
1437 2144 1481 2151 —
1515 2125 1641 2160 Quoad

176 2180 244 2213 erit
269 2180 292 2212 i.
319 2189 350 2213 e.
377 2179 612 2223 deliberabo,
638 2181 810 2224 inquam,
846 2179 926 2212 dum
950 2179 1130 2220 integrum
1156 2177 1244 2218 erit,
1276 2186 1314 2210 so
1340 2177 1450 2222 lange
1475 2185 1512 2207 es
1538 2172 1639 2207 noch

177 2228 218 2260 in
248 2227 394 2260 meiner
427 2227 576 2261 Gewalt
607 2227 715 2261 steht.
751 2245 794 2252 --
836 2227 906 2260 erit
938 2230 1057 2259 autem
1090 2226 1302 2271 integrum,
1337 2234 1445 2267 usque
1477 2223 1559 2255 dum
1592 2222 1642 2253 ad

176 2285 302 2308 navem
333 2285 482 2309 venero.
524 2294 564 2304 ν-
607 2276 748 2316 Pansa,
791 2286 875 2308 cum
914 2274 1039 2308 Hirtio
1076 2274 1206 2307 consul
1242 2273 1466 2319 designatus,
1509 2269 1640 2301 -Beide

178 2322 305 2356 Briefe
330 2323 412 2356 sind
436 2325 626 2358 verloren.
653 2343 697 2348 —
723 2323 870 2359 Siliunu
921 2322 1080 2355 Videtur
1103 2332 1179 2355 esse
1204 2321 1324 2362 idem,
1359 2331 1379 2353 a
1405 2328 1478 2362 quo
1504 2317 1639 2352 Cicero

180 2380 275 2402 anno
307 2370 497 2415 superiore
531 2373 660 2405 hortos
696 2381 821 2405 emere
853 2371 1053 2417 cogitabat.
1085 2369 1173 2403 Vid.
1207 2380 1265 2413 ep.
1288 2369 1369 2403 540.
1396 2369 1476 2401 581.
1505 2384 1547 2390 -—
1582 2366 1640 2396 cul

179 2414 421 2460 ὑπόμνημα
446 2429 473 2450 s·
499 2419 809 2453 commentarium
835 2419 1082 2462 compositum,
1118 2418 1182 2450 stix·
1215 2416 1287 2450 den
1319 2414 1385 2449 ich
1417 2414 1475 2447 die
1508 2410 1639 2444 Deuk-

179 2464 313 2498 schrift
338 2467 542 2510 ausgesetzt
565 2466 676 2504 habe.
729 2465 994 2500 Vermuthlich
1020 2467 1111 2499 iiber
1136 2465 1199 2498 das
1224 2464 1425 2500 Geschkist‚
1461 2471 1534 2492 was
1560 2459 1642 2492 sein

179 2512 320 2546 Broder
347 2511 502 2553 Quintus
527 2515 596 2549 init
622 2516 758 2548 diesem
784 2514 894 2546 Silius
920 2514 1037 2550 hatte.
1064 2514 1098 2547 S.
1125 2523 1182 2557 ep.
1210 2513 1291 2552 743,
1319 2514 1348 2545 1.
1367 2509 1484 2547 Filio,
1512 2507 1641 2549 „Alii‘ss

180 2561 274 2594 &ilio
300 2573 336 2594 u.
364 2571 422 2604 ep·
451 2563 536 2605 7353
561 2573 706 2596 causam
732 2563 920 2605 composui.
948 2581 991 2586 —
1026 2562 1068 2595 δι’
1093 2561 1179 2605 quid
1202 2560 1285 2593 nom·
1310 2558 1464 2595 11313035,
1492 2555 1639 2588 scribes,

180 2607 373 2641 Nimirum
398 2609 443 2641 de
467 2611 574 2643 Bruti
597 2611 847 2655 profectione.
897 2610 1099 2654 „Intellige
1130 2609 1247 2641 scribe
1272 2605 1370 2639 milii.
1419 2604 1642 2649 Disiungen-

181 2656 267 2688 dum
290 2657 390 2688 enim
415 2662 469 2689 est
493 2669 512 2690 a
543 2658 825 2702 praecedente.“
858 2657 1018 2691 Ernesti.
1058 2659 1182 2692 Recte.
1207 2655 1279 2691 cfri
1306 2654 1388 2688 Lib.
1417 2652 1472 2693 15,
1498 2653 1553 2686 26.
1581 2661 1643 2682 ex·-

180 2705 403 2745 spectabam,
444 2704 478 2736 si
510 2706 592 2748 quid
619 2707 703 2739 novi
735 2704 903 2747 (afferret
936 2705 1085 2747 Silius);
1125 2703 1181 2736 cui
1216 2698 1378 2745 ὑπόμν.
1414 2709 1526 2742 comp.
1559 2698 1640 2731 Sel·⁴

182 2764 273 2784 coni.
302 2753 396 2788 hun.
425 2752 498 2786 (m.
527 2772 569 2778 ——-
595 2755 678 2797 Ego
705 2754 868 2799 quidem.
897 2772 939 2779 --
966 2754 1067 2787 cuius
1091 2759 1228 2786 tamen.
