1795 3086
256 85 350 133 302
537 88 598 131 Μ.
629 90 683 132 Τ.
717 85 1055 129 CICERONIS
1084 87 1458 132 EPISTOLAE.

700 196 851 240 XXV.
880 213 916 241 a.
954 200 1004 241 A.
1035 201 1093 242 U.
1125 200 1174 241 C.
1205 201 1302 242 711.

622 272 857 314 CICERO
905 273 1276 316 CORNIFICIO
1324 274 1368 317 S.

368 344 420 385 P.
460 342 702 383 Lucceium
744 342 857 383 mihi
897 357 1039 383 meum
1086 344 1390 386 commendas:
1441 359 1593 399 quem,
1640 348 1735 402 qui-

259 402 506 453 buscunque
537 400 663 439 rebus
692 404 874 452 potero,
914 399 1151 453 diligenter
1180 402 1349 441 tuebor.
1415 400 1616 442 Hirtium
1641 405 1734 456 qui-

257 456 356 495 dem
387 460 430 495 et
459 455 674 499 Pansam,
714 455 906 508 collegas
945 460 1143 508 nostros,
1183 455 1385 497 homines
1422 457 1467 496 in
1504 459 1735 499 consulatu

257 513 321 551 rei
353 511 556 565 publicae
587 511 827 560 salutares,
868 510 1012 551 alieno
1042 525 1145 551 sane
1175 516 1371 566 tempore
1401 512 1656 565 amisimus,
1686 528 1734 555 re

256 568 436 621 publica
470 568 718 607 Antoniano
756 565 935 620 quidem
977 567 1214 608 latrocinio
1254 569 1468 620 liberata,
1507 568 1586 609 sed
1624 584 1735 610 non·
1785 611 1786 616 ,

258 625 361 663 dum
391 623 569 663 omnino
600 621 847 676 explicata:
877 635 1006 675 quam
1028 636 1129 676 nos,
1159 624 1198 663 si
1229 623 1403 673 licebit,
1433 638 1556 665 more
1581 629 1735 666 nostro

257 679 497 730 tuebimur,
545 691 807 731 quamquam
858 678 1095 718 admodum
1143 692 1290 720 sumus
1342 682 1431 720 iam
1478 679 1735 734 defatigati.

257 735 344 775 Sed
383 734 504 775 nulla
545 733 760 774 lassitudo
801 732 1020 788 impedire
1067 732 1269 774 officium
1318 741 1362 776 et
1410 735 1732 784 fidemwdebet.

257 792 428 831 Verum
458 789 568 830 haec
605 789 831 829 hactenus.
901 789 966 829 Ab
1006 789 1104 830 aliis
1144 793 1188 829 te
1227 789 1283 830 de
1319 805 1389 831 me
1428 805 1557 845 quam
1601 805 1628 831 a
1655 805 1734 841 ,me

256 849 353 902 ipso
384 846 500 886 malo
531 858 812 900 cognoscere.
849 845 944 885 *De
973 850 1017 885 te
1047 844 1329 886 audiebamus
1359 860 1432 896 ea,
1463 860 1574 900 quae
1595 848 1734 887 maxi-

254 919 325 945 me
354 903 581 945 vellemus.
638 901 708 941 De
739 901 820 941 Cn.
853 899 1085 952 Minucio,
1113 915 1244 955 quem
1274 907 1321 941 tu
1350 902 1606 956 quibusdam
1635 903 1734 943 lite-

255 961 317 1000 ris
347 959 402 999 ad
433 957 603 999 caelum
630 957 832 997 laudibus
863 957 1080 1006 extulisti,
1130 971 1327 998 rumores
1365 957 1567 998 duriores
1596 963 1734 999 erant.

253 1016 309 1055 ld
338 1015 466 1068 quale
495 1014 554 1054 sit
581 1013 868 1067 omninoque,
905 1012 1013 1067 quid
1041 1013 1145 1054 istic
1174 1017 1354 1067 agatur,
1394 1012 1534 1056 facias
1563 1028 1633 1056 me
1661 1028 1734 1056 ve-

254 1073 331 1112 lim
360 1070 611 1111 certiorem.

419 1260 737 1304 EPISTOLA
769 1258 1068 1300 DCCCXIV.
1117 1260 1195 1309 (ad
1225 1259 1332 1301 Div.
1363 1256 1450 1300 XI.
1483 1259 1571 1312 10.)

278 1341 364 1374 Dar.
391 1339 460 1374 111.
486 1339 584 1373 Non.
610 1336 704 1372 Mai.
731 1347 773 1369 ex
799 1335 932 1369 castris
958 1336 1128 1368 Dertona
1156 1337 1195 1369 A.
1224 1336 1265 1370 U.
1294 1337 1335 1372 e.
1364 1337 1442 1370 711.
1493 1337 1539 1378 (a.
1569 1337 1609 1369 e.
1637 1337 1714 1381 43.)

256 1407 436 1454 Queritur
477 1406 522 1440 de
553 1404 825 1439 nonnullorum
859 1402 1121 1485 malevolentig
1154 1410 1191 1436 et
1228 1402 1286 1435 rei
1322 1402 1495 1447 publicae
1526 1403 1736 1449 periculum

857 1451 1020 1496 exponit.
1045 1453 1087 1485 l·
1126 1477 1134 1485 .

615 1521 659 1554 D.
686 1517 876 1553 BRUTUS
901 1518 935 1552 S.
962 1519 1008 1551 D.
1040 1519 1096 1553 M.
1131 1517 1379 1552 CICERONI.

366 1590 468 1632 Non
495 1587 605 1629 mihi
635 1601 730 1628 rem
759 1586 985 1640 publicam
1015 1585 1113 1639 plus
1145 1585 1308 1626 debere
1348 1584 1563 1638 arbitror,
1603 1599 1733 1641 quam

257 1661 327 1687 1116
358 1647 454 1687 tibi.
515 1644 768 1685 Gratiorem
799 1656 869 1682 me
899 1655 995 1682 esse
1025 1642 1070 1681 in
1100 1646 1143 1681 te
1173 1655 1326 1694 posse,
1371 1655 1500 1695 quam
1530 1641 1605 1682 isti
1633 1657 1732 1696 per—

256 1703 375 1744 versi
405 1702 568 1742 sintin
598 1714 688 1752 me,
725 1699 1008 1752 exploratum
1038 1697 1193 1738 habes:
1234 1698 1273 1737 si
1311 1702 1457 1738 tamen
1498 1697 1584 1738 hoc
1624 1704 1733 1738 tem-

257 1867 340 1898 Asc.
370 1867 400 1899 1.
429 1865 528 1899 Crat.
563 1863 661 1897 Vict.
697 1865 728 1897 1.
762 1864 796 1898 2.
830 1862 964 1897 Lamb.
999 1873 1072 1895 om.
1104 1866 1141 1894 1ιί
1175 1861 1308 1894 Graev.
1347 1862 1436 1894 Ern.
1473 1862 1608 1895 Bened.
1645 1861 1733 1898 Sch.

256 1915 351 1948 Liin.
381 1912 576 1947 ORELLI.

351 1964 384 1996 6.
412 1961 450 1994 P.
478 1960 678 1993 Lucceium.
705 1959 786 1993 Md.
814 1959 918 1994 Crat.
946 1957 1044 1992 Vict.
1072 1959 1104 1991 1.
1134 1958 1167 1992 2.
1217 1958 1346 1991 Novae
1362 1957 1540 2002 epistolae
1560 1958 1633 1990 hoc
1660 1959 1734 1991 ini-

256 2011 352 2043 tium
385 2021 461 2042 esse
504 2009 648 2042 idoneis
689 2007 915 2051 argumentis
956 2006 1163 2039 docuerunt
1202 2006 1359 2042 Cori-ad.
1398 2007 1547 2042 Manut.
1588 2007 1733 2043 Bened.

258 2058 462 2092 Huldricus
494 2059 533 2090 in
566 2057 796 2098 Programm.
833 2056 935 2091 1803.
971 2053 1168 2088 ORELLI.
1194 2072 1240 2078 —
1272 2055 1437 2095 collegas
1467 2054 1506 2085 in
1540 2061 1732 2098 auguratu.

257 2126 300 2132 —-
329 2106 445 2139 alieno
471 2131 480 2137 .
508 2130 516 2138 .
543 2109 720 2149 tempore,
760 2115 824 2136 zur
857 2102 1009 2143 Unzeit3
1049 2102 1264 2146 importuno
1297 2110 1476 2146 tempore.
1515 2120 1557 2125 -—
1591 2102 1733 2146 latroc„

256 2153 534 2189 Rauberhorde.
563 2172 605 2177 —
633 2152 838 2195 mpla-ata,
864 2150 1072 2196 gereinigt,
1099 2150 1281 2191 entwirrt.

353 2206 388 2239 7,
416 2202 457 2234 de
481 2212 532 2234 me
558 2215 606 2232 Ξ
633 2201 677 2232 de
704 2201 769 2240 iis,
798 2212 892 2245 quae
918 2198 1068 2242 egerim.
1094 2216 1140 2221 —-
1169 2198 1231 2230 Cn.
1258 2198 1445 2236 Minucii),
1476 2198 1732 2232 vermuthlich

257 2252 376 2283 ciuem
414 2256 517 2282 sonst
550 2250 812 2282 unbekannten
844 2246 1067 2282 Romischen
1101 2246 1245 2287 Ritter3
1279 2247 1335 2279 vel
1375 2246 1574 2280 Cornificii
1606 2247 1733 2291 legato

258 2301 315 2332 vel
342 2298 540 2331 finitimam
567 2298 600 2329 ei
626 2297 821 2342 regionem
848 2295 1142 2329 administrante.
1169 2294 1371 2328 MANU'I'.
1408 2312 1449 2316 —
1484 2305 1574 2327 rum.
1609 2295 1734 2328 durio·-

258 2359 317 2381 res
344 2348 364 2379 i.
395 2359 422 2379 e.
459 2346 664 2387 tristiores,
691 2345 847 2386 sinistri,
882 2347 1004 2386 ercmt,
1031 2343 1167 2387 gingen
1194 2343 1301 2375 barte
1328 2340 1538 2375 Geriichte.
1564 2360 1607 2366 —
1632 2344 1733 2385 istic,

254 2398 318 2430 bei
344 2395 460 2429 Eueh.

352 2462 398 2495 D.
425 2459 626 2495 BRUTUS
650 2459 753 2492 hatte
779 2458 860 2492 sich
886 2458 977 2491 ietzt
1000 2457 1072 2491 mit
1099 2458 1240 2490 seinem
1262 2458 1382 2501 Lagei·
1405 2467 1475 2490 von
1502 2457 1652 2491 Mutina
1677 2458 1734 2492 bis

255 2513 423 2545 Dertona
451 2510 558 2550 (ietzt
582 2509 766 2548 Tortona)
793 2507 930 2540 hinauf
953 2517 1136 2550 gezogen,
1163 2506 1301 2538 unweit
1326 2505 1391 2538 der
1417 2505 1644 2553 Ergiessung
1670 2507 1733 2540 des

255 2562 435 2593 Tomarus
460 2559 497 2590 in
524 2557 595 2589 den
624 2559 697 2594 Po,
725 2555 909 2589 zwischen
938 2554 1128 2587 Placentia
1155 2554 1229 2587 und
1258 2555 1398 2588 Genua.

358 2611 388 2643 1,
415 2605 600 2650 perversi,
628 2604 880 2651 praeposteri,
904 2603 985 2636 iene
1011 2602 1252 2635 Verkehrten
1279 2614 1327 2635 zu
1351 2603 1466 2638 Rom.
1494 2621 1536 2627 —-
1564 2601 1732 2643 explora-

258 2661 349 2697 tum,
386 2655 592 2698 cognitum.
621 2674 662 2679 —
695 2653 728 2686 si
754 2658 870 2686 tamen
897 2651 961 2684 hoc
985 2655 1008 2684 t.
1039 2651 1110 2684 vid.
1145 2651 1177 2683 d.
1212 2660 1342 2693 causa,
1383 2661 1490 2682 wenn
1522 2660 1560 2682 es
1592 2648 1732 2682 iedoch

256 2705 355 2736 ancl.
384 2703 564 2735 sclneinen
589 2702 746 2740 honum,
775 2701 826 2733 uls
848 2700 972 2732 wiirde
999 2700 1095 2737 Dm,
1124 2710 1199 2732 was
1225 2710 1310 2731 man
1339 2710 1409 2731 von
1435 2698 1508 2731 mir
1534 2703 1634 2740 sagt‚
1661 2708 1735 2730 nur

256 2754 324 2786 der
351 2751 627 2786 Zeitumstande
654 2760 778 2795 wegen
806 2755 947 2794 gesagt.
1001 2746 1174 2781 N'amlich
1200 2758 1263 2780 aus
1289 2747 1432 2780 Furcht
1461 2757 1498 2779 es
1523 2745 1592 2779 mit
1616 2745 1732 2778 Anto-

1787 2752 1791 2769 *
1776 2705 1791 2728 .-’
1788 2690 1790 2696 .
1786 2652 1791 2680 .-
1782 1725 1790 2639 „2--ae--—----‚-——————-—2--—-..-2---
1786 1709 1789 1714 ,
1785 1674 1789 1689 .,
1783 1601 1784 1607 ⁴
1786 1471 1789 1546 ,““
1788 1353 1789 1358 Α
