1795 3086
474 48 788 92 EPISTOLA
819 48 1082 93 DC'CXXI.
1450 48 1533 96 129

240 158 553 202 EPISTOLA
583 157 843 200 DCCXXI.
904 161 982 211 (ad
1010 161 1100 202 Att.
1131 158 1241 203 XV.
1271 161 1332 211 7.)

178 234 258 270 scr.
285 235 324 268 in
349 233 560 268 Tusculano
587 234 629 266 v,
655 232 736 267 Kal.
764 233 845 265 ιω..
872 232 915 265 A.
943 235 987 267 U.
1015 234 1055 269 c.
1081 235 1162 269 710.
1194 235 1241 276 (a.
1270 233 1311 268 c.
1338 234 1425 276 44.)

49 303 191 355 'Gratas
226 301 296 335 sibi
330 299 443 334 fuisse
469 299 644 344 epistolas
678 299 722 332 ab
747 298 876 332 Attico
909 299 1050 339 missas,
1092 300 1269 346 inprimis
1303 299 1386 334 Sex.
1411 300 1529 335 Pedu-

175 350 255 384 caei
280 348 423 389 scribit,
451 353 487 381 et
513 346 638 380 Servii
664 346 905 380 sedulitatem
930 346 970 378 in
996 348 1256 391 pacificatione
1280 348 1413 396 tangit.

563 412 740 447 CICERO
767 411 948 447 ATTICO
976 411 1012 446 S.

167 484 366 534 Gratum,
396 480 514 536 quod
543 479 657 520 mihi
687 479 920 534 epistolas:
971 492 1083 533 quae
1126 483 1304 535 quidem
1343 497 1413 525 me
1452 483 1529 524 de-

0 531 5 559 s
57 539 292 590 lectarum,
333 537 378 577 in
407 535 561 591 primis
591 535 714 576 Sexti
743 534 898 576 nostri.
974 535 1130 586 Dices,
1181 541 1313 592 „quia
1353 544 1397 580 te
1437 539 1529 580 lau-

57 593 178 635 dat.“
234 594 352 635 Puto
381 591 635 633 mehercule
678 591 726 631 id
766 603 941 646 quoque
983 603 1078 632 esse
1115 604 1299 634 causae:
1346 593 1426 635 sed
1463 598 1529 635 ta—

56 663 157 690 men
186 651 320 691 etiam
348 651 464 694 ante,
503 661 635 701 quam
674 646 731 687 ad
760 660 858 687 eum
900 646 1044 687 locum
1082 647 1197 700 veni,
1244 647 1376 690 valde
1415 649 1530 689 mihi

57 705 261 759 placebat
290 717 423 767 quum
453 716 607 744 sensus
637 702 732 742 eius
776 702 831 742 de
861 715 908 742 re
937 701 1129 755 publica,
1167 708 1263 744 tum
1302 703 1530 744 scribendi

32 773 178 802 cura.
229 760 410 801 Sex-vnis
438 772 544 800 vero
574 757 839 812 pacificator
875 769 974 797 cum
1014 758 1248 800 librariolo
1286 771 1367 799 suo
1404 759 1529 800 vide-

59 821 134 856 tur
163 816 310 857 obisse
341 814 609 868 legationem
640 817 684 853 et
703 825 854 853 omnes
879 812 1183 866 captiunculas
1204 814 1530 868 pertimescere.

59 871 286 912 Debuerat
324 876 484 917 autem,
530 865 643 911 Non
691 879 755 908 ex
791 868 897 908 iure
933 879 1075 912 manu
1114 871 1404 919 conam-tunm
1450 869 1530 912 sed

57 940 169 981 quae
199 929 454 981 sequuntur.
516 923 587 965 'ru
617 935 792 977 quoque
822 922 1006 965 scribes.

154 1079 186 1112 1.
237 1076 412 1120 epistolas
435 1074 586 1109 misisti.
614 1093 655 1098 —
681 1074 795 1116 Sexti,
821 1086 897 1110 non
922 1076 1104 1121 Pompeii,
1135 1083 1178 1111 ut
1210 1076 1397 1111 Manutius
1423 1082 1531 1122 puta-

58 1125 130 1164 bat,
161 1124 226 1158 sed
250 1124 355 1158 Sexti
380 1122 576 1164 Peducaei,
611 1122 710 1165 quod
743 1122 928 1156 Corradus
963 1124 1107 1167 aliique
1139 1124 1327 1158 viderunt.
1378 1124 1435 1158 cf.
1473 1136 1531 1170 ep.

57 1174 141 1207 307.
168 1174 250 1213 767,
277 1173 312 1206 3.
350 1190 392 1197 --
438 1170 572 1204 laudat.
611 1170 700 1204 Scil.
736 1169 945 1204 Peducaeus
969 1170 1110 1204 librum
1144 1182 1165 1205 a
1199 1171 1380 1206 Cicerone
1409 1183 1533 1217 nuper

59 1219 201 1254 editum
226 1218 453 1252 laudaverat.
486 1218 542 1252 Cf.
568 1217 612 1251 ad
637 1217 752 1252 Attio.
779 1218 854 1260 XV,
885 1219 938 1252 13.
971 1218 1078 1254 SCH.
1124 1238 1166 1244 —
1215 1230 1318 1255 cura.
1345 1230 1417 1254 om.
1444 1229 1533 1253 cura

58 1267 134 1302 Md.
161 1267 275 1301 Oxon.
301 1268 334 1301 2.
362 1266 458 1299 Viet.
487 1267 516 1299 1.
543 1267 575 1300 2.
611 1276 682 1299 scr.
709 1275 818 1297 causa
853 1265 936 1298 Asc.
962 1276 1021 1310 pr.
1050 1276 1140 1299 cura
1166 1271 1221 1299 est
1245 1267 1289 1300 ab
1314 1267 1424 1300 Aldo.
1466 1267 1534 1299 Vi-

58 1315 168 1348 detur
209 1314 249 1346 in
292 1313 417 1347 locum
459 1312 596 1346 Graeci
641 1312 816 1347 vocabuli
854 1313 1070 1346 successisse
1113 1312 1289 1347 Latinum
1331 1313 1532 1360 glossema.

62 1361 256 1396 ORELLI.
287 1379 334 1386 -
358 1360 507 1395 Servius
531 1360 718 1404 Sulpicius
743 1360 786 1402 (s.
814 1370 870 1406 ep.
897 1361 967 1395 365
981 1360 1033 1393 im
1049 1359 1166 1401 Ans),
1195 1361 1287 1395 eben
1312 1361 1379 1395 der
1404 1361 1535 1403 Iurist‚

59 1410 125 1444 der
148 1409 222 1443 den
248 1408 383 1443 Cicero
408 1408 502 1442 iiber
535 1407 607 1442 den
640 1407 724 1442 Tod
756 1407 878 1441 seiner
910 1407 1041 1441 Tullia
1074 1408 1231 1442 trostete
1262 1420 1320 1454 ep.
1346 1410 1426 1444 557.
1453 1411 1535 1450 566,

59 1456 209 1492 machte
234 1456 328 1490 ietzt
354 1468 415 1490 aus
443 1456 615 1489 ein-enen:
642 1455 825 1489 Antriebe
851 1455 922 1489 den
948 1455 1266 1490 Friedensstifter
1290 1456 1367 1490 und
1402 1455 1535 1491 suchte

59 1505 167 1540 beide
191 1504 364 1538 Parteien
389 1488 510 1536 dure}
537 1503 824 1551 Rechtsgriinde
855 1515 900 1537 zu
935 1504 1193 1551 iiberzeugen3
1226 1503 1415 1539 wiewohl
1448 1515 1536 1538 ver-

62 1551 230 1600 geblich.
277 1550 477 1597 Ungefahr
501 1551 590 1584 acht
615 1550 791 1584 Monathe
817 1553 942 1596 sp'a'te‘r
978 1551 1048 1599 gab
1076 1551 1156 1584 ihm
1191 1551 1260 1586 der
1285 1551 1399 1586 Senat
1424 1552 1536 1585 einen

61 1599 269 1634 'ahnlichen
293 1599 456 1646 Auftrag
481 1599 557 1631 und
580 1598 700 1632 hoffte
726 1597 847 1631 durch
872 1599 974 1632 seine
1010 1599 1220 1634 iuridische
1253 1599 1538 1634 Beredsamkeit

62 1648 136 1682 den
162 1646 347 1681 Antonius
372 1658 419 1679 zu
445 1646 610 1680 anderen
636 1645 910 1692 Gesinnungen
935 1659 983 1680 zu
1008 1646 1187 1694 bring-<3113
1213 1647 1344 1690 allein,
1370 1647 1445 1681 wie
1471 1647 1540 1681 der

62 1695 204 1739 Erfolg
231 1694 365 1741 zeigte,
403 1693 495 1727 eben
521 1704 560 1728 so
590 1693 793 1727 fruchtlos.
843 1693 997 1727 Servius
1022 1693 1213 1739 Sulpicius
1238 1696 1320 1729 iure
1347 1695 1540 1729 consultus

63 1743 134 1777 illo
162 1750 331 1786 tempore
367 1741 544 1784 privatim
576 1742 716 1774 multos
743 1741 989 1775 conveniebat
1014 1748 1051 1775 et
1076 1742 1122 1775 ad
1145 1753 1277 1786 pacem
1302 1742 1539 1776 hortabatur.

62 1792 174 1825 Recte
201 1790 300 1823 enim
326 1789 461 1835 Popma
487 1789 634 1823 monuit
658 1788 723 1821 hic
749 1800 825 1821 non
850 1788 909 1833 agi
942 1788 986 1822 de
1012 1789 1199 1836 legatione
1225 1789 1391 1835 publica,
1429 1801 1541 1834 quam

62 1849 158 1872 anno
192 1843 369 1881 sequente
409 1836 455 1869 ad
490 1837 698 1871 Antonium
723 1836 854 1869 missus
880 1836 982 1871 obiit.
1025 1837 1133 1870 SGH.
1182 1856 1229 1863 -
1277 1848 1355 1871 cum
1390 1838 1538 1877 librar„

63 1886 211 1921 scheint
235 1885 316 1918 sich
342 1883 413 1917 mit
436 1885 574 1918 seinem
602 1884 728 1919 Codex
762 1895 847 1917 zum
884 1883 1170 1932 Abgeordneten
1204 1884 1334 1919 beider
1366 1885 1541 1920 Parteien

64 1945 104 1968 so
130 1945 226 1981 ganz
252 1934 318 1966 fur
341 1931 425 1965 sich
449 1932 561 1966 selbst
588 1931 766 1977 gemacht
800 1944 846 1965 zu
881 1931 1016 1966 haben.
1069 1953 1111 1959 —
1162 1933 1430 1976 pertimescere,
1461 1932 1540 1965 und

63 1981 135 2016 mit
161 1981 290 2015 seinen
318 1980 490 2014 Clauseln
516 1980 588 2013 alle
614 1979 963 2013 Rechtsausfliichte
998 1991 1084 2013 zum
1116 1981 1256 2014 Voraus
1290 1980 1541 2015 abzuweisen.

63 2029 324 2074 captiunculas,
363 2040 453 2072 quas
490 2027 699 2075 diligenter
732 2027 854 2061 vitare
889 2027 1014 2061 solent
1045 2028 1268 2073 iurisperiti.
1327 2028 1420 2072 Agit
1452 2027 1540 2062 Ser-

64 2077 146 2110 vius
172 2076 218 2111 de
242 2086 346 2121 pace,
379 2075 483 2120 quasi
516 2076 661 2121 legatus
687 2076 754 2116 sitq
796 2076 875 2123 agit
909 2081 1027 2113 caute,
1066 2081 1108 2109 ut
1140 2076 1448 2117 iurisconsultus,
1480 2087 1540 2109 ca-

63 2125 212 2170 ptiones
237 2125 388 2158 timens.
415 2123 620 2157 MANUT.
639 2143 683 2148 —›
710 2122 896 2157 Debuerat
921 2137 969 2154 r:
996 2123 1185 2157 debuisset
1209 2131 1333 2159 autem
1358 2123 1544 2171 cogitare,

65 2184 109 2207 er
134 2172 239 2206 hatte
263 2172 350 2205 aber
376 2171 574 2205 bedenken
608 2171 742 2205 sollen.
794 2190 837 2195 —
889 2171 971 2205 Non
996 2195 1006 2205 .
1035 2193 1044 2203 .
1073 2176 1273 2206 consertum
1309 2171 1418 2212 „dass
1455 2183 1543 2205 man

67 2219 175 2254 nicht
211 2219 309 2253 nach
344 2219 431 2252 dem
470 2218 611 2252 Rechte
651 2218 765 2262 (nach
804 2219 947 2253 seinem
982 2218 1120 2260 Codex,
1158 2220 1321 2254 sondern
1355 2220 1426 2253 mit
1457 2219 1541 2254 dem

68 2267 281 2310 Schwerte)
321 2266 566 2301 entscheiden
605 2266 756 2308 wird;“
797 2267 876 2300 dass
910 2267 988 2300 also
1022 2267 1123 2301 seine
1163 2268 1435 2314 Bemiihungen
1478 2278 1542 2299 um

68 2315 320 2361 Herstellung·
360 2315 422 2348 des
463 2314 646 2348 Friedens
685 2314 913 2362 vergeblich
953 2314 1065 2348 seien.
1124 2315 1296 2360 Respicit
1335 2315 1542 2349 versiculos

69 2361 203 2396 Ennii:
255 2363 362 2404 „Non
387 2372 432 2395 ex
455 2362 536 2395 iure
567 2372 674 2395 manu
699 2366 913 2403 consertum,
956 2363 1019 2395 sed
1050 2373 1160 2405 mage
1183 2364 1299 2406 ferro
1322 2364 1410 2397 Rem
1434 2372 1542 2405 repe-

71 2414 145 2443 tunt
169 2420 385 2454 regnumque
409 2414 542 2452 petunt,
566 2411 699 2443 vadunt
723 2411 845 2443 solida
871 2410 946 2444 2÷i.“
971 2421 1077 2444 manu
1103 2416 1304 2444 consertum
1330 2411 1391 2443 das
1411 2409 1543 2455 Supin.

71 2469 146 2498 „zu
178 2458 346 2499 streiten,
389 2457 644 2505 handgemein
682 2470 729 2491 zu
762 2458 960 2501 werden,“
1000 2458 1061 2492 ein
1095 2469 1179 2492 vom
1213 2459 1354 2504 Kriege
1386 2458 1452 2490 auf
1485 2456 1545 2490 die
1572 2482 1575 2483 γ

70 2504 575 2552 Wiedererstattungsklage
599 2506 655 2548 (in
688 2517 772 2539 rem
798 2506 913 2543 actio)
946 2517 1017 2539 vor
1049 2506 1136 2539 dem
1170 2508 1302 2540 Pr'a'tor
1326 2505 1546 2551 uberti-age-

70 2563 140 2586 ner
163 2552 374 2585 Ausdruck.
416 2554 451 2587 S.
474 2566 521 2586 zu
547 2553 592 2587 de
618 2553 773 2586 Oratore
805 2554 836 2596 1,
870 2555 926 2595 10,
959 2556 1016 2588 41.
1048 2554 1150 2588 Gen.
1187 2556 1233 2587 N.
1266 2553 1379 2587 Attio.
1406 2553 1485 2594 XX,
1511 2554 1545 2587 9.

72 2613 106 2633 u.
133 2600 297 2633 Brisson.
324 2599 369 2633 de
395 2601 502 2633 Verb.
528 2601 569 2634 ff.
604 2601 706 2634 Libr.
738 2601 808 2634 111.
858 2611 1031 2643 „manum
1056 2601 1182 2634 Lamb.
1211 2601 1314 2640 1566,
1347 2606 1390 2634 ut
1422 2600 1548 2633 editur

74 2648 170 2692 apud
196 2647 377 2681 Gellium.
403 2658 530 2681 manus
554 2649 680 2682 Lamb.
707 2648 747 2681 in
773 2659 824 2683 m.
854 2649 986 2684 1584.“
1034 2648 1230 2682 ORELLI.
1282 2666 1324 2672 —
1375 2649 1437 2681 sed
1461 2658 1549 2691 quae

72 2700 278 2739 sequuntur,
303 2694 399 2729 doch
424 2694 485 2730 die
510 2696 630 2744 Fulge
654 2695 780 2731 wird's
809 2695 958 2731 lehren.
1011 2697 1108 2729 Eine
1134 2695 1388 2742 Aposiopesis.
1433 2695 1549 2729 Rich-

144 2774 202 2800 Cic.
223 2774 325 2800 Briese
347 2783 373 2799 v.
392 2773 515 2800 Billerb.
535 2774 585 2800 IV.
1080 2749 1107 2789 9
