1795 3086
251 103 345 152 260
526 105 589 147 Μ,
624 105 677 148 Τ,
712 102 1053 148 CICERONIS
1082 103 1456 149 EPISTOLAE.
1506 127 1513 137 ι

254 221 364 259 bam.
426 217 591 259 Omnia
622 217 740 258 enim
770 218 893 258 erant
921 230 1131 272 suspensa
1152 221 1334 273 propter
1354 217 1731 272 exspectationem

255 276 530 328 legatorum:
589 273 667 327 qui
718 273 825 327 quid
878 273 1100 326 egissent,
1151 273 1379 315 nihildum
1427 275 1728 322 nuntiabatun

255 326 380 370 Haec
410 333 558 369 tamen
588 328 825 370 scribenda
854 329 1135 371 existimavi:
1177 330 1384 384 primum,
1423 328 1467 370 S.
1498 330 1550 372 P.
1583 329 1639 379 Q.
1671 329 1728 370 R,

253 386 310 425 de
339 387 384 424 te
414 385 621 425 laborare
650 398 735 425 non
765 385 907 425 solum
937 385 1095 426 salutis
1133 398 1239 426 suae
1270 397 1427 436 causa,
1476 385 1554 425 sed
1594 386 1729 426 etiam

253 439 488 494 dignitatis
519 444 632 481 tuae.
691 439 983 481 Admirabilis
1026 443 1145 482 enim
1185 445 1254 482 est
1296 440 1513 495 quaedam
1555 440 1623 481 tui
1654 453 1727 481 no-

251 496 386 536 minis
425 496 589 538 caritas
630 509 841 550 amorque
879 495 926 536 in
964 499 1008 537 te
1036 497 1280 551 singularis
1320 496 1517 537 omnium
1547 495 1728 538 civium.

251 551 323 592 Ita
353 552 466 593 enim
496 556 678 607 sperant
707 555 839 605 atque
868 551 1115 605 confidunt,
1145 556 1194 593 ut
1222 555 1353 593 antea
1383 566 1505 607 rege,
1544 552 1612 592 sic
1641 551 1729 592 hoc

252 611 448 663 tempore
479 621 616 662 regno
647 611 691 648 te
721 620 814 647 rem
840 607 1066 661 publicam
1095 608 1401 649 liberaturum.
1460 607 1631 650 Romae
1653 607 1730 647 de-

250 664 394 705 lectus
424 663 612 704 habetur
641 666 825 718 totaque
854 662 1011 713 Italia5
1055 664 1094 704 si
1135 663 1212 704 hic
1253 663 1456 705 delectus
1498 663 1728 718 appellan-

248 719 333 761 dus
362 723 443 771 est,
475 733 609 774 quum
639 719 760 760 ultro
790 732 838 760 se
868 719 1065 759 offerunt
1095 732 1267 760 omnes:
1297 721 1444 760 tantus
1475 719 1614 760 ardor
1635 718 1727 758 ani-

248 787 343 815 mos
372 775 605 816 hominum
635 775 872 829 occupavit
902 774 1129 815 desiderio
1161 775 1386 815 libertatis
1408 775 1603 830 odioque
1626 774 1726 814 ‹liu-

246 832 365 871 tinae
395 831 642 873 servitutis.
702 831 774 871 De
805 829 996 885 reliquis
1027 831 1157 871 rebus
1188 843 1212 870 a
1252 833 1295 870 te
1334 830 1423 870 iam
1463 834 1728 884 exspectare

247 886 406 927 literas
446 887 681 939 debemus,
724 886 834 941 quid
872 885 966 939 ipse
1005 898 1133 940 agas,
1186 885 1297 939 quid
1338 889 1494 927 noster
1532 884 1728 931 Hirtius,

245 942 356 997 quid
396 942 564 982 Caesar
587 954 745 983 -meus:
797 955 908 996 quos
953 955 1085 996 spero
1125 941 1254 982 brevi
1282 945 1479 995 tempore
1509 942 1725 982 societate

243 997 466 1039 victoriae
496 1002 642 1038 tecum
673 998 903 1052 copulatos
934 996 1046 1038 fore.
1106 995 1350 1051 Reliquum
1379 1002 1462 1049 est,
1492 1002 1541 1039 ut
1570 997 1626 1038 de
1654 1009 1725 1037 me

244 1053 292 1093 id
321 1054 529 1104 scribam,
560 1054 680 1108 quod
709 1058 753 1094 te
783 1066 841 1093 ex
874 1056 1051 1092 tuorum
1082 1052 1230 1094 literis
1267 1056 1313 1093 et
1350 1066 1481 1107 spero
1523 1057 1568 1094 et
1604 1053 1723 1093 malo

243 1121 538 1162 cognoscere:
577 1122 648 1148 me
677 1121 820 1162 neque
850 1107 1004 1148 deesse
1043 1108 1140 1149 ulla
1181 1107 1227 1148 in
1268 1121 1316 1148 re
1357 1121 1499 1163 neque
1529 1121 1724 1163 unquam

243 1163 500 1206 defuturum
530 1162 742 1218 dignitati
770 1167 883 1205 tuae.

239 1370 394 1404 tendum
423 1375 489 1411 est,
514 1380 575 1402 me
602 1379 687 1402 cuin
715 1368 905 1403 codicibus
931 1368 1068 1413 ubique
1094 1368 1281 1402 scribere.-
1318 1378 1388 1402 non
1412 1367 1525 1402 habeo
1553 1369 1639 1414 qnid
1663 1379 1723 1401 re²

238 1418 453 1461 spondeam,
489 1415 583 1450 nihil
615 1417 730 1450 habeo
757 1418 850 1461 quod
873 1418 1119 1461 respondeam.
1158 1417 1233 1451 ΟΒ.
1283 1436 1325 1443 —
1376 1427 1561 1461 suspensa,
1587 1417 1626 1450 in
1652 1428 1717 1464 ge-

237 1472 419 1511 spannter
445 1465 692 1512 Erwartung.
723 1485 765 1491 -
794 1466 1013 1507 legatorum.
1040 1463 1076 1499 S.
1103 1476 1151 1499 zu
1173 1475 1229 1509 ep.
1259 1465 1338 1504 790,
1358 1466 1391 1499 2.
1421 1484 1462 1489 —
1490 1466 1602 1508 Haec,
1628 1464 1719 1498 Ful„

236 1514 389 1562 gendes.
416 1532 456 1538 -
485 1514 528 1546 de
553 1517 585 1546 te
611 1514 796 1555 laborare,
823 1513 1065 1554 contendere,
1090 1512 1224 1547 anniti.
1253 1529 1297 1535 —
1331 1512 1462 1545 salutis
1484 1524 1581 1555 snae,
1607 1524 1720 1558 quam
1766 1552 1773 1558 ,

235 1564 276 1595 in
303 1569 364 1595 tua
390 1562 508 1595 salute
534 1561 697 1605 positam
724 1561 893 1594 credunt.
920 1579 962 1585 —-
991 1560 1201 1603 dignitatis,
1227 1560 1316 1604 quia
1342 1560 1510 1595 iudicant
1534 1573 1638 1595 suam
1664 1572 1719 1594 sa-

234 1611 354 1643 lutem
380 1609 622 1643 coniunctam
655 1620 734 1643 esse
771 1620 858 1642 cum
884 1615 947 1643 tua
972 1608 1170 1656 (lignitate.
1223 1626 1269 1634 —
1318 1618 1427 1651 rege,
1470 1610 1635 1645 Caesare,
1674 1629 1715 1634 -

234 1669 362 1702 regno,
390 1669 477 1692 vom
505 1657 783 1702 Despotismus,
811 1656 1008 1691 dominatu
1032 1656 1200 1694 Antonii.

326 1731 359 1764 2.
389 1729 560 1769 delectus,
588 1727 1009 1775 Truppenaushebung.
1039 1747 1084 1753 —
1119 1728 1272 1762 habetur
1297 1740 1318 1763 a
1344 1729 1495 1764 consule
1519 1729 1643 1762 Pansa.
1670 1745 1716 1752 —-=

230 1787 268 1811 se
303 1777 477 1821 offerunt,
510 1776 593 1811 sich
626 1789 715 1811 zum
747 1777 1033 1824 Kriegsdienste
1070 1777 1253 1819 erbieten,
1292 1777 1441 1812 stellen.
1495 1796 1538 1802 —
1590 1777 1716 1818 ardor,
1780 1787 1782 1789 ’

233 1825 474 1860 brennender
513 1825 627 1859 Eifer
667 1825 734 1858 hat
779 1824 861 1859 sich
896 1825 1009 1859 Aller
1051 1826 1203 1860 Herzen
1239 1825 1473 1862 henneistert.
1538 1823 1602 1858 Sic
1638 1824 1710 1858 Md.
1778 1843 1781 1854 ι

229 1875 347 1919 Neap.
377 1875 458 1907 Asc.
478 1875 506 1907 1.
533 1873 634 1907 Crat.
662 1874 810 1909 Vict.2.
842 1873 967 1906 Lamb.
995 1883 1117 1917 occup.
1144 1875 1253 1906 anim.
1279 1873 1372 1908 hom.
1397 1874 1494 1907 Vict.
1513 1875 1546 1909 2.
1573 1872 1711 1907 Graev-

230 1922 322 1955 Ern.
350 1921 486 1955 Bened.
516 1921 603 1955 seh.
629 1921 721 1954 Liin.
751 1921 824 1954 ΟΠ.
854 1939 895 1945 -
942 1921 1089 1955 Hirtius
1115 1922 1258 1961 consul,
1286 1921 1352 1966 qui
1378 1933 1425 1955 ex
1449 1927 1598 1956 senatus
1624 1931 1713 1954 con-

229 1970 329 2003 sulto
355 1970 400 2003 ad
428 1969 574 2003 bellum
598 1970 792 2015 profectus
820 1976 912 2003 erat.
939 1969 1022 2003 Vid.
1050 1969 1218 2015 Philipp.
1241 1970 1323 2004 VII.
1353 1988 1395 1994 —
1435 1970 1577 2003 Caesar
1600 1979 1712 2010 meus,

230 2018 403 2051 Octavius
431 2018 581 2063 privato
608 2017 770 2051 consilio
805 2018 849 2050 ab
882 2018 973 2051 urbe
1013 2018 1053 2050 in
1085 2017 1250 2052 Galliam
1288 2018 1508 2052 citeriorem
1533 2017 1711 2050 adversus

229 2066 433 2099 Antonium
468 2068 670 2111 profectus.
711 2065 820 2099 SCH.
880 2066 1005 2099 Mein
1039 2065 1187 2100 C'asar
1225 2083 1267 2089 -—
1302 2065 1391 2099 ach!
1427 2066 1495 2099 der
1516 2064 1614 2099 nach
1641 2064 1714 2097 eilf

229 2113 432 2148 Monathen
460 2114 541 2146 sein
567 2113 837 2148 Todesurtheil
863 2114 1015 2158 sprach.
1070 2132 1113 2139 -
1163 2114 1286 2148 societ.
1311 2115 1395 2149 vict.
1431 2117 1496 2147 tec.
1521 2124 1599 2157 cop.
1616 2113 1713 2154 sore

228 2162 252 2193 i.
281 2173 311 2195 e.
348 2172 587 2195 communem
626 2162 818 2195 habituros
854 2168 979 2194 tecum
1006 2161 1228 2201 victoriam,
1269 2161 1349 2204 die,
1382 2161 1456 2195 wie
1490 2160 1555 2194 ich
1589 2159 1707 2202 huffe,

228 2209 321 2243 iiber
345 2209 447 2242 Kurz
473 2209 538 2242 der
564 2209 925 2256 gemeinschaftlich
953 2210 1175 2243 erworbene
1202 2209 1453 2255 Siegeskranz
1490 2209 1543 2242 im
1571 2208 1706 2242 sohb'n-

226 2264 308 2291 sten
335 2257 495 2290 Vei-eine
521 2258 591 2290 mit
617 2258 687 2291 Dir
714 2257 947 2291 schmiieken
975 2257 1084 2291 wird.
1136 2257 1323 2291 Victoriae
1359 2257 1513 2292 societas
1553 2268 1612 2291 eos
1651 2267 1709 2289 ar-

225 2307 320 2339 ctius
347 2311 471 2339 tecum
499 2305 701 2349 copulabit,
731 2306 946 2353 coniunget.
