1795 3086
209 87 272 135 78
492 89 556 133 M.
587 89 644 133 Τ.
678 70 1023 132 clcERoNJs
1054 87 1429 133 EmsTomE.

209 200 479 257 gratissima.
538 201 642 243 Hoc
669 201 709 242 si
738 201 823 242 tibi
852 200 1034 244 fortuna
1062 201 1253 256 quadam
1282 201 1563 257 contigisset,
1591 215 1690 257 gra*

208 258 382 299 tularer
419 257 636 298 felicitati
677 261 802 299 tuae:
848 258 930 299 sed
967 259 1164 312 contigit
1208 258 1516 312 magnitudine
1557 271 1691 312 quum

208 315 362 366 animi,
392 316 485 354 tum
515 314 652 355 etiam
681 313 852 368 ingenii
881 318 1015 368 atque
1045 314 1242 356 consilii.
1292 314 1408 368 Legi
1436 315 1556 355 enim
1587 328 1691 356 con-

208 371 385 411 cionem
414 373 551 411 tuam.
609 367 741 411 Nihil
772 370 857 411 illa
884 371 1144 424 sapientius.
1195 370 1267 412 Ita
1294 371 1571 425 pedetentim
1599 374 1693 411 tum

208 438 415 467 accessus
445 438 472 466 a
500 429 546 467 te
575 425 633 467 ad
662 438 841 467 causam
871 425 999 479 facti,
1028 431 1122 468 tum
1152 439 1369 479 recessus,
1416 430 1467 467 ut
1496 439 1566 468 res
1595 426 1693 480 ipsa

207 480 516 522 maturitatem
544 482 631 522 tibi
660 481 1050 523 animadvertendi
1079 482 1276 524 omnium
1306 495 1521 524 concessu
1549 481 1691 524 daret.

206 537 436 578 Liberasti
475 536 619 592 igitur
668 541 715 579 et
752 538 906 579 urbem
946 539 1150 593 periculo
1191 543 1237 580 et
1273 538 1507 581 civitatem
1546 541 1692 579 metut

205 607 349 648 neque
369 593 514 634 solum
543 593 603 635 ad
632 596 805 648 tempus
833 595 1077 635 maximam
1105 595 1352 635 utilitatem
1374 594 1584 647 attulisti,
1615 592 1694 634 sed

205 650 344 691 etiam
361 648 420 691 ad
438 649 707 704 exemplum.
740 649 842 698 Quo
855 649 978 691 facto
1000 650 1262 704 intelligere
1282 651 1416 692 debes
1438 651 1485 691 in
1508 653 1553 691 te
1573 649 1693 705 posi-

205 711 298 747 tam
327 718 425 747 esse
455 719 550 746 rem
578 706 822 761 publicam,
867 706 1040 760 tibique
1076 719 1166 747 non
1195 707 1329 748 modo
1358 706 1565 758 tuendos,
1612 704 1694 746 sed

205 763 342 804 ctiam
368 761 594 803 ornandos
624 775 721 803 esse
752 762 860 802 illos
890 762 1029 814 viros,
1070 775 1097 803 a
1136 763 1296 816 quibus
1336 763 1518 804 initium
1558 761 1694 802 liber-

206 819 314 860 tatis
343 816 598 873 profectum
626 822 708 859 est.
782 816 874 858 Sed
903 816 977 858 his
1007 818 1063 859 de
1094 819 1225 859 rebus
1255 832 1407 859 coram
1437 819 1566 872 plura
1594 830 1696 871 pro-

204 874 398 929 pediem,
437 878 487 915 ut
525 887 670 929 spero.
749 873 824 915 Tu
865 873 1076 928 quoniam
1128 887 1222 914 rem
1262 874 1489 929 publicam
1527 885 1696 927 nosque

204 943 462 1027 consegvas,
490 929 567 972 sac
594 934 644 972 ut
673 928 1026 986 diligentissime
1066 933 1112 972 te
1140 930 1303 985 ipsum,
1342 931 1405 972 mi
1434 929 1696 980 Dolabella,

205 989 332 1028 custo
370 987 450 1028 ias.

410 1125 731 1169 EPISTOLA
769 1124 940 1169 DCCI.
998 1125 1075 1176 (ad
1103 1126 1198 1168 Att.
1228 1125 1365 1169 XIV.
1401 1126 1488 1177 19.)

334 1200 415 1235 Ser.
440 1201 483 1236 in
508 1202 732 1247 Pompeiano
757 1200 876 1236 Nonis
903 1200 986 1235 Mai.
1013 1200 1057 1235 A.
1084 1201 1130 1235 U.
1157 1200 1197 1235 C.
1223 1202 1304 1238 710.
1356 1201 1402 1243 (a.
1429 1201 1472 1237 C.
1497 1201 1573 1241 44.)

425 1268 645 1315 Respondet
670 1268 769 1303 binis
795 1267 923 1302 literis
949 1267 994 1302 ab
1020 1268 1149 1303 Attico
1175 1268 1350 1314 acceptis.
1379 1270 1482 1306 1—6.

728 1334 908 1371 CICERO
940 1335 1122 1371 ATTICO
1148 1336 1188 1371 S.

315 1403 419 1446 Non
447 1403 559 1446 Mai.
590 1417 727 1459 quum
767 1417 912 1445 essem
952 1404 1000 1445 in
1041 1404 1335 1460 Pompeiano,
1374 1405 1530 1460 accepi
1570 1405 1697 1447 binas

207 1475 235 1503 a
264 1464 308 1502 te
339 1461 512 1512 literas,
550 1461 718 1502 alteras
760 1465 893 1502 sexto
933 1459 1024 1512 die,
1073 1462 1240 1502 alteras
1281 1466 1456 1515 quarto.
1513 1461 1586 1502 Ad
1625 1475 1699 1503 su-

207 1518 409 1572 periores
438 1517 582 1571 igitur
609 1517 751 1571 prius.
811 1516 958 1571 Quam
995 1516 1111 1558 mihi
1149 1517 1408 1570 iucundum,
1448 1521 1698 1572 opportune

208 1574 294 1615 tibi
322 1572 578 1615 Barnaeum
609 1573 770 1614 literas
801 1572 1071 1614 reddidisse.
1130 1573 1206 1615 Tu
1244 1586 1353 1615 vero
1394 1586 1496 1614 cum
1525 1573 1698 1626 Cassio,

208 1737 546 1784 Pompeianischen
572 1736 710 1771 Pax-tei.
739 1755 782 1761 —
807 1738 985 1779 fortuna,
1012 1735 1135 1770 durch
1162 1736 1271 1771 einen
1299 1736 1528 1780 Gliicksfau,
1555 1736 1699 1771 Zufall‚

211 1806 253 1813 —
280 1791 383 1831 grat,
400 1786 512 1831 felic.
540 1790 579 1828 t.‚
617 1796 657 1819 so
689 1784 813 1820 wiird'
848 1785 914 1818 ich
940 1784 1043 1820 Dich
1068 1785 1122 1819 als
1150 1785 1261 1819 einen
1297 1785 1532 1820 besonderen
1556 1786 1700 1821 Giinstv

212 1836 298 1884 ling
323 1835 392 1870 der
417 1834 719 1883 Gliicksgb‘ttinn
752 1833 826 1867 mit
848 1833 1079 1869 Wiinschen
1113 1833 1332 1881 begriissen.
1382 1852 1430 1859 -
1478 1834 1699 1878 concionem,

208 1885 310 1919 Rede
336 1883 410 1918 an's
433 1883 545 1917 Volk.
597 1901 641 1907 —
690 1883 752 1916 Ila
775 1882 992 1925 pedetentim
1016 1886 1090 1915 tum
1115 1889 1187 1917 cet.
1232 1882 1332 1926 „mit
1365 1892 1405 1916 so
1440 1893 1698 1930 gemessenem

209 1932 358 1967 Schritt
393 1930 505 1979 gehst
542 1932 604 1966 Du
639 1930 679 1964 in
713 1930 858 1966 Deiner
889 1929 992 1964 Rede
1027 1929 1114 1963 bald
1146 1931 1213 1963 auf
1247 1930 1306 1964 die
1340 1929 1460 1964 Sache
1497 1930 1574 1971 ein,
1611 1931 1699 1965 bald

209 1980 333 2015 ziehst
357 1981 417 2014 Du
441 1978 541 2014 Dich
567 1978 726 2021 zuriick,
752 1978 833 2012 dass
860 1976 922 2011 das
949 1978 1107 2012 Factum
1133 1978 1251 2012 selbst
1275 1989 1347 2012 von
1374 1978 1446 2013 Dir
1470 1980 1722 2026 vorgestellt‘

210 2027 282 2063 mit
306 2028 595 2075 Einwilligung
618 2027 720 2061 aller
745 2026 926 2060 Zuhiirer
950 2026 1021 2060 den
1054 2037 1125 2059 zur
1147 2027 1378 2074 Bestrafung
1411 2026 1600 2074 gereiften
1621 2028 1698 2061 Au-

208 2076 395 2126 genblick
430 2077 501 2111 Dir
535 2076 759 2118 zuwenden,
797 2073 1056 2121 einh'zindigen
1087 2075 1271 2108 musste.“
1320 2075 1419 2110 Eine
1454 2085 1542 2109 vom
1579 2075 1700 2124 Krieg

209 2124 410 2160 entlehnte
436 2123 650 2169 Metapher‚
683 2134 746 2158 wo
779 2134 867 2156 man
893 2124 950 2157 oft
975 2123 1087 2157 einen
1112 2122 1298 2170 Riickzug
1322 2122 1467 2165 macht,
1505 2135 1569 2156 um
1596 2124 1700 2160 desto

209 2173 337 2208 besser
366 2171 648 2207 vorzuriicken.
698 2171 825 2205 Valer.
864 2171 960 2204 Max.
996 2171 1067 2212 111,
1106 2172 1141 2214 6,
1177 2172 1218 2205 1:
1259 2172 1402 2219 Vegeta
1435 2171 1592 2219 ingenia
1625 2183 1701 2218 quo

209 2222 297 2267 plus
325 2232 495 2255 recessus
522 2226 686 2263 sumunt,
711 2220 784 2254 hoc
810 2218 1113 2253 vehementiores
1139 2218 1306 2264 impetus
1332 2219 1458 2267 edun-t.
1503 2220 1559 2254 ita
1581 2222 1698 2265 pedet.

210 2271 256 2304 In
281 2269 458 2314 exemplo
484 2268 598 2302 huius
624 2280 681 2313 ep.
707 2268 753 2301 ad
777 2267 865 2303 Div.
891 2266 1044 2301 additur
1065 2271 1098 2301 et
1122 2268 1328 2310 gradatim.
1365 2266 1484 2302 LUN.
1528 2286 1575 2294 —
1615 2279 1700 2303 con-

208 2329 313 2353 sensu
339 2319 422 2352 Asc.
451 2319 481 2351 1.
510 2316 613 2351 Crat.
639 2316 768 2350 Lamb.
1486 2340 1489 2341 γ

307 2367 340 2402 8.
388 2366 438 2399 ud
463 2369 612 2408 tempus,
638 2366 703 2397 fiir
727 2364 799 2397 den
825 2362 1083 2410 Augenblick‚
1109 2364 1175 2396 auf
1200 2362 1285 2397 eine
1311 2363 1399 2398 Zeit
1420 2364 1524 2411 lang.
1564 2382 1613 2389 —
1653 2365 1703 2398 ad

211 2414 380 2458 exempl„
404 2413 446 2447 in
470 2411 653 2446 Hinsioht
678 2411 740 2445 des
767 2411 963 2457 Beispiels.
1015 2412 1064 2445 ad
1098 2422 1154 2444 ez.
1175 2411 1294 2455 sacti.
1325 2405 1549 2455 Intelligere
1583 2413 1698 2447 Oxon.

214 2467 248 2498 l.
275 2463 401 2506 Oliv.;
425 2466 468 2495 ut
492 2460 588 2495 olim
614 2460 812 2507 legebatur
844 2460 884 2493 in
910 2461 955 2495 D.
1004 2460 1117 2494 Nunc
1154 2466 1299 2495 constat
1335 2472 1355 2495 e
1387 2459 1462 2496 Md.
1499 2461 1614 2503 sacto
1648 2461 1700 2494 ibi

212 2522 364 2555 quoque
391 2508 665 2544 restituendum
692 2508 809 2543 fuisse
838 2519 906 2554 quo
922 2509 1050 2551 sacto.
1088 2507 1286 2542 ORELLI.
1340 2509 1415 2545 Quo
1434 2508 1546 2551 facto
1581 2509 1699 2557 signi-

213 2560 302 2593 ficat
327 2558 424 2603 quod
448 2568 554 2602 quum
575 2557 803 2601 ita-feceris.
854 2577 896 2582 —
947 2556 1100 2591 ornanti.
1137 2566 1223 2599 esse,
1265 2557 1348 2593 dass
1386 2559 1445 2592 Du
1479 2556 1577 2591 auch
1604 2556 1699 2590 nach
1752 2596 1754 2600 ‚

215 2607 420 2641 Verdienst
443 2605 697 2641 auszeichnen
724 2607 895 2639 iniissest.
924 2625 965 2631 -—

309 2677 341 2709 1.
391 2673 488 2708 Non.
524 2672 635 2715 Mai„
669 2683 728 2705 am
764 2674 797 2708 7.
828 2671 912 2705 Mai.
964 2691 1008 2697 --
1058 2652 1158 2705 sexto
1193 2672 1250 2706 die
1286 2673 1366 2707 scil.
1404 2679 1488 2707 ante
1525 2671 1699 2716 scriptas,

213 2722 323 2758 seehs
349 2721 451 2767 Tage
477 2721 543 2755 alt.
587 2741 629 2748 —
671 2732 750 2755 cum
777 2720 909 2754 Cassio
932 2719 985 2754 ita
1012 2720 1140 2767 egisti,
1177 2724 1213 2754 ut
1239 2725 1376 2763 cetera,
1409 2721 1531 2755 Deine
1558 2720 1698 2754 Unter-

215 2771 361 2818 redung
396 2771 465 2804 mit
502 2769 648 2804 Cassius
684 2780 765 2804 war
800 2779 852 2810 so,
891 2768 968 2805 wie
1003 2768 1067 2803 ich
1102 2778 1175 2803 von
1210 2769 1283 2803 Dir
1320 2770 1498 2818 gewohnt
1534 2768 1607 2803 bin.
1658 2786 1698 2791 -
