1795 3086
401 75 717 118 EPISTOLA
751 76 1201 120 DCCCXXXVIII.
1453 77 1546 125 343

146 185 462 228 EPISTOLA
496 185 950 228 DCCCXXXVIII.
1012 190 1089 240 (ad
1121 189 1225 231 Div.
1259 188 1345 229 XI.
1379 194 1466 239 20.)

192 266 273 299 ser.
301 265 512 311 Eporediae
541 265 600 300 lx.
629 263 709 298 Kal.
739 265 818 299 lun.
847 267 887 300 A.
919 268 963 302 U.
991 269 1031 302 c,
1061 270 1141 304 711.
1191 271 1239 311 (a.
1266 269 1305 303 c.
1333 269 1409 310 43.)

61 338 214 373 Timere
249 351 287 383 se
315 338 447 372 scribit
473 336 665 371 Ciceronis
691 348 799 371 causa
833 351 992 384 eumque
1027 347 1173 384 monet,
1203 346 1246 375 ut
1279 347 1540 375 veteranorum

494 385 640 418 animos
666 386 738 419 sibi
765 387 961 422 conciliet.
992 391 1107 423 1—4.

426 457 469 490 D.
499 455 694 489 BRUTUS
721 456 757 490 S.
786 458 829 491 D.
858 459 906 492 M.
933 458 1178 493 CICERONI.

168 524 300 573 Quod
330 536 410 576 pro
440 536 510 563 me
541 537 628 564 non
660 523 794 569 facio,
826 524 873 564 id
904 539 985 578 pro
1016 528 1059 565 te
1090 523 1240 565 facere
1271 538 1395 568 amor
1417 541 1538 568 meus

9 605 10 628 3
56 581 100 619 in
132 583 174 620 te
204 585 365 633 tuaque
395 579 554 620 officia
583 585 762 633 cogunt,
794 584 844 619 ut
866 580 1059 621 timeam.
1117 580 1261 635 Saepe
1283 582 1399 623 enim
1422 582 1537 623 mihi

9 630 10 639 ¹
55 650 188 689 quum
228 638 346 675 esset
384 635 554 676 dictum
596 650 737 690 neque
782 649 809 676 a
837 649 905 676 me
937 640 1256 689 contemptum,
1294 638 1537 679 novissime

54 692 205 732 Labeo
236 690 457 745 Segulius,
486 691 621 732 homo
651 692 736 732 sibi
767 692 1034 743 simillimus,
1082 696 1235 732 narrat
1262 692 1376 733 mihi
1417 694 1535 748 apud

53 747 290 788 Caesarem
321 760 368 787 se
398 747 538 788 fuisse
566 749 844 802 multumque
874 761 1123 789 sermonem
1162 747 1217 789 de
1256 752 1300 788 te
1329 748 1533 790 habitum

0 802 1 805 ’
51 816 169 844 esse:
189 803 336 857 ipsum
350 802 589 845 Caesarem
610 803 726 844 nihil
748 817 852 844 sane
866 804 922 844 de
942 807 987 844 te
1011 806 1230 858 questum,
1251 804 1340 845 nisi
1361 805 1532 845 dictum

51 858 169 913 quod
199 860 372 900 diceret
399 863 444 900 te
474 860 663 910 dixisse,
694 859 964 900 laudandum
994 859 1338 911 adolescentem,
1369 873 1532 901 ornan-

50 917 169 968 dum,
201 915 473 956 tollendum:
513 929 560 955 se
589 928 677 956 non
707 928 803 955 esse
833 915 1188 967 commissurum,
1217 917 1268 955 ut
1297 916 1401 956 tolli
1431 930 1532 970 pos-

6 1000 7 1005 =
48 973 123 1012 sit.
182 971 285 1011 Hoc
314 984 395 1024 ego
425 970 680 1012 Labeonem
709 970 845 1012 credo
884 971 957 1012 illi
989 972 1196 1013 retulisse
1234 973 1312 1012 aut
1340 970 1530 1013 finxisse

48 1026 235 1078 dictum,
277 1040 365 1066 non
405 1028 460 1068 ab
501 1026 783 1068 adolescente
824 1028 1061 1081 prolatum.
1129 1027 1382 1068 Veteranos
1422 1039 1530 1068 vero

48 1081 240 1137 pessime
262 1082 389 1137 loqui
413 1083 594 1125 volebat
615 1083 768 1124 Labeo
793 1097 864 1124 me
888 1083 1075 1124 credere
1106 1087 1152 1124 et
1181 1082 1267 1124 tibi
1296 1084 1352 1124 ab
1381 1082 1440 1123 iis
1463 1081 1530 1123 in-

4 1143 5 1168 1
45 1142 164 1179 stare
181 1139 453 1192 periculum:
483 1138 767 1194 maximeque
785 1139 1029 1194 indignari,
1051 1139 1171 1194 quod
1189 1139 1236 1179 in
1257 1137 1529 1180 decemviris

4 1209 5 1235 3
45 1208 188 1249 neque
219 1194 386 1236 Caesar
414 1208 558 1249 neque
588 1208 672 1249 ego
703 1195 848 1236 habiti
878 1209 1073 1237 essemus
1116 1199 1250 1250 atque
1291 1193 1441 1236 omnia
1467 1194 1527 1235 ad

140 1351 171 1384 1.
199 1360 303 1382 amor
327 1359 427 1383 meus
451 1348 490 1383 in
516 1352 560 1382 te,
593 1347 656 1383 Sic
683 1348 755 1382 Md.
784 1348 879 1383 Vict.
908 1352 939 1383 1.
965 1350 998 1384 2.
1033 1361 1142 1383 amor
1165 1349 1202 1385 in
1227 1356 1262 1385 te
1288 1363 1389 1387 meus
1424 1352 1523 1386 Crat.

2 1417 3 1426 κ
43 1409 141 1431 meus
165 1396 204 1430 in
230 1401 265 1430 te
288 1408 394 1430 amor
419 1397 588 1441 quaesita
613 1397 802 1445 elegantia
827 1397 924 1432 Cett.
953 1397 1028 1430 ΟΠ.
1062 1416 1104 1422 --
1147 1400 1298 1434 scilicet
1321 1405 1358 1434 ue
1382 1401 1526 1434 timeam

2 1445 3 1451 ¹
41 1454 105 1480 tua
130 1457 249 1479 causa.
286 1463 328 1470 --
374 1449 624 1489 contemptum,
651 1445 885 1494 neglectum,
918 1445 1150 1481 unbeachtet
1183 1448 1294 1482 blieb.
1343 1448 1524 1483 N'a'mlich

41 1506 119 1528 was
147 1493 324 1527 Octavian
349 1493 427 1526 und
453 1493 512 1526 die
538 1494 750 1527 Veteranen
783 1493 878 1528 iiber
904 1493 1039 1528 Cicero
1064 1494 1227 1529 dachten
1254 1496 1332 1530 und
1356 1497 1524 1531 redeton.

0 1546 1 1580 ξ
43 1562 84 1567 -
113 1542 233 1575 Labeo
260 1542 442 1583 Segulius,
470 1541 507 1575 S.
536 1552 593 1586 ep.
620 1543 702 1584 846,
730 1543 763 1576 1.
793 1559 836 1566 ——-
863 1540 969 1576 Ιιοηιο
994 1542 1067 1576 sibi
1091 1542 1212 1577 simin.
1239 1544 1262 1577 i.
1281 1555 1310 1577 e.
1338 1551 1525 1591 perpetuo

0 1604 1 1612 ¹
39 1590 176 1633 malus,
202 1589 467 1633 nequissimus,
494 1589 554 1623 ein
582 1589 749 1632 Memeh,
784 1590 853 1624 dex·
877 1589 961 1623 sich
987 1590 1126 1624 immet·
1150 1592 1243 1626 auf‘s
1267 1593 1368 1627 Haar
1392 1592 1524 1640 gleich

0 1670 1 1675 ,
40 1639 99 1672 ist.
127 1638 198 1671 sici
223 1638 295 1671 Md.
327 1644 368 1671 ut
404 1637 516 1671 etiam
544 1638 584 1670 in
611 1638 807 1684 Inscriptt.
836 1645 873 1672 et
898 1638 938 1672 in
964 1638 1030 1672 Cd.
1059 1640 1265 1674 Frontonis
1302 1641 1523 1686 saepissime

37 1698 70 1720 v.
100 1693 156 1720 est
180 1697 252 1732 pro
280 1685 313 1721 b.
351 1685 449 1722 vict,
476 1688 509 1721 2.
548 1686 670 1720 Hinc:
707 1689 766 1720 sui
802 1686 894 1720 cdd.
927 1687 1050 1720 multi.
1082 1688 1199 1733 Neap.
1235 1688 1324 1723 Asc.
1354 1691 1383 1723 l.
1417 1690 1521 1724 Crat.

38 1734 167 1768 Lamb.
195 1733 330 1770 Bened.
359 1733 436 1767 ΟΒ.
475 1753 519 1758 —-
561 1738 704 1768 narrat.
731 1734 793 1768 Sic
819 1734 894 1768 Md.
919 1735 1016 1769 Vict.
1047 1736 1077 1769 1.
1105 1736 1241 1770 Graev.
1269 1737 1407 1772 Bened.
1433 1747 1521 1771 nar-

38 1783 138 1817 ravit
165 1794 211 1816 ex
237 1782 392 1826 antiqua
417 1788 577 1816 correct.
605 1782 706 1816 Crat.
741 1783 838 1816 Vict.
867 1785 900 1818 2.
934 1782 1065 1817 Lamb.
1088 1784 1182 1818 ΕΠ).
1217 1785 1306 1819 seh.
1332 1786 1429 1819 min.
1475 1786 1521 1820 In

36 1831 217 1865 Cicerone
258 1830 290 1864 si
321 1841 516 1872 versarer,
559 1830 671 1865 illico
710 1831 951 1876 recepissem.
989 1831 1063 1868 ΟΒ.
1112 1851 1154 1856 -
1207 1833 1406 1867 Caesarem
1431 1833 1458 1870 i.
1487 1844 1518 1867 e.

36 1879 294 1914 Octavianum.
347 1896 389 1901 -
438 1879 576 1912 dictum
600 1879 692 1912 Ern.
719 1880 731 1923 [
779 1880 791 1923 ]
818 1879 893 1913 del.
922 1879 1012 1914 sch.
1038 1880 1132 1913 Liin.
1158 1892 1243 1914 cum
1269 1882 1403 1916 Dresd.
1432 1886 1519 1916 tert.

36 1928 157 1961 Male:
194 1928 264 1960 cfr.
302 1926 542 1960 Plancianam
567 1938 598 1960 c.
623 1928 682 1962 34.
720 1927 882 1972 Philipp.
909 1930 941 1964 2.
969 1939 999 1960 c.
1029 1929 1083 1963 17.
1111 1929 1161 1962 ad
1183 1930 1266 1963 Div.
1296 1932 1351 1969 12,
1379 1931 1434 1964 16.
1464 1929 1520 1962 di-

35 1980 131 2009 ctum
156 1981 211 2009 est
236 1974 437 2018 dicterium,
463 1986 535 2019 quo
563 1975 745 2009 vocabulo
757 1975 894 2010 Cicero
920 1987 994 2010 non
1011 1977 1144 2017 utitur,
1170 1978 1243 2014 sed.
1271 1990 1305 2011 v.
1327 1989 1357 2012 c.
1375 1977 1519 2012 Fronto

35 2036 73 2069 p.
100 2024 180 2059 240.
207 2023 274 2055 Ed.
302 2023 433 2056 Rom:
460 2028 498 2056 ut
523 2023 707 2057 Laberius
722 2024 808 2066 (ait)
834 2024 1093 2068 ‹lictobolaria‚
1119 2025 1227 2059 immo
1252 2026 1428 2069 dicteria,
1450 2037 1516 2069 po*

35 2073 108 2105 iius
133 2071 364 2114 (Senecam),
391 2083 496 2114 quam
525 2072 626 2105 dicta
651 2073 843 2106 continere.
873 2073 946 2106 ΟΒ.
974 2092 1017 2097 -
1044 2073 1252 2118 tollendum,
1278 2086 1367 2108 man
1391 2077 1516 2107 iniisse

35 2119 105 2153 ihn
132 2119 347 2153 besordern.
399 2120 476 2153 Eia
500 2120 777 2167 zweideutiger
802 2120 1028 2161 Ausdruck,
1066 2121 1134 2155 der
1158 2122 1309 2157 sowohl
1343 2135 1401 2156 zu
1425 2121 1515 2156 Eh-

34 2179 143 2209 ren‚
170 2167 224 2201 als
251 2167 298 2200 in
325 2168 436 2201 eine
462 2167 635 2202 andere
661 2168 800 2204 Welt
827 2168 1083 2203 befb'rdern
1110 2169 1145 2203 d,
1171 2170 1197 2203 i.
1223 2171 1353 2205 tb'dten
1380 2170 1516 2204 bedeu-

33 2222 99 2251 tet.
152 2217 209 2250 lm
235 2216 424 2250 letzteren
449 2216 567 2250 Sinne
593 2215 708 2250 nahm
735 2217 914 2251 Octavian
941 2217 1002 2250 das
1029 2217 1147 2253 Wort
1173 2220 1248 2252 auf.
1299 2219 1434 2252 Vellei.
1460 2219 1512 2256 11.

33 2266 100 2300 62:
127 2265 210 2297 Hoc
236 2269 292 2297 est
318 2263 416 2297 illud
441 2271 610 2310 tempus,
649 2275 722 2309 quo
750 2265 883 2300 Cicero
908 2265 1020 2299 insito
1046 2277 1175 2300 amore
1198 2267 1512 2312 Pompeianarum

36 2313 200 2358 partium
239 2312 434 2345 Caesarem
470 2312 698 2346 laudandum
732 2320 768 2347 et
800 2314 1015 2348 tollendum
1043 2315 1234 2356 censebat3
1269 2326 1382 2360 quum
1410 2314 1514 2348 aliud

34 2361 190 2401 diceret,
215 2359 318 2393 aliud
343 2360 514 2408 intelligi
549 2361 678 2394 vellet.
729 2361 882 2396 Sueton.
921 2362 961 2395 in
987 2361 1080 2410 Aug.
1108 2374 1142 2398 c.
1172 2365 1227 2398 12.
1280 2384 1322 2389 -α
1371 2373 1443 2397 non
1469 2362 1514 2395 ab

34 2409 149 2451 adol.‚
176 2408 246 2441 der
271 2408 386 2457 iunge
411 2409 525 2443 C'zisar
549 2408 617 2443 hat
643 2421 683 2443 es
710 2409 820 2444 nicht
845 2410 1087 2455 ausgeheckt.
1138 2430 1179 2435 —
1222 2410 1379 2454 pessime
1413 2408 1516 2454 loqui

36 2456 80 2489 de
107 2463 156 2490 tc.
192 2475 238 2481 --
288 2456 380 2499 quod
402 2457 440 2489 in
465 2456 687 2491 decemviris.
738 2459 825 2492 Non
852 2459 896 2492 de
919 2458 966 2491 iis
992 2459 1121 2507 agitur
1145 2459 1388 2499 decemviris,
1422 2469 1513 2501 quo-

36 2516 120 2537 rum
148 2516 259 2550 supra
284 2515 343 2548 ep.
370 2506 450 2540 837.
474 2507 574 2539 facta
600 2511 655 2538 est
680 2507 836 2549 mentio,
862 2506 926 2540 sed
951 2506 997 2540 de
1023 2506 1120 2548 aliis,
1147 2508 1212 2550 qui
1230 2513 1323 2540 teste
1341 2506 1515 2551 Appiano

35 2552 81 2585 de
118 2554 156 2586 B.
185 2553 224 2585 C.
263 2553 332 2593 111,
358 2554 416 2594 86,
453 2560 648 2599 postquam
688 2553 910 2588 Octavianus
947 2555 1091 2588 milites
1123 2556 1300 2588 adversus
1343 2561 1514 2589 senatum

34 2601 304 2642 concitaverat,
331 2601 429 2644 quod
454 2601 638 2647 promissa
664 2601 712 2634 iis
741 2602 815 2636 HS.
842 2602 983 2650 viginti
1010 2603 1134 2635 millia
1160 2613 1233 2635 non
1260 2609 1383 2636 essent
1409 2615 1427 2635 a
1455 2613 1513 2636 se—

35 2655 125 2682 natu
159 2648 366 2693 persoluta,
402 2655 482 2682 tum
515 2656 602 2683 sunt
635 2652 767 2690 creati,
800 2658 842 2684 ut
878 2651 1076 2696 pecuniam
1109 2651 1249 2684 duabus
1284 2651 1513 2700 legionibus,

36 2708 127 2740 quae
155 2697 200 2730 de
228 2697 392 2730 Antonio
418 2698 659 2738 transieram,
693 2698 983 2733 distribuerent:
1018 2698 1152 2742 quibus
1189 2710 1227 2731 se
1259 2710 1334 2733 non
1373 2699 1515 2733 adscri-

33 2751 140 2790 ptum
169 2756 247 2779 esse
273 2744 522 2781 vehementer
547 2746 765 2795 indignatus
799 2753 854 2782 est
879 2745 1113 2781 Octavianus.
1147 2747 1257 2782 SCH.
1308 2766 1353 2772 -
1404 2746 1520 2781 habiti

1781 2775 1795 3086 .1:.23<1.2„rm.a-.wm„
1790 2759 1795 2764 l
1794 2745 1795 2749 „
1791 2723 1795 2735 a
1792 2688 1795 2694 .
1794 2646 1795 2652 i
