1795 3086
409 103 720 149 EPISTOLA
751 102 1011 146 DCCLIII.
1042 101 1296 146 DCCLIV.
1494 99 1582 147 189

112 234 197 261 non
222 218 304 260 tibi
334 223 421 261 tam
451 217 663 266 Atticum,
705 215 830 256 cuius
859 228 1098 268 permagna
1137 228 1208 256 res
1246 213 1407 268 agitur,
1451 226 1579 269 quam

113 291 196 329 me,
225 278 302 331 qui
333 290 420 318 non
448 275 587 316 minus
618 273 771 314 laboro
801 283 930 326 quam
959 270 1050 316 ille,
1087 271 1327 325 obligatum
1357 268 1469 312 fore.

170 516 481 560 EPISTOLA
512 512 763 556 Dchlv.
821 511 899 564 (ad
927 511 1020 553 Λα.
1049 509 1181 552 xvl.
1212 512 1276 552 16.
1322 524 1422 566 app.
1452 507 1530 561 F.)

356 592 438 626 Ser.
463 591 563 625 circa
589 589 796 648 1114Quint.
820 589 862 622 A.
891 588 936 621 U.
962 588 1002 621 c,
1029 588 1109 623 71⁰.
1135 587 1184 628 (a.
1212 585 1251 619 c.
1282 587 1354 629 214.)

117 662 259 696 lterum
298 665 400 706 rogat
427 658 660 704 Capitonem,
699 661 740 689 ut
774 653 1060 737 Buthrotiogum
1095 663 1242 687 causam
1277 652 1373 697 apud
1409 653 1586 688 Plancum

695 704 811 738 iuvet.
855 705 965 737 17—1
994 727 1003 736 .

607 770 784 806 CICERO
811 768 1042 804 CAPITONI
1067 766 1106 802 S.

225 843 292 884 17.
335 840 436 882 Non
466 839 635 890 dubito,
665 837 771 892 quin
800 836 962 876 mirere
991 837 1123 888 atque
1147 835 1281 876 etiam
1301 833 1588 879 stomachere.

117 898 234 952 quod
265 902 411 938 tecum
440 897 496 937 de
526 895 677 935 eadem
705 906 750 933 re
780 905 905 945 agam
944 892 1132 945 saepius.
1205 891 1414 932 Hominis
1459 891 1586 931 sami-

119 954 351 993 lim-issimi
408 957 452 992 et
500 950 611 990 mihi
660 948 861 989 omnibus
912 947 1042 987 rebus
1089 947 1445 988 coniunctissimi
1487 961 1585 1001 per-

117 1022 276 1061 magna
313 1021 384 1048 res
429 1007 589 1059 agitur,
629 1004 785 1045 Attici.
863 1002 1067 1057 Cognovi
1108 1017 1189 1058 ego
1229 1009 1304 1044 tua
1352 1003 1500 1044 studia
1539 1003 1586 1042 in

117 1066 295 1115 amicos,
325 1064 458 1103 etiam
489 1062 533 1101 in
561 1066 605 1102 te
635 1061 890 1102 amicorum.
955 1057 1149 1099 Multum
1188 1064 1314 1114 potes
1353 1074 1432 1101 nos
1471 1058 1587 1113 apud

83 1119 337 1159 -Plancum
364 1117 531 1158 iuvare.
588 1115 708 1157 Novi
747 1114 1068 1156 humanitatem
1106 1119 1239 1155 tuam.
1298 1116 1418 1167 Scio,
1457 1128 1586 1170 quam

119 1174 180 1214 sis
210 1173 365 1214 amicis
394 1171 625 1212 iucundus.
681 1171 823 1212 Nemo
853 1184 933 1211 nos
962 1171 1008 1209 in
1038 1169 1122 1210 hac
1151 1184 1284 1212 causa
1311 1172 1412 1225 plus
1438 1159 1652 1212 iuvare18

120 1233 267 1283 potest
305 1241 435 1282 quam
474 1232 533 1268 tu.
607 1227 670 1267 Et
706 1241 776 1267 res
823 1229 888 1267 ita
928 1230 994 1266 est
1028 1224 1171 1270 firma,
1219 1231 1269 1267 ut
1308 1228 1440 1268 debet
1478 1240 1588 1270 esse,

121 1299 251 1338 quam
292 1283 496 1324 consules
535 1282 590 1322 de
627 1281 807 1322 consilii
844 1281 1064 1322 sententia
1102 1282 1408 1329 decreverunt,
1455 1295 1589 1336 quum

120 1346 165 1380 et
193 1341 289 1394 lege
319 1344 364 1379 et
392 1341 568 1379 senatus
598 1338 801 1377 consulto
831 1340 1163 1390 cognoscerent.
1231 1337 1403 1378 Tamen
1443 1337 1590 1378 omnia

119 1397 262 1450 posita
290 1400 488 1449 putamus
527 1393 572 1433 in
602 1392 764 1432 Planci
804 1393 868 1433 tui
899 1392 1190 1432 liberalitate:
1242 1407 1370 1447 quem
1410 1393 1587 1447 quidem

120 1452 389 1492 arbitramur
415 1463 548 1503 quum
577 1448 722 1489 officii
753 1449 821 1488 sui
852 1454 897 1490 et
925 1447 992 1488 rei
1020 1447 1227 1501 publicae
1266 1463 1397 1490 causa
1436 1449 1589 1489 decre-

121 1511 214 1547 tum
242 1505 471 1546 consulum
500 1505 896 1557 comprobaturum,
934 1508 1026 1543 tum
1056 1503 1247 1545 libenter
1275 1510 1428 1546 nostra
1457 1518 1591 1545 causa

123 1575 218 1602 esse
257 1561 491 1602 facturum,
570 1559 815 1600 Adiuvabis
856 1558 1009 1613 igitur,
1054 1557 1118 1598 mi
1156 1560 1338 1615 Capito:
1387 1560 1504 1615 quod
1541 1563 1590 1601 ut

122 1616 277 1662 facias,
305 1615 586 1658 vehementer
617 1615 748 1656 etiam
777 1619 909 1669 atque
938 1614 1072 1655 etiam
1101 1628 1224 1671 rogo.

124 1787 342 1833 bisherigen
367 1785 654 1820 Bittschreiben.
708 1803 751 1809 —
800 1784 901 1818 cuius
926 1807 934 1819 .
960 1808 969 1816 .
996 1809 1004 1817 .
1031 1784 1175 1828 agitur,
1216 1784 1302 1819 dem
1327 1796 1366 1820 es
1390 1784 1497 1819 dabei
1526 1796 1589 1819 um

123 1836 184 1869 ein
208 1835 462 1869 Bedeutendes
490 1834 574 1880 gilt.

267 1905 521 1940 CAPITONI.
572 1904 610 1938 S,
637 1917 683 1937 zu
708 1914 765 1949 ep.
791 1904 869 1939 74⁰.
898 1904 949 1936 im
974 1904 1060 1936 Ans.

219 1981 272 2014 17.
323 1977 511 2019 stomach.‚
554 1976 760 2010 schmollen
796 1976 969 2009 wei-dest.
1020 1996 1064 2001 —
1112 1976 1241 2018 Attici,
1267 1975 1338 2010 mit
1363 1975 1591 2009 Nachdruck

125 2026 426 2073 hintangestellt.
457 2044 495 2050 -
525 2025 721 2058 amicorum
747 2024 877 2059 studia.
915 2045 956 2050 —
998 2025 1098 2058 Novi
1121 2024 1211 2059 Imm.
1239 2029 1277 2067 t.‚
1303 2026 1361 2059 Du
1385 2024 1494 2058 weist
1519 2024 1592 2057 mit

123 2076 191 2109 der
215 2075 326 2110 WVelt
352 2072 601 2120 umzugehen.

220 2148 274 2182 IS.
322 2144 521 2186 imfirma,
556 2155 596 2177 so
630 2145 851 2192 begriindet,
890 2144 929 2176 in
962 2144 1029 2178 der
1072 2144 1265 2192 Ordnung.
1317 2164 1361 2170 -—-
1411 2155 1517 2188 quam
1541 2156 1590 2173 z

125 2195 264 2240 quippc²
291 2194 353 2226 vel
380 2205 493 2237 quum
520 2204 612 2225 eam.
641 2215 681 2219 -
710 2195 751 2226 cle
776 2193 921 2225 consilii
944 2197 1046 2234 sen!.‚
1071 2192 1174 2226 kraft
1201 2193 1300 2226 eines
1312 2192 1592 2226 Sonatsschlus-

124 2255 191 2275 ses.
220 2261 262 2266 —-
300 2252 481 2283 cognosc„
520 2241 582 2273 das
609 2242 729 2275 Recht
755 2241 896 2280 hatten,
939 2241 1030 2273 iiber
1056 2240 1116 2274 die
1142 2248 1221 2274 acta
1248 2241 1412 2274 Caesaris
1438 2253 1485 2273 zu
1509 2246 1592 2274 ent-

126 2289 316 2322 schoiden.
359 2289 395 2323 S.
430 2300 486 2333 ep.
514 2291 593 2329 74⁰,
624 2292 681 2327 11.
736 2308 777 2313 —
824 2289 883 2322 rea·
912 2290 1008 2333 publ.
1041 2299 1148 2322 causa
1188 2290 1212 2322 i.
1251 2300 1282 2323 e.
1317 2289 1418 2334 pacis
1455 2295 1491 2321 et
1522 2287 1589 2322 otii

127 2348 243 2370 causa.
283 2336 318 2369 S.
347 2348 403 2382 ep.
431 2339 511 2379 752,
539 2338 572 2372 8·
