1795 3086
466 77 782 123 EPISTOLA
818 78 1071 123 ncccw.
1180 147 1187 153 ¹
1415 85 1510 135 259

32 197 206 236 tuarum
224 190 468 235 literarum.
524 189 747 232 Recitatis
773 190 932 244 literis,
962 192 1110 234 oblata
1129 192 1289 249 religio
1307 195 1506 239 Cornuto

17 255 121 303 est,
151 249 439 304 pullariorum
458 246 707 294 admonitu,
736 259 824 287 non
846 250 956 289 satis
977 249 1216 303 diligenter
1236 265 1334 292 eum
1357 254 1504 307 auspi-

30 307 115 347 ciis
145 319 327 360 operam
350 304 546 345 dedisse:
576 301 711 357 idque
732 315 758 343 a
783 306 936 344 nostro
963 305 1150 360 collegio
1173 308 1504 361 comprobatum

31 366 110 403 est.
179 362 332 415 Itaque
372 373 443 401 res
479 358 621 399 dilata
658 360 725 398 est
762 357 808 398 in
846 361 1083 413 posterum.
1148 362 1218 402 Eo
1256 368 1402 404 autem
1430 363 1504 405 die

30 430 189 471 magna
228 416 343 459 mihi
383 428 462 470 pro
501 418 577 454 tua
614 413 830 467 dignitate
879 415 1102 455 contentio
1149 430 1248 458 cum
1287 418 1504 461 Servilio:

31 474 107 527 qui
144 487 278 527 quum
315 470 460 527 gratia
497 469 744 521 effecisset,
784 472 833 510 ut
870 483 948 510 sua
984 472 1202 513 sententia
1228 475 1374 526 prima
1401 489 1505 530 pro..

32 530 334 580 nuntiaretur,
374 526 581 579 frequens
611 538 710 565 eum
738 528 911 566 senatus
940 525 1123 580 reliquit
1148 530 1192 566 et
1220 529 1268 569 in
1297 531 1386 571 alia
1413 544 1505 572 om-

31 586 107 625 nia
135 583 364 626 discessit:
405 594 616 634 meaeque
644 581 912 632 sententiae,
953 595 1064 636 quae
1092 583 1284 624 secunda
1313 600 1503 639 pronun-

31 642 142 680 tiata
182 643 301 691 erat,
341 651 476 691 quum
516 636 771 691 frequenter
799 637 1086 678 assentiretur
1113 642 1308 690 senatus,
1347 646 1504 695 rogatu

32 695 214 737 Servilii
251 694 306 736 P.
345 693 494 735 Titius
533 692 792 733 intercessit.
863 691 953 733 Res
995 693 1044 732 in
1082 697 1307 746 posterum
1346 696 1502 740 dilata.

32 751 171 791 Venit
199 752 376 804 paratus
406 748 650 799 Servilius,
690 748 788 789 Iovi
818 748 905 802 ipsi
934 748 1137 802 iniquus,
1167 750 1290 791 cuius
1319 750 1365 791 in
1393 756 1504 793 tem-

33 807 108 861 plo
138 819 208 846 res
238 806 461 859 agebatur.
525 803 656 844 Hunc
683 802 1048 857 quemadmodum
1077 802 1290 858 fregerim
1320 813 1504 860 quanta-

32 876 116 916 que
146 860 428 902 contentione
458 860 632 901 Titium
660 858 999 899 intercessorem
1018 859 1278 913 abiecerim,
1308 875 1365 902 ex
1395 865 1504 906 alio-

35 932 129 958 rum
158 922 202 958 te
232 917 374 957 literis
404 915 522 956 malo
553 926 833 967 cognoscere.
891 914 1039 954 Unum
1068 913 1156 956 hoc
1187 929 1245 956 ex
1274 917 1407 960 meis:
1437 933 1504 960 se-

32 978 158 1014 natus
196 972 398 1026 gravior,
443 969 739 1020 constantior,
795 968 983 1010 amicior
1028 971 1116 1010 tuis
1165 971 1369 1014 laudibus
1409 988 1506 1015 esse

32 1043 119 1068 non
150 1028 316 1081 potuit,
355 1037 484 1080 quam
512 1029 604 1065 tum
632 1023 728 1065 fuit.
793 1023 891 1065 Nec
928 1038 1032 1066 vero
1070 1025 1152 1066 tibi
1191 1032 1366 1070 senatus
1396 1031 1505 1071 ami-

32 1085 152 1134 cior,
182 1095 313 1137 quam
342 1085 500 1122 cuncta
528 1080 700 1121 civitas.
757 1080 1030 1121 Mirabiliter
1058 1082 1174 1122 enim
1202 1085 1387 1138 populus
1412 1084 1505 1127 Ro-

32 1152 185 1181 manus
214 1138 442 1178 universus
473 1139 516 1176 et
539 1135 733 1176 omnium
763 1149 971 1189 generum
1000 1136 1290 1192 ordinumque
1321 1154 1503 1182 consen-

33 1209 107 1236 sus
137 1194 194 1235 ad
223 1193 493 1234 liberandam
533 1191 847 1245 rempublicam
883 1192 1171 1245 conspiravit.
1238 1194 1385 1248 Perge
1420 1197 1505 1250 igi-

34 1255 130 1301 tur,
169 1253 218 1289 ut
255 1250 373 1303 agis,
410 1260 653 1300 nomenque
696 1250 818 1286 tuum
855 1247 1116 1288 commenda
1154 1248 1503 1295 immortalitati:

36 1311 162 1360 atque
193 1304 306 1345 haec
335 1303 504 1354 omnia,
534 1315 642 1355 quae
671 1300 835 1342 habent
863 1302 1056 1355 speciem
1085 1302 1282 1356 gloriae,
1312 1308 1505 1349 collecta

33 1360 302 1402 inanissimis
331 1358 581 1412 splendoris
610 1357 874 1410 insignibus,
903 1361 1157 1408 contemne3
1186 1360 1352 1415 brevia,
1380 1362 1503 1418 suga-

32 1484 192 1518 waltete.
219 1504 262 1510 —
299 1483 426 1516 oblata
450 1481 588 1524 religio
615 1487 687 1515 cet.
719 1481 920 1524 „machten
952 1484 1021 1518 auf
1054 1483 1221 1519 einmahl
1246 1485 1332 1520 dem
1359 1489 1504 1521 Cornu-

34 1539 94 1566 tus
121 1532 181 1564 die
206 1532 357 1565 Wiirter
382 1531 448 1564 der
474 1530 637 1575 heiligen
662 1529 821 1563 Hiihner
845 1530 1155 1566 Bedenklichkeit
1181 1533 1299 1568 durch
1318 1534 1378 1568 die
1392 1536 1503 1569 Erin-

34 1590 197 1623 nerung,
233 1579 314 1612 dass
339 1590 380 1612 er
405 1579 469 1611 der
495 1579 587 1611 eben
612 1577 870 1622 geschehenen
904 1579 1265 1626 Vogelbeschauung
1289 1583 1394 1616 nicht
1418 1584 1504 1617 hin-

34 1628 220 1673 liingliche
235 1626 573 1660 Aufmerksamkeit
597 1625 800 1670 gewidmet
824 1626 962 1665 habe‚‘⁴
1009 1630 1058 1662 Es
1084 1630 1238 1663 wurden
1256 1631 1423 1665 niimlich
1439 1633 1506 1666 auf

0 1698 4 1710 ,ι
34 1679 174 1711 Kosten
202 1676 265 1708 des
291 1674 412 1709 staats
435 1675 571 1719 heilige
607 1674 720 1717 iunge
752 1674 905 1709 Hiihner
935 1675 973 1710 in
1006 1677 1132 1711 einem
1162 1678 1360 1723 tragbaren
1392 1681 1504 1726 Kfifig

35 1723 289 1765 ausbewahrt,
315 1724 380 1756 auf
403 1723 514 1755 deren
537 1720 766 1755 vorzeichen
799 1733 883 1755 man
907 1733 974 1758 vor
997 1724 1104 1758 ieder
1129 1725 1338 1771 wichtigen
1363 1726 1503 1761 staats-

35 1770 324 1820 angelegenheit
350 1770 512 1805 achtete.
569 1770 659 1803 Dass
690 1769 752 1802 die
782 1771 931 1815 pullarii
965 1772 1025 1805 die
1048 1772 1286 1819 Erinnerung
1310 1775 1517 1818 machten„

0 1832 7 1852 n
35 1822 99 1854 das
125 1819 276 1853 verrath
302 1819 413 1852 einen
439 1830 511 1852 von
538 1817 609 1850 den
626 1817 880 1852 Antonianern
906 1819 1131 1864 gemachten
1144 1821 1326 1864 versuch,
1352 1824 1417 1857 fiir
1442 1824 1504 1857 die

36 1867 339 1913 Gegenwirkung
362 1867 465 1900 ihrer
490 1866 616 1900 Partei
641 1866 740 1899 noch
767 1866 871 1900 einen
896 1870 977 1913 Tag
1003 1868 1085 1902 Zeit
1109 1880 1156 1903 zu
1179 1871 1393 1914 gewinnen;
1430 1883 1503 1906 was

3 1923 6 1956 ξ
36 1918 152 1951 ihnen
178 1916 318 1960 gelang.
345 1933 387 1939 -
416 1926 438 1948 α
463 1918 587 1947 nostro
613 1913 789 1956 collegio,
822 1926 1023 1961 augurum,
1058 1927 1101 1950 ex
1127 1918 1259 1962 quibus
1285 1919 1431 1953 Cicero.
1456 1939 1500 1946 —

36 1964 194 2000 Servilio
219 1964 244 1996 i.
271 1975 301 1995 e.
332 1975 420 1996 cum
445 1964 479 1996 P.
498 1962 655 1996 Servilio
683 1962 863 2003 Isaurico,
891 1966 954 2009 qui
980 1976 1064 1999 cum
1091 1966 1247 1999 Caesare
1272 1968 1504 2002 consulatum

37 2018 211 2058 gesserat.
237 2011 443 2045 MANUT.
469 2029 517 2035 —
541 2010 579 2043 in
604 2010 683 2043 alia
707 2011 825 2044 omnia
849 2012 1032 2056 discessit,
1058 2013 1124 2047 der
1148 2014 1235 2047 eine
1259 2013 1410 2057 hiehin‚
1437 2017 1505 2050 der

35 2061 172 2095 andere
197 2058 361 2093 dorthin.
387 2058 423 2092 S.
452 2070 512 2104 ep.
540 2059 596 2092 95.
629 2076 674 2082 —
697 2059 938 2103 frequenter,
968 2063 1064 2095 Crat.
1090 2062 1217 2095 Lamb.
1235 2062 1430 2107 frequens.
1459 2082 1503 2090 —

33 2109 79 2145 P.
108 2107 223 2142 Titius
255 2107 423 2140 tribunus
455 2106 590 2152 plebis.
624 2105 711 2138 vid.
743 2107 852 2141 Dion.
886 2108 1016 2142 XLVI.
1050 2109 1251 2145 MANUT.
1285 2129 1329 2137 --
1362 2112 1504 2154 intere„

7 2156 13 2201 {2
34 2163 110 2190 trat
133 2156 205 2190 mit
230 2156 370 2189 seinem
403 2156 502 2188 Veto
535 2153 789 2197 dazwischen3
823 2156 905 2190 dass
938 2157 1106 2191 nsmlich
1138 2159 1205 2193 auf
1234 2158 1402 2194 Cicero's
1426 2161 1504 2194 An-

34 2211 120 2250 trag
144 2205 255 2237 heute
278 2203 378 2237 noch
404 2202 492 2237 kein
516 2202 836 2236 Senatsbeschluss
862 2205 1030 2249 erfolgen
1056 2205 1179 2240 diirfe.

133 2252 209 2287 4-5.
234 2256 402 2295 paratus,
429 2261 550 2296 gegen
570 2250 672 2284 mich
691 2254 881 2296 geriistet‚·
910 2264 1024 2298 quum
1043 2253 1243 2289 meditatus
1268 2261 1363 2289 esset
1387 2256 1506 2290 ratio-

10 2293 11 2304 *
36 2311 120 2340 nes,
148 2299 279 2345 quibus
302 2299 585 2334 seffconsidebat
609 2299 839 2344 superiorem
864 2302 1032 2335 futurum
1057 2313 1136 2336 esse
1154 2303 1274 2349 deque
1299 2315 1358 2338 me
1382 2306 1504 2338 victo-

35 2348 131 2382 riam
155 2354 449 2392 reportaturum.
476 2365 520 2372 —
546 2346 645 2380 cuius
664 2347 708 2380 in
733 2349 861 2392 templo
886 2350 1115 2395 Capitolino.
1176 2351 1323 2397 Iupiter
1351 2351 1403 2385 als
1433 2354 1504 2387 Be-

12 2406 13 2423 1
37 2396 208 2429 schiitzer
242 2395 308 2429 der
339 2395 524 2440 Republik
555 2400 692 2429 musste
717 2406 756 2428 es
779 2403 845 2439 gut
869 2396 1033 2440 heissen,
1070 2409 1179 2432 wenn
1203 2412 1288 2435 man
1317 2400 1354 2433 in
1380 2400 1506 2434 seiner

37 2444 261 2488 Gegenwart
285 2443 346 2476 die
371 2442 750 2487 Ehrenbezeigungen
773 2444 838 2478 fiir
861 2446 1021 2480 Plancus
1047 2447 1252 2486 beschloss,
1303 2448 1382 2480 Der
1408 2448 1508 2493 Geg-

38 2503 107 2525 ner
130 2491 303 2525 Servilius
328 2491 509 2525 handelte
544 2491 621 2524 also
654 2491 705 2525 als
737 2490 796 2525 ein
826 2493 908 2528 Iovi
939 2494 1012 2541 ipsi
1043 2495 1211 2541 iniquus,
1243 2495 1329 2530 dem
1362 2496 1511 2541 Iupiter

18 2551 123 2573 :zum
157 2541 307 2573 Trotze.
340 2558 387 2565 —
420 2539 636 2583 fregerim,
684 2539 897 2585 zerknickt‚
935 2544 1072 2577 miirbe
1103 2543 1280 2588 gemacht
1312 2543 1426 2581 habe.
1462 2562 1507 2570 --

16 2587 188 2630 ‘interc.‚
221 2587 295 2620 den
329 2585 616 2632 Vetosprecber.
650 2605 694 2611 —
730 2586 864 2630 abice„
896 2591 1080 2625 herunter
1113 2591 1290 2636 gemacht
1321 2591 1429 2625 habe.
1463 2610 1508 2618 -

39 2635 109 2668 tuis
135 2635 321 2676 laudibus,
346 2635 412 2669 fiir
436 2635 556 2669 Deine
579 2633 695 2669 Ehre.
721 2653 768 2659 —
792 2646 880 2671 nom.
906 2663 915 2672 .
943 2663 951 2672 .
981 2639 1205 2682 commenda,
1232 2646 1340 2687 trage
1363 2640 1510 2674 Deinen

18 2682 176 2725 §Namen
202 2684 240 2717 in
267 2683 330 2716 das
355 2683 462 2717 Buch
498 2683 564 2716 der
596 2683 918 2719 Unsterblichkeit
952 2687 1023 2721 ein.
1056 2705 1098 2711 —
1132 2687 1302 2729 speciem,
1338 2698 1406 2721 nur
1438 2688 1510 2722 den

40 2729 187 2765 Schein.
222 2751 265 2757 -—
299 2731 454 2765 collecta
486 2730 707 2766 inanissimis
739 2733 804 2777 spl.
829 2732 986 2778 insign„
1018 2746 1120 2777 „was
1146 2746 1211 2769 aus
1243 2736 1315 2770 den
1340 2736 1512 2782 nichtig-

20 2789 22 2797 ’
105 2810 163 2837 cic.
184 2810 286 2837 Briese
307 2819 332 2836 v.
358 2809 485 2837 amerb.
523 2808 574 2835 iv.
1056 2789 1113 2830 19
