1795 3086
377 100 693 144 EPISTOLA
729 99 948 144 DCCCV.
979 102 1230 148 Dcccvl.
1456 105 1547 154 287

66 226 225 268 magna
253 214 412 255 merita
456 213 592 255 claris
629 210 738 255 viris
766 209 965 256 defertur
993 217 1036 257 et
1063 215 1207 258 datur.
1276 213 1452 269 Quare,
1489 218 1551 260 sit
1586 230 1615 269 2

65 271 198 311 modo
227 269 375 323 aliqua
403 282 475 310 res
503 269 697 323 publica,
727 268 773 309 in
796 283 882 324 qua
898 269 1036 313 honos
1065 273 1240 313 elucere
1269 273 1426 326 possit,
1456 286 1550 314 om-

67 326 217 377 nibus,
247 325 356 366 mihi
386 325 542 378 crede,
581 324 868 379 amplissimis
906 325 1144 369 honoribus
1183 327 1435 370 abundabis.
1502 330 1550 371 Is

67 385 235 434 autem,
277 382 354 437 qui
393 394 494 423 vere
537 380 750 434 appellari
787 384 932 435 potest
969 381 1134 434 honos,
1172 397 1260 425 non
1288 384 1549 426 invitamen-

65 441 158 477 tum
207 436 265 478 ad
308 440 503 491 tempus,
555 436 635 476 sed
682 441 920 490 perpetuae
969 438 1147 479 virtutis
1186 443 1254 481 est
1290 440 1546 494 praemium.

65 493 379 544 Quamobrem,
408 492 468 531 mi
487 491 669 542 Plance,
698 492 902 534 incumbe
930 495 1026 542 toto
1055 497 1237 548 pectore
1267 496 1325 536 ad
1351 496 1549 546 laudem3

64 548 246 590 subveni
274 547 468 601 patriae3
497 547 718 601 opitulare
747 548 968 602 collegae;
1004 548 1198 590 omnium
1225 551 1417 604 gentium
1446 566 1549 594 con-

65 617 238 644 sensum
267 607 313 643 et
342 602 648 644 incredibilem
665 605 1038 659 conspirationem
1056 604 1229 647 adiuva.
1276 607 1351 648 Me
1375 611 1551 650 tuorum

64 660 352 700 consiliorum
391 658 667 710 adiutorem,
706 660 942 713 dignitatis
981 660 1225 712 fautorem,
1271 663 1473 705 omnibus
1502 665 1549 704 in

65 716 193 755 rebus
235 713 318 755 tibi
362 714 679 756 amicissimum
714 715 1110 769 fidelissimumque
1148 729 1403 771 cognosces.
1476 720 1551 761 Ad

63 783 137 810 eas
168 770 284 811 enim
314 782 495 821 causas,
535 771 691 825 quibus
719 771 837 813 inter
864 784 945 812 nos
975 783 1127 812 amore
1157 785 1329 824 sumus,
1368 773 1551 828 officiis,

62 829 280 867 vetustate
309 826 555 879 coniuncti,
585 827 756 880 patriae
785 828 950 868 caritas
978 827 1189 868 accessit:
1220 841 1357 882 eaque
1385 831 1549 881 effecit,

63 887 110 922 ut
138 886 257 924 tuam
287 880 424 923 vitam
451 883 720 924 anteferrem
749 893 882 924 meae.
938 894 1002 924 111.
1033 882 1257 926 Kalendas
1285 885 1478 939 Apriles.

263 1083 582 1127 EPISTOLA
612 1082 864 1128 DCCCVI.
922 1085 1000 1138 (ad
1029 1086 1135 1129 Div.
1164 1085 1223 1128 X.
1255 1085 1343 1137 12.)

213 1159 292 1193 Ser.
320 1161 468 1194 Romae
493 1160 563 1194 111.
591 1158 648 1193 Id.
674 1159 797 1205 April.
823 1159 866 1195 A.
893 1157 940 1195 U.
969 1162 1010 1195 e.
1036 1162 1117 1197 711.
1166 1162 1224 1204 (a.
1247 1162 1288 1198 c.
1315 1163 1395 1206 43.)

60 1226 206 1261 Laudat
242 1228 374 1261 literas
407 1239 429 1260 a
462 1227 602 1260 Planco
637 1225 791 1272 publice
823 1226 871 1260 ad
903 1233 1074 1261 senatum
1106 1229 1236 1262 missas
1263 1235 1321 1272 et,
1357 1229 1447 1274 quid
1473 1229 1552 1263 eius

59 1287 170 1310 causa
205 1276 244 1310 in
278 1280 410 1309 senatu
444 1282 571 1308 actum
605 1274 669 1315 sit,
703 1274 899 1322 significat
932 1286 1091 1320 eumque
1122 1277 1170 1310 ad
1201 1277 1436 1312 liberandam
1469 1290 1551 1312 rem

381 1323 576 1368 publicam
601 1322 891 1366 diligentissime
915 1322 1103 1357 hortatur.
1132 1326 1224 1361 1-5.

591 1388 777 1424 CICERO
803 1387 1013 1423 PLANCO.

0 1448 2 1502 l
170 1456 272 1498 Etsi
301 1456 366 1498 rei
395 1456 597 1512 publicae
626 1468 760 1497 causa
788 1456 980 1498 maxime
1007 1457 1198 1511 gaudere
1220 1457 1360 1500 debeo
1380 1462 1551 1501 tantum

0 1513 4 1569 ζ
67 1514 109 1554 ei
137 1516 180 1554 te
209 1513 442 1567 praesidii,
471 1516 643 1555 tantum
672 1512 769 1566 opis
800 1512 1005 1555 attulisse
1034 1513 1244 1555 extremis
1271 1528 1411 1570 paene
1440 1520 1549 1559 tem-

3 1585 5 1631 ]
61 1569 264 1624 poribus,
301 1573 449 1611 tamen
486 1568 552 1610 ita
580 1572 625 1609 te
652 1568 869 1610 victorem
898 1570 1172 1624 complectar
1200 1584 1249 1612 re
1278 1572 1454 1625 publica
1482 1586 1549 1613 re-

5 1650 6 1673 χ
50 1628 296 1679 cuperata,
334 1629 384 1666 ut
422 1636 627 1680 magnam
666 1626 839 1679 partem
877 1623 989 1666 mihi
1023 1626 1223 1669 laetitiae
1252 1629 1328 1669 tua
1356 1628 1551 1683 dignitas

0 1788 10 1828 '1³5
57 1784 147 1817 reits
183 1784 425 1818 erworbener
460 1781 694 1816 Verdienste.
748 1782 828 1816 Tua
860 1782 977 1816 virtus
1011 1783 1136 1818 adhuc
1170 1784 1209 1817 in
1242 1794 1305 1829 spe
1341 1789 1419 1823 est;
1459 1794 1548 1829 ergo

56 1838 164 1865 recte
189 1832 362 1866 differtur
386 1832 618 1877 praemium3
654 1842 741 1864 nam
767 1842 875 1865 verus
900 1831 1023 1866 honor
1047 1839 1102 1866 est
1125 1832 1338 1878 praemium
1362 1843 1437 1866 non
1465 1844 1549 1879 spe-

6 1878 8 1888 *
59 1887 162 1914 ratae
189 1880 252 1914 sed
277 1880 468 1914 exhibitae
493 1879 651 1913 virtutis.

152 1930 187 1964 2.
212 1928 262 1962 sit
287 1929 394 1962 modo
419 1928 542 1971 aliqua
564 1938 623 1962 res
645 1927 815 1971 publica,
844 1937 953 1961 wenn
982 1927 1050 1961 wir
1075 1939 1145 1961 nur
1170 1934 1248 1962 erst
1272 1928 1356 1962 eine
1380 1931 1449 1963 Art
1474 1941 1548 1963 von

58 1976 244 2010 Freistaat
270 1976 410 2010 wieder
433 1977 566 2010 hahen.
594 1994 637 2000 —
664 1975 820 2018 elucere,
853 1975 918 2008 das
941 1976 1058 2009 Licht
1084 1977 1150 2010 der
1175 1977 1277 2011 Ehre
1303 1966 1549 2012 hervordrin-

10 2052 11 2055 ,
59 2036 128 2068 gen
153 2024 260 2058 kann.
289 2043 332 2049 —
366 2024 528 2059 invitam.
557 2024 607 2057 ad
629 2027 785 2066 tempus,
820 2023 901 2056 eine
926 2024 1140 2070 Einladung
1165 2026 1231 2058 fiir
1257 2025 1367 2060 einen
1397 2027 1548 2072 Augen·
1580 2042 1582 2044 ·

59 2073 181 2113 blick,
209 2073 272 2107 fiir
297 2073 398 2106 diese
427 2073 518 2107 oder
544 2071 626 2106 iene
653 2072 821 2105 einzelne
845 2078 935 2117 gnte
959 2072 1069 2106 That.
1119 2075 1202 2107 Hoc
1228 2074 1343 2117 dicit,
1370 2076 1459 2120 quia
1484 2087 1548 2109 vo-

12 2135 15 2154 :
59 2121 245 2155 luntatem
273 2121 426 2167 quidem
451 2122 608 2154 Plancus
635 2120 842 2154 transiecto
874 2121 1061 2154 Rhodano
1096 2121 1326 2166 ostenderat,
1359 2123 1456 2157 nihil
1491 2130 1547 2157 ta-

14 2208 15 2211 *
59 2181 146 2202 men
172 2169 297 2203 adhuc
323 2181 363 2203 re
389 2170 470 2215 ipsa
495 2168 754 2214 praestiterat,
780 2174 841 2208 ut,
876 2169 907 2202 si
934 2169 1026 2214 quid
1053 2170 1087 2203 ei
1114 2170 1373 2214 tribueretur,
1411 2171 1546 2206 invita-

58 2223 229 2250 mentum
255 2218 381 2263 potius
407 2229 519 2263 quam
543 2217 755 2264 praemium
780 2216 900 2250 videri
931 2223 1072 2262 posset.
1108 2219 1313 2254 MANUT.
1339 2238 1387 2244 —
1417 2231 1545 2264 perpe—

59 2269 161 2307 tuae,
186 2266 585 2300 ununterbrochenen.
609 2284 656 2290 —
681 2264 847 2298 incumbe
873 2290 882 2299 .
911 2288 921 2298 .
949 2266 1017 2305 ad,
1042 2272 1187 2308 stem-e,
1213 2268 1338 2302 strebe
1364 2268 1474 2303 nach.
1498 2287 1544 2293 —

58 2313 247 2355 collegae,
274 2314 433 2349 Decimo
458 2317 595 2356 Bruto,
624 2313 688 2359 qui
711 2313 886 2347 Mutinae
905 2313 1103 2348 obsidione
1128 2321 1288 2349 tenetur.
1305 2334 1353 2340 —
1377 2317 1547 2360 con-spir„

59 2361 214 2394 Verein.
246 2379 294 2385 —
332 2363 462 2404 adiut„
499 2363 746 2402 Beforderer3
771 2365 945 2404 summu,
982 2363 1242 2408 Begiinstiger.
1277 2382 1322 2389 —
1356 2368 1546 2406 vetustate,

19 2401 24 2446 f
59 2408 180 2441 durch
206 2408 268 2442 die
291 2409 421 2444 Dauer
455 2422 614 2446 unserer
645 2409 1044 2444 freundschaftlichen
1077 2411 1350 2446 Verhaltnisse.
1386 2431 1429 2437 —
1466 2412 1542 2446 111.

58 2456 147 2490 Kal.
173 2456 326 2501 April„
351 2460 412 2496 30.
438 2461 560 2494 M'arz.

154 2525 186 2557 l.
213 2523 384 2558 extremis
403 2536 518 2570 paene
542 2524 782 2570 temporibus,
819 2525 982 2560 beinahe
1009 2527 1048 2560 in
1073 2527 1204 2561 seinen
1229 2528 1371 2561 letzten
1398 2528 1542 2572 Tagen.

24 2579 30 2616 ‘3
57 2589 98 2596 --
130 2576 244 2605 tamen
269 2572 323 2606 ita
350 2597 358 2606 .
384 2597 394 2608 .
423 2599 431 2609 .
459 2579 496 2608 ut
523 2600 531 2609 .
560 2603 568 2611 ,
596 2575 729 2617 affert,
757 2585 799 2607 so
825 2575 875 2608 ist
901 2575 1025 2618 doch,
1052 2587 1093 2609 so
1118 2577 1223 2609 wahr
1238 2576 1304 2608 ich
1323 2575 1425 2609 Dich
1441 2575 1542 2610 nach

26 2617 445 2787 KVViederherstellung
481 2633 636 2656 unserer
667 2621 1025 2668 republikanischen
1053 2623 1219 2658 Freiheit
1252 2623 1305 2656 als
1338 2622 1470 2668 Sieger
1495 2637 1543 2658 zu

55 2678 249 2702 umarmen
276 2670 475 2712 wiinsche,
501 2670 621 2705 Deine
647 2670 747 2704 Ehre
772 2670 857 2704 eine
881 2671 990 2705 nicht
1016 2672 1171 2716 geringe
1196 2671 1435 2707 Mitursache
1461 2672 1542 2706 die-

55 2725 116 2748 ser
150 2717 293 2750 meiner
323 2718 482 2753 Frende.
515 2718 577 2753 Sic
612 2719 691 2753 Md.
726 2718 825 2752 Vict.
859 2720 891 2754 2.
925 2720 1056 2754 Lamb.
1090 2719 1223 2753 Graev.
1256 2719 1344 2755 Sch.
1380 2720 1539 2768 Liinem.

30 2764 189 2825 ¹afferat
221 2766 337 2812 Neap.
370 2768 451 2800 Asc.
486 2768 519 2801 1.
554 2768 653 2801 Crat.
687 2766 791 2801 Vict.
823 2768 857 2801 l.
893 2767 982 2801 Ern.
1017 2767 1156 2805 Bened.
1185 2767 1382 2802 ORELLI.
1436 2769 1539 2804 Uber

32 2849 39 2936 ἲ

35 2926 43 3086 l
