1795 3086
468 74 787 118 EPISTOLA
819 72 1088 118 DechV.
1433 72 1526 121 383

41 190 153 231 tari:
195 201 337 244 neque
367 188 448 228 ille
476 187 723 228 intermisit
752 189 984 229 affirmare
1013 185 1181 228 sosine
1199 186 1323 227 mora
1344 189 1527 229 veniret

40 259 175 301 quum
205 245 388 287 interim
419 256 622 286 avorsum
649 243 778 284 illum
821 245 876 285 ab
914 243 1007 286 hac·
1039 243 1317 298 cogitatione
1347 243 1525 284 adalia

38 301 234 342 consilia
273 301 410 343 video
450 314 500 342 se
538 299 799 341 contulisse.
869 301 970 354 Ego
1009 304 1156 341 tamen
1196 299 1253 341 ad
1284 309 1384 340 eum
1413 299 1527 340 Fur-

40 357 163 398 nium
193 362 393 399 nostrum
423 369 525 397 cum
555 355 774 396 mandatis
800 356 1040 410 literisque
1062 353 1180 407 misi,
1209 355 1249 396 si
1270 355 1382 411 quid
1405 353 1526 396 forte

39 414 262 468 proficere
292 416 452 467 posset.
511 411 612 452 Scis
642 417 716 461 tu,
755 407 816 452 mi
848 413 1036 466 Cicero,
1078 412 1197 466 qnod
1229 412 1287 452 ad
1315 412 1525 453 Caesaris

40 483 235 510 amorem
265 468 439 514 attinet,
468 467 732 509 societatem
760 467 874 508 mihi
905 482 1002 509 esse
1029 473 1201 510 tecum:
1233 468 1303 510 vel
1325 467 1525 524 quod·in

40 525 350 567 familiaritate
380 524 604 581 Caesaris,
649 525 756 567 vivo
786 525 885 577 illo,
927 526 1016 565 iam
1055 525 1175 566 tueri
1213 537 1312 565 eum
1342 528 1388 566 et
1416 523 1523 564 dili-

38 596 146 635 gere
175 581 263 622 fuit
291 579 406 620 mihi
434 594 642 623 necesse:
683 581 753 622 vel
793 581 915 636 quod
946 582 1056 635 ipse,
1099 580 1248 633 quoad
1279 594 1363 633 ego
1392 593 1525 622 nosse

38 638 176 691 potui,
206 636 552 678 moderatissimi
592 641 725 691 atque
764 636 1078 678 humanissimi
1119 636 1207 677 suit
1235 650 1415 678 sensus.-
1453 637 1526 678 vel

37 694 157 748 quod
187 707 242 734 ex
280 697 369 734 tam
400 693 568 748 insigni
609 693 811 735 amicitia
848 705 944 734 mea
981 695 1113 746 atque
1155 692 1365 734 Caesaris
1406 688 1527 734 hunc

37 749 126 790 filii
157 750 259 790 loco
289 754 333 790 et
364 748 492 790 illius
523 754 568 790 et
595 755 747 790 vestro
775 748 949 790 iudicio
983 748 1272 789 substitutum
1302 762 1389 789 non
1420 763 1525 804 pro-

38 805 143 846 inde
174 805 341 846 habere
371 810 500 860 turpe
530 804 643 846 mihi
667 805 860 847 videtur.
920 804 1026 849 Sed,
1056 804 1280 859 quidquid
1304 805 1389 846 tibi
1411 806 1525 846 scri·

37 863 108 911 bo,
142 861 352 904 dolenter
381 862 640 902 mehercule
668 860 825 914 magis,
855 873 986 915 quam
1007 859 1194 901 inimice
1214 859 1348 902 facio.
1389 861 1527 911 Quod

36 918 151 959 vivit
181 917 404 959 Antonius
433 917 594 969 hodie,
626 917 747 971 quod
776 916 976 972 Lepidus
1005 929 1091 957 una
1121 921 1211 968 est,
1241 917 1362 972 quod
1392 930 1526 959 exer—

37 974 155 1014 citus
185 973 348 1014 habent
377 985 464 1012 non
494 973 866 1025 contemnendos,
908 973 1028 1027 quod
1057 977 1262 1028 sperant,
1298 972 1420 1027 quod
1448 987 1525 1015 au-

37 1029 158 1074 dent,
185 1043 314 1070 omne
337 1027 523 1069 Caesari
554 1033 784 1083 acceptum
814 1028 987 1070 referre
1008 1033 1205 1084 possunt.
1262 1028 1421 1084 Neque
1442 1043 1526 1083 ego

37 1085 274 1140 superiora
314 1089 537 1139 repetam:
583 1084 665 1125 sed
704 1098 764 1126 ex
804 1098 858 1126 eo
887 1089 1104 1140 tempore,
1143 1098 1231 1140 quo
1272 1085 1370 1140 ipse
1411 1085 1526 1126 mihi

36 1140 266 1195 professus
296 1145 365 1182 est
393 1154 442 1181 se
469 1140 642 1188 venire,
671 1140 711 1181 si
727 1141 882 1184 venire
911 1141 1145 1193 voluisset,
1176 1145 1253 1182 aut
1270 1154 1527 1196 oppressum

38 1200 126 1238 iam
167 1197 335 1239 bellum
374 1201 491 1238 esset
529 1200 607 1238 aut
650 1195 698 1238 in
739 1196 1072 1240 aversissimam
1110 1197 1208 1239 illis
1257 1196 1526 1252 Hispaniam

36 1361 258 1396 videbamus.
307 1358 418 1394 Nz’lzil
442 1359 476 1395 d.
517 1359 592 1394 OR.
642 1377 690 1384 ——
738 1359 863 1393 venire
888 1366 1092 1395 venturum
1118 1371 1214 1403 esse,
1248 1372 1290 1395 er
1324 1361 1378 1395 sei
1404 1361 1524 1397 sehon

36 1415 320 1455 unterwegens.
369 1407 501 1442 Daher
526 1407 597 1441 der
621 1408 769 1443 Infinit.
795 1418 914 1453 praes.
964 1429 1007 1434 —
1059 1409 1109 1442 ad
1133 1409 1212 1442 alia
1251 1410 1408 1443 consilia
1442 1409 1466 1442 i.
1495 1423 1524 1444 e.

35 1456 229 1501 triumphi
255 1463 294 1491 et
318 1456 537 1491 consulatus
564 1457 803 1501 petitionem.
842 1474 890 1481 —
941 1456 1129 1493 Furnium.
1180 1456 1217 1492 S.
1247 1468 1306 1504 ep.
1333 1459 1412 1494 792.
1441 1459 1525 1495 800.

37 1526 79 1533 —·
103 1504 298 1550 proficere,
323 1504 556 1539 ausrichten.

132 1574 168 1608 5.
223 1571 413 1614 Caesaris,
441 1570 647 1606 Octaviani.
699 1592 742 1598 —
792 1571 1003 1606 societatem
1028 1572 1142 1608 huius
1167 1575 1306 1609 amoris
1332 1573 1424 1609 milzi
1447 1586 1526 1610 esse

37 1626 166 1661 lecum,
193 1619 275 1654 dass
302 1619 365 1654 ich
391 1619 498 1653 diese
523 1620 645 1654 Deine
671 1619 786 1654 Liebe
821 1621 887 1654 fiir
911 1620 1083 1655 Octavius
1114 1621 1250 1659 theile.
1300 1642 1344 1649 ·-—
1396 1624 1454 1658 vel
1478 1650 1487 1660 .
1514 1651 1521 1657 .

39 1670 106 1712 rel,
133 1669 251 1703 theils
280 1697 288 1705 .
315 1691 326 1702 .
352 1668 483 1702 theils.
516 1687 559 1692 -—
609 1668 647 1701 in
662 1668 788 1709 famil.
818 1669 935 1711 Caes„
962 1669 1022 1704 bei
1046 1671 1212 1705 meinem
1237 1671 1522 1707 freundschaft-

37 1716 169 1750 lichen
196 1716 439 1751 Verh'a'ltniss
474 1715 545 1750 mit
579 1716 618 1750 C.
646 1716 769 1750 Iulius
796 1716 916 1751 C'asar.
966 1735 1009 1740 —
1062 1720 1156 1754 lueri
1188 1731 1280 1763 eum,
1313 1720 1524 1763 Octavium,

36 1766 169 1800 essars
197 1764 348 1799 Neffen.
398 1783 446 1789 —-
495 1764 618 1809 quoad
640 1777 690 1795 z
715 1765 859 1799 soweit.
899 1784 941 1790 ——
991 1771 1116 1800 vestro
1140 1767 1277 1802 iudicio
1302 1781 1331 1804 s,
1357 1775 1523 1809 senatus,

37 1814 103 1858 qui
127 1813 371 1859 adoptionem
397 1813 669 1858 comprobavit.
692 1830 734 1836 ·-
757 1823 828 1846 uon
849 1813 1004 1856 proinde
1028 1813 1173 1856 habere,
1202 1817 1273 1850 ihn
1298 1816 1409 1852 nicht
1425 1816 1521 1851 auch

35 1863 92 1896 als
119 1863 231 1896 einen
257 1861 415 1895 solchen
449 1861 484 1895 d.
511 1862 535 1894 i.
562 1861 616 1895 als
641 1859 748 1894 Sohn
773 1861 916 1896 meines
944 1862 1139 1897 Freundes
1166 1865 1280 1899 C'zisar
1304 1878 1351 1900 zu
1378 1865 1523 1899 behan-

35 1910 135 1945 deln.
185 1909 248 1943 Sic
281 1909 354 1945 Md.
390 1909 487 1943 Vict.
518 1911 546 1944 1.
572 1911 605 1944 2,
640 1909 769 1943 Lamb.
810 1909 945 1945 Graev.
983 1911 1121 1946 Bene-d.
1149 1927 1199 1945 Ξ
1222 1914 1377 1959 perinde
1400 1915 1521 1960 Neap.

35 1959 119 1993 Asc.
146 1961 177 1993 1.
207 1957 309 1993 Crat.
336 1957 432 1992 Ern.
459 1956 545 1991 Sch.
571 1958 666 1992 Liin.
695 1957 769 1993 ΟΕ.

129 2028 163 2062 6.
191 2026 369 2064 dolenter,
394 2036 457 2058 aus
483 2024 688 2060 Schmerz:
714 2026 875 2070 inimice,
901 2038 964 2061 aus
991 2027 1248 2065 Feindschaft.
1275 2048 1317 2056 —-
1346 2031 1442 2074 quod
1454 2030 1520 2063 Le-

34 2075 141 2120 pidus
165 2085 236 2107 una
263 2078 330 2114 est,
367 2073 477 2114 „dass
503 2074 669 2119 Lepidus
694 2075 767 2109 mit
792 2075 874 2108 ihm
900 2077 1096 2125 vereinigt
1121 2078 1215 2121 ist“;
1249 2077 1317 2112 der
1342 2078 1521 2112 desshalb

35 2136 93 2157 am
130 2125 188 2158 3⁰.
215 2122 348 2156 Iunius
384 2123 450 2154 fiir
486 2123 598 2156 einen
630 2122 751 2156 Feind
785 2123 851 2157 des
880 2124 1128 2159 Vaterlandes
1158 2126 1307 2160 erkl‘a'rt
1340 2139 1432 2160 war.
1477 2146 1519 2151 —

35 2181 140 2205 onme
166 2170 328 2204 Caesari
353 2175 535 2214 acceptum
562 2172 635 2212 ref.
660 2183 710 2214 p.‚
743 2171 806 2206 das
837 2172 942 2206 Alles
979 2172 1115 2207 diirfen
1149 2175 1206 2207 sie
1231 2175 1318 2209 dem
1345 2175 1520 2209 Octavius

34 2219 266 2254 verdanken.
292 2237 341 2245 --
371 2219 576 2262 superiora,
604 2219 765 2254 friihere
790 2221 926 2268 Dinge.
956 2240 999 2247 —
1041 2233 1263 2266 oppressum,
1289 2225 1519 2258 confectum,

37 2287 80 2293 -
104 2272 167 2300 aut
195 2292 204 2301 .
232 2291 242 2301 .
269 2295 278 2303 .
304 2271 505 2309 extrusum,
532 2268 624 2301 oder
649 2280 686 2302 es
711 2271 814 2303 w'are
839 2268 940 2302 doch
967 2269 1037 2302 der
1061 2271 1446 2319 Kriegesschauplatz
1473 2272 1515 2305 in

36 2316 99 2349 das
125 2315 244 2349 ihnen
268 2314 409 2349 hb'chst
433 2315 657 2363 abgeneigte
677 2315 844 2361 Spanien
869 2330 917 2351 zu
943 2317 1069 2351 ihrem
1088 2320 1263 2366 grossten
1285 2320 1519 2354 Nachtheile

35 2363 368 2411 hineingedr‘a’ngt.
398 2383 441 2388 —
476 2364 747 2398 aversissimam
772 2366 861 2399 illis.
911 2365 976 2400 Sic
1001 2367 1097 2403 Vict.
1124 2370 1146 2403 2
1206 2369 1453 2416 Significatus
1480 2380 1516 2402 v.

34 2423 182 2447 aversus
218 2411 473 2493 (abgeneigt),
510 2412 611 2456 quod
642 2413 803 2447 Plancus
836 2425 955 2459 aeque
991 2421 1103 2459 atque
1138 2415 1317 2450 Horatius
1353 2418 1519 2459 (aversus

34 2460 256 2494 mercaturis
309 2471 399 2494 erm.
426 2462 460 2501 2,
485 2461 522 2503 3,
551 2462 649 2503 107.)
682 2473 725 2494 ac
750 2461 928 2508 Scriptor
953 2463 995 2496 de
1019 2464 1128 2497 Bello
1154 2465 1263 2499 Ales.
1297 2476 1329 2501 c,
1356 2467 1414 2499 40.
1445 2465 1519 2506 (le-

35 2509 115 2551 gio,
141 2519 246 2552 quum
270 2508 473 2552 paullulum
499 2519 628 2542 aversa
654 2508 816 2545 hostibus
840 2512 1017 2550 cessisset,
1054 2512 1118 2545 ubi
1143 2512 1260 2560 iunge
1294 2524 1426 2547 aversa
1451 2513 1517 2546 llo-

35 2557 162 2598 slibus‚
190 2567 263 2589 non
290 2556 455 2590 cessisset
482 2557 688 2599 hostibus:)
722 2569 809 2591 cum
834 2559 961 2593 dativo
993 2567 1217 2594 construere
1254 2568 1416 2606 poterat,
1452 2561 1517 2593 hic

35 2604 161 2650 aptior
186 2611 254 2645 est,
281 2616 394 2649 quam
420 2605 580 2639 alterius
606 2618 640 2639 v.
668 2607 861 2651 adversus3
898 2608 978 2641 illis
1009 2615 1135 2642 autem
1170 2610 1383 2643 necessaria
1410 2609 1515 2642 vide-

35 2660 99 2686 tur
123 2653 324 2694 correctio,
364 2664 493 2697 quum,
530 2665 602 2698 quo
640 2654 700 2687 illi
724 2657 929 2695 referatur,
967 2667 1124 2700 prorsus
1150 2658 1301 2692 nescias.
1341 2658 1513 2691 aversiss.

34 2701 94 2733 illi
119 2700 189 2734 Md.
217 2700 313 2734 Vict.
347 2704 376 2734 1.
403 2702 537 2736 Bened.
574 2702 770 2737 adversiss.
797 2704 858 2737 illi
891 2705 1029 2738 Graev.
1066 2705 1158 2739 ΕΠ).
1207 2706 1401 2739 adversiss.
1435 2706 1516 2738 illis

33 2749 159 2784 Lamb.
187 2749 274 2783 sch.
302 2750 395 2784 Liin,
427 2750 497 2784 ΟΠ.
551 2751 593 2783 In
620 2750 786 2796 Spanien
812 2764 942 2787 waren
969 2754 1161 2799 Pompeius
1189 2766 1223 2789 u.
1248 2753 1514 2790 dessenSo'hne
