1795 3086
172 88 263 136 23⁷}
452 94 510 136 M.
542 96 597 137 T.
632 92 969 137 CICERONIS
1000 96 1364 141 EPISTOLAE.

293 203 610 245 EPISTOLA
642 205 990 248 DCCLXXVI.
1043 209 1120 259 (ml
1150 176 1239 251 Att.
1270 209 1399 252 XVI.
1435 213 1518 260 15.)

292 278 373 312 scr.
399 280 438 311 in
467 279 641 324 Arpinati
668 287 824 315 exeunte
851 284 943 316 Nov.
983 282 1026 315 A.
1054 283 1097 315 U„
1125 284 1166 317 c.
1196 287 1272 319 710.
1313 287 1357 325 (a.
1386 286 1425 319 e.
1453 288 1525 328 υ.)

172 346 349 387 Qum-itur
375 357 413 380 se
439 358 457 378 a
485 346 684 379 Dolabella
710 346 987 391 improbissime
1020 349 1198 389 tractar13
1236 349 1362 383 laudat
1394 350 1506 385 Attici
1543 354 1637 385 mdi-

170 395 268 426 cium
296 393 339 427 ‹le
365 393 579 432 Octaviano,
606 405 718 438 seque
752 396 796 427 ad
823 396 974 429 nomina
1008 407 1071 428 sua
1107 397 1338 442 expedienda
1374 409 1459 432 mox
1485 400 1637 433 Romam

644 449 845 476 venturum
870 444 1027 477 nuntiat.
1059 446 1158 479 1—6.

680 534 857 569 CICERO
883 534 1065 571 ATTICO
1092 535 1129 571 S.

271 601 379 643 Noli
408 603 564 657 putare
594 602 777 655 pigritia
805 616 875 644 me
904 602 1069 650 facere,
1106 605 1222 658 quod
1263 618 1350 645 non
1380 619 1475 645 mea
1506 618 1634 646 manu

164 657 377 699 scribam:
434 658 513 698 sed
561 657 817 698 mehercule
876 659 1070 712 pigritia.
1146 658 1277 700 Nihil
1325 660 1442 701 enim
1492 660 1635 702 habeo

161 714 301 765 aliud,
350 713 470 768 quod
509 712 683 761 dicam3
729 717 774 754 et
811 716 956 754 tamen
999 715 1045 754 in
1089 714 1176 754 tuis
1220 729 1395 769 quoque
1433 716 1634 769 epistolis

160 770 342 810 Alexim
371 769 527 810 videor
563 782 816 822 agnoscere.
875 769 964 810 Sed
1003 770 1061 810 ad
1101 782 1192 810 rem
1231 772 1376 813 venio.
1443 773 1556 825 Ego,
1596 771 1633 812 si

159 838 227 865 me
275 838 363 865 non
410 824 738 878 improbissime
778 824 1021 866 Dolabella
1065 829 1315 873 tractasset,
1362 827 1634 867 dubitassem

160 880 364 927 fortasse,
402 884 549 920 utrum
589 880 819 921 remissior
846 894 1001 932 essem,
1043 894 1099 921 an
1128 895 1297 922 summo
1327 882 1423 923 iure
1453 888 1633 922 conten-

156 936 322 977 derem.
379 936 510 977 Nunc
538 949 645 977 vero
675 935 811 977 etiam
851 936 1024 988 gaudeo
1066 935 1180 976 mihi
1221 950 1397 980 causam
1428 938 1635 987 oblatam,

155 992 202 1031 in
232 1004 320 1045 qua
349 995 394 1032 et
423 992 518 1046 ipse
548 991 714 1032 sentiat
743 995 788 1032 et
829 991 996 1045 reliqui
1037 1005 1187 1032 omnes
1227 1006 1297 1033 me
1332 994 1386 1034 ab
1426 993 1510 1034 illo
1558 994 1633 1032 ab-

155 1047 418 1088 alienatumt
447 1047 584 1100 idque
612 1060 718 1099 prae
748 1060 817 1087 me
848 1046 1005 1097 feram,
1028 1063 1031 1064 ⁷
1053 1051 1096 1087 et
1124 1048 1303 1101 quidem
1342 1062 1412 1088 me
1440 1061 1537 1088 mea
1566 1047 1631 1088 fa-

153 1115 254 1143 cere
284 1107 328 1142 et
359 1103 424 1142 rei
455 1101 662 1155 publicae
692 1115 838 1153 causa,
869 1106 918 1141 ut
947 1102 1078 1141 illum
1107 1102 1304 1144 oderim:
1334 1104 1468 1157 quod,
1498 1117 1633 1157 quum

152 1171 248 1197 eam
277 1170 347 1198 me
377 1162 557 1198 auctore
588 1156 831 1198 defendere
861 1156 1096 1210 coepisset,
1136 1172 1223 1198 non
1262 1160 1395 1199 modo
1425 1159 1631 1199 deserue-

152 1212 227 1265 rit,
266 1216 437 1266 emptus
473 1213 678 1266 pecunia,
722 1213 803 1254 sed
844 1213 991 1264 etiam,
1035 1219 1244 1267 quantum
1292 1214 1339 1255 in
1392 1213 1491 1269 ipso
1532 1214 1633 1266 fuit,

87 1270 114 1308 2
151 1268 377 1310 everterit.
462 1269 596 1318 Quod
647 1272 793 1310 autem
831 1269 1024 1322 quaeris,
1065 1269 1288 1324 quomodo
1332 1268 1405 1323 agi
1444 1270 1632 1324 placeat,

150 1338 285 1379 quum
314 1324 412 1365 dies
441 1325 640 1373 venerit3
690 1325 879 1378 primum
917 1324 1053 1365 velim
1082 1324 1302 1365 eiusmodi
1345 1325 1420 1376 sit,
1460 1328 1508 1364 ut
1545 1338 1631 1364 non

80 1399 93 1424 a
151 1381 345 1421 alienum
373 1380 434 1420 sit
461 1393 532 1420 me
561 1379 731 1421 Romae
761 1393 883 1429 esse3
931 1379 987 1420 de
1017 1394 1120 1434 que,
1159 1383 1208 1420 ut
1247 1380 1304 1420 de
1346 1380 1524 1431 ceteris,
1567 1379 1630 1420 saa

151 1437 282 1483 ciam,
309 1440 358 1476 ut
386 1439 435 1476 tu
464 1434 706 1476 censueris.
766 1436 837 1477 De
866 1449 1036 1476 summa
1065 1439 1210 1476 autem
1239 1435 1314 1490 agi
1343 1448 1525 1489 prorsus
1553 1449 1628 1477 ve=

148 1491 379 1533 hementer
410 1494 455 1532 et
482 1505 638 1533 severe
679 1491 797 1533 volo.
866 1490 968 1532 Etsi
1016 1504 1252 1546 sponsores
1296 1492 1524 1546 appellare
1562 1492 1629 1533 via

149 1669 223 1691 nen
261 1657 404 1691 wollen
438 1658 513 1701 (ep.
541 1658 652 1698 733ss
719 1657 794 1691 Ein
832 1656 987 1691 solcher
1019 1663 1096 1691 trat
1131 1664 1208 1691 erst
1240 1668 1299 1692 am
1335 1660 1390 1693 10.
1422 1656 1629 1691 December

147 1706 246 1739 nach
271 1706 403 1739 Livius
429 1706 504 1739 und
529 1706 685 1748 Dionys.
713 1705 836 1739 Halie.
862 1706 943 1739 sein
968 1705 1058 1739 Amt
1083 1717 1142 1738 an.
1191 1705 1281 1740 Also
1308 1707 1362 1740 als
1388 1705 1520 1738 aedilis
1546 1705 1628 1749 ple-

148 1755 216 1795 bis,
242 1754 375 1788 dessen
401 1753 490 1788 Amt
515 1754 586 1788 mit
622 1753 709 1787 dem
734 1755 767 1788 5.
795 1753 1005 1794 December
1035 1753 1183 1800 begann
1217 1754 1261 1794 (s.
1297 1753 1447 1787 Verrin.
1475 1754 1507 1794 1,
1537 1755 1630 1795 1⁰.);

148 1802 247 1836 denn
273 1802 334 1835 die
358 1802 522 1849 iibrigen
548 1801 765 1848 Magistrate
790 1802 920 1849 fingen
952 1813 999 1834 an
1027 1801 1097 1834 mit
1123 1801 1206 1834 dem
1241 1808 1368 1836 ersten
1395 1802 1540 1834 Ianuar.
1584 1820 1625 1826 —

149 1850 252 1884 Sexti
277 1850 459 1883 Peducaei
483 1850 659 1883 iudicium
684 1850 730 1884 de
756 1849 970 1895 Philippica
995 1849 1169 1883 secunda.
1203 1849 1285 1883 Vid.
1313 1861 1369 1894 ep.
1391 1850 1472 1891 770,
1500 1851 1532 1882 l.

245 1923 276 1956 l.
317 1921 456 1963 facere
480 1921 584 1966 quod.
631 1921 667 1955 S.
694 1921 848 1955 Ramsh.
880 1921 910 1964 ᾗ.
937 1923 1018 1963 203,
1044 1921 1115 1963 ΙΙΙ,
1141 1922 1174 1956 3.
1200 1964 1202 1966 ¹
1225 1940 1266 1946 —
1316 1924 1349 1952 et
1376 1923 1505 1962 tamen,
1531 1919 1627 1962 quod

148 1969 247 2003 mihi
272 1969 407 2004 solatio
434 1976 500 2004 est.
549 1987 589 1993 -
628 1970 781 2003 Alexim
816 1975 860 2003 st.
887 1969 1016 2004 Alexis
1043 1980 1205 2003 manum.
1254 1968 1343 2001 Fuit
1374 1967 1491 2001 Attici
1525 1978 1626 2000 ama-

148 2017 310 2056 nuensis,
338 2017 443 2051 cuius
469 2029 598 2051 manus
626 2017 665 2049 in
691 2017 890 2051 scribendo
924 2017 1096 2063 proxime
1133 2016 1178 2050 ad
1203 2016 1322 2050 Attici
1347 2026 1499 2048 manum
1524 2026 1627 2048 accea

147 2065 265 2099 debat.
295 2065 402 2099 SGH.
441 2084 483 2090 —
519 2066 687 2109 wzprob.,
712 2065 853 2099 hb'chst
878 2065 1106 2107 unredlich3
1154 2064 1217 2107 qui
1247 2074 1361 2108 quum
1388 2063 1485 2095 mihi
1512 2074 1626 2107 pecua

146 2113 249 2146 niam
275 2113 429 2147 deberet
457 2119 493 2146 et
519 2113 565 2146 de
591 2113 779 2147 solutione
806 2119 1062 2147 asseveranter
1088 2112 1255 2156 quotidie
1281 2111 1534 2157 promitteret,
1562 2110 1627 2143 diu

145 2161 259 2194 variis
285 2160 585 2195 excusationibus
613 2160 812 2194 ludificans
838 2161 883 2193 ad
909 2167 1119 2193 extremum
1153 2171 1199 2193 ne
1224 2170 1338 2192 numo
1362 2157 1512 2202 quidem
1539 2168 1625 2203 per-

145 2209 268 2243 soluto
294 2209 334 2241 in
359 2208 509 2254 Syriam
535 2209 728 2253 profectus
766 2215 830 2242 est.
870 2207 1075 2241 MANUT.
1121 2205 1156 2239 S.
1190 2219 1238 2240 zu
1273 2217 1329 2251 ep.
1355 2207 1434 2241 389.
1461 2205 1513 2238 im
1539 2205 1625 2238 Ans„

147 2278 190 2283 —
230 2261 349 2290 utrum
384 2267 470 2289 rem.
505 2267 614 2289 essem
649 2263 733 2297 cet„
775 2256 821 2291 ob
861 2255 926 2288 ich
959 2253 1234 2302 glimpflicher
1273 2253 1366 2287 oder
1398 2252 1493 2286 nach
1539 2253 1626 2286 dem

146 2311 362 2352 strengsten
387 2303 532 2338 Rechte
569 2303 640 2337 mit
664 2303 747 2337 ihm
771 2302 977 2338 verfahren
1003 2302 1125 2336 sollte.
1178 2320 1219 2327 —-
1270 2312 1364 2335 caus.
1393 2301 1476 2343 obl.‚
1512 2300 1625 2334 Gele-

146 2352 306 2401 genheit
330 2364 379 2386 zu
405 2351 526 2384 einem
554 2352 728 2386 Processe
754 2364 802 2384 zu
827 2350 961 2383 haben.
1014 2368 1056 2375 —
1107 2348 1241 2394 reliqui
1266 2359 1384 2383 omnes
1419 2350 1497 2382 eius
1524 2360 1623 2382 asse-

146 2401 242 2435 clae.
293 2420 336 2427 -
387 2401 493 2444 idque
517 2410 608 2442 prae
633 2411 689 2433 me
706 2399 851 2441 seram,
879 2398 956 2431 und
982 2397 1047 2431 ich
1072 2398 1203 2432 werde
1229 2409 1266 2431 es
1292 2398 1371 2430 laut
1397 2408 1524 2445 sagon,
1562 2396 1629 2429 auf

103 2473 105 2476 ⁴
142 2450 211 2483 auf
232 2448 301 2482 der
326 2447 453 2482 Stirne
479 2453 623 2494 tragen.
649 2466 693 2474 —
728 2446 937 2489 defendere,
963 2445 1051 2494 vgl.
1069 2457 1126 2492 ep.
1141 2447 1220 2482 70⁰.
1243 2464 1286 2471 —
1315 2449 1453 2490 emptus
1474 2444 1627 2489 pecunia

146 2496 189 2530 ab
215 2495 388 2531 Antonio.

241 2566 274 2599 2.
324 2563 497 2608 quomodo
523 2563 592 2605 agi
613 2563 771 2605 placeat,
811 2561 885 2596 wie
917 2561 982 2595 ich
1006 2561 1078 2595 den
1103 2562 1255 2595 Process
1279 2559 1414 2594 wollte
1439 2557 1623 2606 eingelei=

146 2619 202 2646 tet
225 2611 376 2645 wissen.
411 2630 457 2637 --
490 2611 580 2653 dies,
607 2611 674 2644 der
700 2610 973 2657 zahlungstag.
1011 2630 1053 2636 —
1096 2609 1268 2643 eiusmodi
1292 2608 1355 2650 sit,
1383 2618 1419 2642 es
1446 2605 1624 2640 mb'chten

147 2660 210 2693 die
235 2659 438 2694 Umst‘ainde
463 2669 537 2693 von
562 2659 630 2692 der
645 2659 715 2692 Art
741 2659 833 2692 sein.
865 2678 906 2684 -
935 2658 1101 2699 alienum,
1127 2656 1377 2705 ungerathen.
1407 2675 1447 2680 —
1475 2655 1622 2694 Romae,

147 2720 209 2740 um
237 2706 333 2740 nach
358 2707 426 2741 der
451 2708 552 2754 hage
584 2707 651 2740 der
684 2705 808 2753 Dirige
842 2705 946 2739 diese
977 2705 1069 2739 oder
1096 2705 1180 2739 iene
1206 2703 1405 2749 Massregel
1432 2701 1621 2748 erg-reisen

148 2768 193 2789 zu
220 2755 384 2790 kb'nnen.
425 2774 467 2781 —
511 2755 568 2788 De
592 2764 742 2797 summa,
767 2765 843 2789 was
869 2753 931 2788 die
958 2752 1078 2788 Sache
1103 2753 1219 2788 selbst
1242 2751 1407 2797 anlangt,
1455 2768 1500 2775 -
1541 2749 1624 2783 Etsz
