1795 3086
443 98 760 143 EPISTOLA
791 100 1142 144 DCOCXXIV.
1467 98 1560 149 319

170 210 489 253 EPISTOLA
529 211 890 253 DCCCXXIV.
947 213 1025 262 (ad
1054 213 1163 254 Div.
1207 211 1295 254 XI.
1329 212 1416 261 18.)

228 286 311 319 scr.
338 287 478 320 Romae
503 285 609 318 xm.
638 285 719 319 Kal.
745 285 827 318 lun.
856 285 898 317 A.
926 286 970 320 U.
1000 287 1042 323 c,
1068 289 1148 322 711.
1176 288 1226 329 (a.
1252 285 1292 322 c,
1317 286 1393 328 43.)

3 389 12 395 ,
60 352 323 398 Reprehendit
356 351 672 395 Brutum‚'qu0d
704 351 746 383 in
778 351 963 386 mandatis
997 353 1042 386 asl
1077 359 1247 387 sonatum
1285 352 1370 399 plus
1404 352 1554 387 timoris

332 400 558 435 ostendisset
584 410 696 443 quam
723 404 874 444 tempus
902 401 1130 444 postularet.
1178 404 1278 438 1—3.

259 475 305 509 M.
334 471 513 506 CICERO
541 470 578 504 S.
608 472 651 505 D.
678 471 722 504 D.
749 470 911 506 BRUTO
939 471 1034 505 IMP.
1062 471 1162 506 COS.
1190 472 1355 507 DESIG.

169 542 273 582 Etsi
305 554 364 581 ex
394 539 632 590 mandatis,
662 553 777 594 quae
808 540 981 581 Galbae
1012 530 1362 595 Volumnioque
1390 541 1446 582 ad
1485 556 1554 583 sez-

57 602 208 639 natum
240 597 420 647 dedisti,
451 596 563 650 quid
593 596 843 637 timendum
874 601 1070 650 putareS,
1100 597 1459 650 suspicabamur:
1490 603 1554 639 ta-

60 668 158 694 men
198 653 431 693 timidiora
468 652 679 693 mandata
724 651 1009 705 videbantur,
1058 665 1193 705 quam
1236 658 1333 694 erat
1371 654 1554 708 dignum

59 717 137 750 tua
188 710 432 764 populique
484 707 681 748 Romani
732 708 945 749 victoria.
1033 707 1225 749 Senatus
1274 714 1444 765 autem,
1492 712 1555 750 mi

58 766 214 815 Brute,
256 764 389 805 sortis
432 769 498 805 est
529 770 572 805 et
603 764 740 805 habet
780 763 921 804 sortes
959 763 1111 804 duces.
1171 764 1331 818 Itaque
1370 766 1555 807 moleste

59 821 235 862 serebat
264 835 312 861 se
344 834 368 860 a
401 824 458 866 te,
502 833 632 874 quem
663 820 875 867 omnium,
912 818 1166 873 quicunque
1204 819 1410 870 fuissent,
1462 821 1554 862 sor-

0 924 2 930 y
62 877 285 918 tissimum
337 876 576 927 iudicaret,
628 876 836 915 timidum
890 880 1025 929 atque
1075 875 1287 930 ignavum
1343 877 1553 918 iudicari.

59 932 241 973 Etenim
273 945 423 986 quum,
462 937 504 972 te
537 931 726 980 incluso,
769 943 892 985 spem
922 930 1161 972 maximam
1191 946 1343 974 omnes
1373 932 1554 973 habuis-

58 994 158 1029 sent
188 990 232 1027 in
264 994 341 1027 tua
368 988 553 1038 virtute,
582 986 775 1027 florente
804 987 1020 1039 Antonio,
1049 987 1171 1046 quis0
1183 994 1295 1040 erat,
1324 989 1401 1043 qui
1421 989 1553 1044 quid-

58 1058 189 1098 quam
218 1044 413 1095 timeret,
443 1042 686 1097 profligato
718 1042 816 1088 illo,
844 1047 889 1083 te
920 1043 1144 1085 liberato?
1200 1044 1297 1085 Nec
1326 1059 1436 1087 vero
1465 1045 1554 1086 Le-

61 1099 215 1154 pidum
245 1099 522 1139 timebamus.
584 1099 701 1148 Quis
732 1099 848 1138 enim
878 1104 1011 1151 esset,
1041 1099 1119 1154 qui
1149 1100 1278 1140 illum
1301 1104 1392 1142 tam
1413 1100 1555 1143 furio„

58 1170 157 1197 sum
186 1156 497 1205 arbitraretur,
542 1160 607 1206 ut,
648 1154 724 1208 qui
765 1155 811 1194 in
840 1155 1034 1196 maximo
1075 1156 1196 1197 bello
1238 1170 1393 1209 pacem
1432 1159 1554 1200 velle

0 1203 6 1220 '²
58 1226 106 1253 se
145 1211 357 1261 dixisset,
396 1211 434 1250 is
474 1210 521 1251 in
561 1210 843 1264 optatissima
883 1223 992 1264 pace
1031 1212 1200 1252 bellum
1241 1214 1310 1253 rei
1348 1214 1554 1268 publicae

59 1264 313 1308 indiceret?
368 1265 464 1306 Nec
495 1266 666 1311 dubito,
705 1265 813 1319 quin
842 1269 890 1306 tu
920 1268 1019 1320 plus
1049 1268 1303 1321 provideas.
1363 1270 1455 1310 Sed
1485 1274 1552 1311 ta-

2 1313 6 1327 '
58 1337 160 1364 men
190 1327 281 1363 tam
311 1321 483 1362 recenti
513 1322 828 1375 gratulatione,
858 1336 991 1376 quam
1021 1326 1098 1363 tuo
1127 1324 1305 1365 nomine
1328 1325 1383 1365 ad
1405 1327 1553 1366 omnia

58 1381 246 1420 deorum
276 1378 445 1431 templa
475 1377 680 1429 fecimus,
722 1378 957 1419 renovatio
997 1379 1175 1421 timoris
1214 1393 1421 1433 magnam
1460 1395 1552 1422 mo-

59 1435 235 1483 lestiam
265 1431 494 1474 afferebat.
555 1433 706 1483 Quare
743 1433 881 1475 velim
912 1434 1135 1488 equidem,
1176 1435 1224 1475 id
1253 1436 1375 1490 quod
1405 1450 1551 1492 spero,

10 1519 11 1539 ;
58 1497 108 1532 ut
137 1491 271 1546 plane
300 1489 499 1530 abiectus
529 1494 573 1530 et
601 1489 774 1530 fractus
805 1489 867 1530 sit
894 1490 1139 1532 Antonius:
1178 1491 1251 1532 sin
1281 1492 1458 1547 aliquid
1486 1494 1551 1535 vi-

11 1543 13 1562 ²
59 1548 174 1588 rium
203 1545 322 1587 forte
361 1545 617 1600 collegerit,
655 1546 818 1587 sentiet
855 1560 937 1588 nec
977 1548 1152 1589 senatui
1191 1548 1432 1590 consilium
1471 1563 1554 1590 nec

59 1603 225 1658 populo
255 1600 458 1643 Romano
498 1603 711 1643 virtutem
741 1602 896 1644 deesse
926 1617 1010 1644 nec
1041 1603 1110 1644 rei
1138 1604 1346 1659 publicae
1375 1610 1418 1646 te
1448 1606 1553 1648 vivo

14 1658 16 1706 ἶ
58 1661 388 1714 imperatorem.
447 1671 563 1699 xlm.
595 1657 700 1699 Kal.
731 1658 830 1701 Iun.

159 1781 184 1813 l.
241 1778 369 1812 Galba.
417 1777 453 1811 S.
490 1789 538 1811 zu
571 1788 631 1823 ep.
659 1779 738 1813 810.
775 1778 828 1812 im
861 1779 948 1813 Ans.
1009 1780 1194 1815 Volumnio
1231 1781 1385 1822 Flacco,
1425 1795 1451 1817 s.
1491 1794 1549 1829 ep,

18 1846 22 1878 ⁴.
58 1829 139 1863 833.
191 1827 305 1860 Beide
332 1837 463 1861 waren
490 1826 622 1874 Legati
649 1827 713 1860 des
739 1827 785 1861 D.
813 1828 961 1864 Brutus.
992 1847 1033 1852 —
1061 1829 1251 1863 liniendwn
1274 1833 1435 1873 putares.
1486 1832 1550 1866 Sic

60 1876 133 1910 lud.
158 1875 256 1909 Vict.
282 1877 314 1910 2.
350 1875 541 1908 timendum
566 1875 884 1919 suspicundumque
906 1881 1059 1920 putares
1097 1877 1161 1911 Cd.
1189 1878 1318 1921 Basi1.,
1346 1890 1416 1913 nec
1441 1881 1549 1924 quid-

22 1960 23 1964 *
60 1935 170 1968 quam
199 1923 349 1956 aliunde
374 1929 530 1956 notatur
554 1923 765 1959 varietatis,
822 1923 960 1967 Sicque
987 1935 1115 1959 omnes
1141 1925 1236 1959 Edd.
1265 1938 1369 1960 meae
1394 1934 1550 1973 praeter

21 2000 24 2016 ὲ
58 1973 156 2006 Vict.
183 1973 215 2006 2.
257 1971 326 2004 Est
358 1977 481 2005 tamen
521 1970 608 2004 satis
645 1970 775 2016 putide
815 1971 960 2005 dictum
994 1973 1081 2017 quid
1112 1974 1363 2017 suspicandum
1387 1980 1549 2020 putares,

23 2020 25 2030 ¹
58 2020 353 2064 suspicabamur3
393 2026 431 2052 et
466 2029 576 2053 error-
610 2026 716 2052 natus
742 2021 945 2054 manifesto
980 2032 1025 2052 ex
1051 2020 1126 2056 hoc
1162 2023 1244 2068 ipso
1277 2036 1313 2057 v.
1338 2025 1549 2068 suspicaba-

19 2066 25 2105 ⁴³
57 2079 142 2101 mur
181 2067 277 2100 male
315 2074 528 2111 praecepto.
571 2067 768 2101 ORELLI.
817 2069 1024 2111 timendum,
1062 2081 1200 2116 nempe
1234 2083 1281 2104 ne
1314 2072 1478 2118 Lepidus
1511 2085 1550 2108 se

25 2139 27 2160 3
59 2128 146 2150 cum
172 2116 338 2149 Antonio
367 2116 629 2163 coniungeret.
659 2135 696 2142 —-
728 2116 886 2150 victoria
914 2118 1129 2152 Mutinensi.
1169 2138 1211 2143 ——
1250 2120 1368 2163 duces,
1395 2122 1550 2157 M‘zinner

26 2161 28 2163 ’
59 2177 105 2198 an
132 2164 258 2197 seiner
280 2163 422 2208 Spitze.

28 2210 29 2217 ³
156 2214 187 2247 2.
238 2211 389 2255 incluso,
417 2211 563 2245 obsesso
589 2211 768 2246 Mutinae.
798 2233 840 2239 —-
869 2213 1039 2255 vitorem&
1066 2215 1232 2249 nondum
1259 2217 1375 2252 victo.
1404 2239 1444 2244 —-
1475 2222 1546 2252 tam

51 2261 244 2302 furiosum
278 2260 357 2293 arb.
408 2260 523 2305 Atqui
557 2260 721 2305 Lepidus
763 2262 892 2305 paucis
933 2262 1064 2296 diebus
1108 2271 1196 2308 post
1231 2265 1410 2311 scriptam
1450 2266 1547 2300 hanc·

30 2315 31 2318 ’
61 2308 261 2353 epistolam
298 2308 358 2340 lV.
387 2308 468 2341 Kal.
503 2309 584 2342 Iun.
620 2308 827 2342 Antonium
864 2311 1021 2355 recepit.
1058 2311 1167 2346 SGH.
1219 2332 1260 2337 —
1311 2314 1348 2346 in
1390 2317 1547 2348 maximo

40 2353 155 2389 ‘bello
181 2356 204 2392 i,
233 2367 261 2389 e.
291 2367 405 2400 quum
433 2356 574 2389 bellum
603 2357 764 2390 maxime
787 2358 973 2401 flagraret.
1022 2381 1061 2385 —
1101 2371 1238 2404 pacem.
1291 2362 1419 2396 Voluit
1444 2363 1546 2396 enim

34 2447 35 2452 1
60 2404 266 2437 Antonium
292 2404 544 2437 reconciliare
571 2406 730 2439 senatui.
781 2425 828 2430 -—
878 2407 916 2439 a'n
943 2412 1014 2451 opt.
1051 2409 1132 2441 scil.
1157 2410 1229 2464 (fibi
1255 2421 1356 2454 pace,
1389 2411 1544 2444 Antonii

34 2459 35 2463 ’
60 2451 206 2484 viribus
234 2452 377 2484 fractis.
406 2471 449 2476 ——
477 2453 554 2486 Nec
579 2460 717 2486 tamen.

155 2501 190 2533 3.
240 2500 497 2542 gratulatione
522 2501 546 2533 i.
575 2513 606 2535 e.
642 2501 918 2545 supplicatione
952 2505 1068 2538 Bruto
1100 2505 1261 2540 decreta.
1319 2526 1358 2530 -
1410 2507 1545 2541 XIIII.

61 2548 149 2582 Kal.-
173 2548 262 2589 Iun,
290 2559 349 2580 am
375 2549 430 2582 19.
458 2549 540 2582 Mai.
576 2549 688 2583 XIII.
716 2550 807 2582 Ern.
837 2550 925 2583 Sch.
955 2553 1048 2585 Liin.
