1795 3086
481 113 798 159 EPISTOLA
830 115 1154 160 DCCCXVII.
1470 115 1565 164 307

51 221 191 283 'quod
230 231 275 268 te
316 228 507 282 primum
545 227 803 269 existimare
842 228 1070 280 putabam,
1113 242 1216 281 nos,
1261 242 1472 283 oppressa
1513 244 1560 272 re

71 285 272 339 publica,
311 283 539 337 quiescere
567 295 653 322 non
684 295 836 336 posse:
876 282 1066 334 deinde,
1107 298 1240 340 quum
1277 287 1559 339 suspicarere

71 353 150 380 nos
192 339 370 390 moliri,
410 338 528 392 quod
568 343 611 379 te
650 337 900 379 sollicitum
931 352 1026 380 esse
1068 345 1113 381 et
1143 341 1198 383 de
1228 340 1374 383 salute
1402 346 1558 383 nostra

69 399 114 436 et
148 395 203 436 de
243 408 393 436 rerum
432 397 589 434 eventu
626 395 857 446 putabam:
903 395 1033 435 simul
1065 408 1119 437 ac
1160 398 1357 450 legiones
1385 398 1556 452 accepi,

69 465 178 506 quas
208 451 262 493 A.
292 451 490 492 Allienus
520 449 734 490 eduxerat
764 462 817 490 ex
846 448 1082 506 Aegypto,
1123 453 1285 506 scripsi
1323 452 1380 494 ad
1418 457 1462 494 te
1492 459 1558 495 ta-

68 507 364 561 bellariosque
393 506 645 559 complures
687 504 880 546 Romam
919 507 1037 547 misi.
1107 506 1281 561 Scripsi
1326 509 1461 562 etiam
1501 509 1558 550 ad

69 567 270 604 senatum
298 563 476 612 literas,
516 573 626 615 quas
665 561 795 603 reddi
826 562 949 603 vetui
978 562 1127 616 prius,
1168 575 1299 616 quam
1329 565 1413 606 tibi
1444 565 1557 606 reci-

69 624 187 660 tatae
226 622 393 659 essenti
440 617 479 658 si
523 617 644 658 forte
691 618 779 658 mei
820 619 1127 672 obtemperare
1167 617 1278 658 mihi
1316 620 1555 663 voluerint.

27 698 28 701 =
70 674 201 724 Quod
230 674 270 716 si
298 673 457 714 literae
486 673 686 727 perlatae
715 686 803 714 non
834 679 964 724 sunt,
993 687 1080 714 non
1108 671 1288 725 dubito,
1325 675 1430 729 quin
1460 676 1558 719 Do·

67 731 253 782 labella,
302 730 403 784 qui,
449 728 622 770 nefarie
670 729 894 770 Trebonio
945 729 1121 780 occiso,
1176 728 1328 770 Asiam
1366 744 1555 785 occupa-

67 787 159 839 vit,
203 786 465 827 tabellarios
503 797 625 826 meos
663 784 947 839 deprenderit
978 784 1219 838 literasque
1250 784 1552 840 interceperit.

67 841 314 884 Exercitus
347 853 523 893 omnes,
565 840 642 894 qui
679 841 726 881 in
767 841 906 895 Syria
943 839 1145 892 suerunt,
1185 845 1329 882 teneo.
1403 842 1551 884 Habui

67 897 314 952 paullulum
334 910 483 938 morae
497 928 508 947 ,
539 895 642 936 dum
662 895 882 950 promissa
899 896 1119 937 militibus
1142 897 1364 950 persolvo.
1422 897 1554 940 Nunc

68 956 158 995 iam
189 967 283 993 sum
314 952 554 1005 expeditus.
612 951 651 990 A
679 956 723 992 te
751 955 880 1006 peto,
910 955 961 991 ut
984 952 1250 1006 dignitatem
1270 966 1413 994 meam
1434 967 1554 995 com-

67 1009 316 1050 mendatam
345 1008 430 1049 tibi
459 1006 645 1058 habeas,
687 1009 726 1048 si
756 1021 827 1049 me
852 1007 1071 1062 intelligis
1098 1009 1266 1049 nullum
1296 1022 1436 1064 neque
1476 1024 1553 1064 pe-

31 1090 33 1093 <
68 1065 258 1106 riculum
287 1076 428 1117 neque
460 1063 656 1103 laborem
686 1064 857 1117 patriae
886 1063 1153 1118 denegasse:
1199 1064 1240 1105 si
1278 1071 1435 1106 contra
1471 1066 1556 1106 im-

68 1119 410 1176 portunissimos
440 1119 635 1159 latrones
673 1131 797 1160 arma
832 1120 933 1172 cepi
962 1123 1007 1159 te
1036 1119 1242 1161 hortante
1274 1125 1318 1162 et
1348 1125 1553 1163 auctore:

67 1178 108 1219 si
145 1190 231 1218 non
270 1176 414 1216 solum
456 1175 679 1216 exercitus
720 1174 776 1214 ad
817 1188 911 1215 rem
950 1175 1170 1228 publicam
1209 1177 1553 1232 libertatemque

28 1247 29 1250 ¹
67 1232 387 1274 defendendam
416 1232 696 1284 comparavi,
726 1230 805 1271 sed
838 1231 972 1271 etiam
994 1231 1314 1273 crudelissimis
1344 1234 1552 1288 tyrannis

30 1320 31 1323 η
68 1289 237 1343 eripui;
267 1300 376 1341 quos
406 1287 445 1327 si
474 1290 738 1340 occupasset
763 1287 1023 1338 Dolabella,
1053 1300 1140 1328 non
1169 1288 1312 1328 solum
1342 1289 1550 1341 adventu,

38 1344 146 1386 .sed
174 1344 308 1386 etiam
337 1342 544 1395 opinione
583 1346 628 1382 et
669 1342 999 1396 exspectatione
1040 1344 1262 1385 exercitus
1303 1344 1373 1384 sui
1411 1345 1551 1385 Anto-

64 1400 188 1442 nium
230 1397 550 1440 confirmasset.
621 1396 746 1446 Quas
786 1399 842 1439 ob
881 1411 950 1438 res
988 1399 1156 1439 milites
1198 1403 1345 1450 tuere,
1397 1400 1437 1440 si
1474 1413 1549 1441 eos

39 1456 41 1491 ἐ
65 1455 258 1499 mirifice
286 1454 342 1496 de
371 1468 420 1497 re
448 1454 631 1508 publica
659 1453 843 1496 meritos
877 1466 974 1494 esse
1003 1454 1347 1497 animadvertis:
1397 1461 1440 1496 et
1484 1456 1550 1497 ef-

64 1512 175 1564 fice,
205 1525 259 1553 ne
288 1524 416 1565 quem
443 1510 669 1564 poeniteat
698 1523 791 1554 rem
819 1510 1039 1564 publicam
1060 1524 1191 1565 quam
1211 1525 1334 1565 spem
1356 1512 1551 1565 praedae

41 1590 43 1605 2
67 1574 113 1612 et
142 1568 394 1622 rapinarum
423 1567 547 1620 sequi
575 1566 799 1608 maluisse.
857 1565 973 1607 Item
1003 1565 1156 1608 Murci
1187 1572 1232 1608 et
1261 1566 1435 1622 Crispi,
1466 1569 1550 1608 im-

35 1633 45 1661 l
68 1628 346 1679 peratorum,
376 1622 666 1677 dignitatem,
708 1624 921 1675 quantum
951 1627 1018 1662 est
1047 1623 1094 1663 in
1124 1626 1191 1675 te,
1232 1626 1370 1664 tuere.
1435 1623 1553 1665 Nam

36 1676 45 1717 l
66 1681 235 1722 Bassus
278 1680 439 1719 misere
477 1678 621 1719 noluit
658 1677 773 1718 mihi
801 1678 1020 1731 legionem
1050 1679 1241 1720 tradere.
1301 1678 1434 1729 Quod
1464 1680 1553 1721 nisi

45 1754 46 1763 ¹
66 1737 256 1788 milites,
285 1735 426 1776 invito
458 1748 532 1785 eo,
563 1733 732 1787 legatos
761 1733 819 1775 ad
848 1747 918 1775 me
940 1733 1190 1786 misissent,
1221 1734 1418 1775 clausam
1436 1735 1553 1790 Apa-

68 1806 210 1835 meam
250 1791 490 1844 tenuisset,
533 1790 682 1845 quoad
719 1790 766 1831 vi
807 1794 924 1830 esset
968 1796 1229 1845 expugnata.
1298 1790 1426 1832 Haec
1454 1805 1482 1834 a
1511 1796 1553 1833 te

0 1923 1 1927 ’
40 1895 117 1959 dod
138 1917 254 1950 Acad.
283 1917 316 1951 2.
341 1918 369 1960 §.
400 1918 479 1952 120.
509 1916 706 1951 ORELLI.
746 1935 790 1940 —
827 1915 1006 1960 primum,
1034 1916 1211 1958 erstlich,
1244 1923 1395 1950 erstens,
1449 1916 1552 1951 Ordo

0 1964 3 1983 ¹
68 1965 169 1998 verb.
196 1966 321 2009 Itaque
347 1988 356 1998 .
385 1989 392 1997 .
418 1965 552 2008 scripsi
577 1965 625 1998 ad
648 1968 699 2002 te,
723 1965 903 2007 primum,
936 1965 1030 2009 quod
1055 1972 1129 1998 cet.
1156 1983 1203 1988 —
1238 1975 1303 1998 nos
1329 1964 1456 1998 moliri
1482 1966 1551 1999 ali-

0 2020 5 2023 '
69 2014 181 2057 qnid,
219 2013 298 2046 dass
324 2013 392 2045 wir
425 2013 552 2047 Etwas
579 2013 868 2048 untern'ahmen.
902 2031 949 2037 -—
980 2013 1163 2049 Allienus,
1190 2013 1223 2045 S.
1250 2024 1306 2058 ep.
1334 2014 1414 2053 798,
1445 2015 1463 2048 1
1491 2025 1551 2047 am

39 2066 45 2098 ,ἶ
67 2061 190 2096 Eride.
220 2079 264 2086 -
290 2060 325 2093 si
337 2061 447 2103 forle
474 2086 482 2093 .
509 2086 517 2095 .
544 2061 733 2096 voluerint.
790 2061 935 2106 Nempe
960 2061 1080 2094 Cassii
1105 2061 1254 2094 familia
1279 2072 1354 2094 non
1379 2061 1467 2094 satis
1493 2063 1550 2095 fa-

51 2124 53 2145 π
68 2110 180 2143 vebat
223 2109 398 2144 Ciceroni
437 2115 595 2154 propter
636 2109 946 2142 coniunctionem
985 2121 1074 2142 cum
1111 2110 1275 2143 Antonio
1315 2115 1354 2142 et
1392 2110 1550 2155 Lepido.

43 2147 300 2194 {ERNESTL
326 2176 374 2182 —
411 2158 590 2200 Trebonio
618 2158 757 2197 occiso,
793 2157 856 2202 qui
880 2158 991 2191 Asiae
1016 2163 1202 2203 praeerat.
1233 2157 1270 2191 S.
1298 2157 1458 2203 Philipp.
1486 2160 1550 2195 XI,

53 2207 92 2241 42
116 2206 155 2239 ff.
189 2206 344 2251 Appian.
380 2206 450 2244 ΙΙΙ,
482 2207 539 2241 26.
572 2206 647 2239 Dio
681 2206 836 2240 XLVII.
873 2217 920 2240 zu
956 2218 1017 2250 ep.
1051 2207 1122 2242 389
1147 2206 1200 2239 im
1226 2206 1310 2239 Anf.
1337 2217 1371 2238 u.
1398 2207 1478 2241 241.
1506 2225 1550 2231 —

53 2247 222 2296 ¹Asiam,
255 2254 316 2287 die
340 2254 526 2295 Provinz,
552 2254 822 2291 Vorderasien,

0 2342 1 2346 Ἰ
163 2303 198 2338 2.
229 2302 355 2336 Habui
387 2302 501 2345 paule.
535 2313 658 2336 morae
696 2303 720 2336 i.
761 2314 792 2336 e.
833 2308 987 2336 coactus
1026 2314 1106 2336 sum
1146 2303 1351 2348 paullulum
1393 2313 1550 2341 cessare,

4 2359 11 2365 ·
70 2351 257 2392 (εὲίιιηιοη,
299 2349 539 2393 verziehen),
581 2350 700 2385 donec
736 2350 918 2384 militibus
954 2362 997 2383 ea
1029 2352 1298 2397 persolverem,
1338 2362 1430 2396 quae
1461 2362 1552 2395 pro-

2 2389 11 2405 “
49 2409 58 2458 ὲ
71 2398 266 2437 miseram,
293 2409 408 2443 quum
433 2399 480 2431 ad
506 2409 564 2431 me
592 2399 773 2431 venirent.
800 2417 846 2422 —-
873 2400 1019 2442 expect,
1054 2399 1173 2434 damit
1198 2400 1332 2444 fertig‚
1359 2411 1405 2431 zu
1430 2399 1551 2432 Ende.

0 2451 12 2473 ³¹·
50 2460 120 2495 --
152 2446 366 2488 denegasse,
398 2446 690 2493 ausgeschlagen
725 2447 841 2487 habe,
881 2447 1122 2484 detrectasse.
1158 2467 1202 2473 —
1237 2447 1401 2492 tyrannis
1437 2448 1552 2480 Dola-

59 2494 213 2535 1bellae,
238 2494 412 2528 Antonio.
441 2513 484 2519 —
521 2499 750 2539 occupasset,
776 2495 856 2528 scil.
883 2497 1083 2539 exercitus,
1121 2496 1159 2529 in
1194 2497 1297 2528 seine
1332 2496 1463 2528 Hande
1489 2495 1553 2528 be-

71 2543 268 2584 kommen,
310 2542 347 2575 in
382 2543 564 2587 Beschlag
598 2554 824 2588 genommen
858 2542 981 2581 hatte.
1015 2563 1063 2570 -
1103 2545 1295 2588 opinione,
1335 2542 1455 2577 durch
1489 2543 1552 2576 die

72 2591 247 2636 giinstige
281 2590 463 2635 Meinung
504 2603 577 2625 von
611 2591 734 2625 seiner
775 2590 922 2626 Armee.
972 2611 1016 2618 -—
1071 2591 1252 2634 confirm„
1299 2591 1553 2637 ermuthigem

169 2689 202 2723 3.
228 2698 271 2721 ne
297 2697 395 2731 quem
421 2698 463 2720 ex
488 2688 685 2722 militibus.
719 2708 762 2714 —
797 2687 925 2722 Murci
959 2692 993 2721 et
1027 2686 1166 2731 Crispi,
1199 2686 1404 2734 quiuCassii
1436 2687 1554 2730 legati

61 2735 192 2768 fuere.
217 2735 251 2768 S.
279 2747 338 2780 ep.
365 2736 446 2774 798,
475 2738 505 2770 1.
545 2755 585 2762 -
620 2737 776 2777 misere,
813 2736 1045 2769 erbarmlich
1071 2747 1206 2783 genug.
1258 2736 1363 2769 Uber
1388 2734 1429 2777 Q.
1457 2736 1551 2768 Cae-

75 2783 178 2816 cilius
207 2784 361 2824 Bassus,
400 2783 467 2816 der
494 2784 553 2817 ein
581 2785 780 2829 Anhanger
807 2784 868 2817 des
895 2784 1095 2829 Pompeius
1133 2783 1210 2817 und
1244 2783 1382 2817 damals
1416 2784 1554 2817 Priitor

1032 2832 1129 2876 20*
