1795 3086
146 64 177 111 S
422 59 489 103 M.
520 61 577 103 Τ.
607 58 950 103 CICERONIS
991 60 1367 105 EPISTOLAE.

147 175 322 218 sissimo
352 178 396 215 et
435 171 747 227 copiosissimo
790 169 960 212 tamdiu
999 173 1162 225 tenuit,
1201 175 1413 228 quamdiu
1443 177 1498 218 in
1538 191 1640 232 pro-

148 232 300 274 vincia
328 229 489 272 Parthi
518 228 710 269 suerunt.
770 226 858 268 Sed
882 227 991 269 haec
1020 230 1178 271 melius
1209 245 1264 272 ex
1294 246 1341 272 re
1372 236 1416 272 et
1446 247 1499 274 ex
1530 241 1637 275 tem-
1675 258 1678 261 -

149 302 256 345 pore
293 286 554 327 constitues.
622 282 741 323 Mihi
789 283 966 337 quidem
1015 298 1154 338 usque
1193 300 1327 328 curae
1367 289 1478 341 erit,
1529 291 1635 343 quid

147 358 280 399 agas,
310 343 439 393 dum,
477 338 586 393 quid
615 338 783 393 egeris,
823 340 984 380 sciero.
1052 340 1230 383 Literas
1261 343 1316 384 ad
1349 346 1391 383 te
1420 358 1638 398 nunquam

147 400 279 441 habui
324 397 396 438 cui
435 396 612 447 darem,
653 394 761 448 quin
791 394 1003 435 dederim.
1076 398 1114 438 A
1146 402 1214 449 te,
1257 403 1304 439 ut
1334 399 1449 440 idem
1480 400 1637 453 facias,

147 460 269 510 peto:
310 454 353 493 in
391 450 660 508 primisque,
701 454 751 492 ut
780 451 844 493 ita
873 451 931 493 ad
961 455 1061 494 tuos
1100 455 1294 508 scribas,
1339 458 1388 496 ut
1416 470 1485 497 me
1515 461 1636 498 tuum

147 511 292 554 sciant
322 522 433 550 esse.

324 702 646 747 EPISTOLA
676 702 917 746 DCLVII.
976 703 1052 753 (ad
1084 703 1187 744 Div.
1220 703 1330 745 VII.
1360 705 1450 755 31.)

272 780 350 815 scr.
378 783 527 816 Romae
552 790 681 814 mense
713 780 919 815 Februario
945 780 986 814 Α.
1016 781 1058 815 U.
1088 781 1126 813 c.
1155 780 1236 815 710.
1288 779 1336 822 (a.
1365 783 1404 814 0.
1430 780 1508 822 44.)

143 848 286 887 Invitat
311 848 357 884 ad
382 854 513 884 mutua
540 847 668 883 officia
693 854 749 888 et,
784 856 825 882 ut
850 849 890 882 in
917 848 1048 882 urbem
1084 846 1214 881 redeat
1245 847 1381 882 veteris
1414 846 1638 882 urbanitatis

580 896 740 931 tuendae
774 908 904 939 causa,
942 903 1065 941 rogat.
1114 897 1202 932 1-2.

638 963 818 998 CICERO
849 962 1000 998 CURIO
1027 963 1062 997 S.
1091 963 1139 997 D.

254 1033 408 1076 Facile
435 1031 643 1087 perspexi
683 1045 737 1073 ex
777 1032 865 1072 tuis
903 1031 1077 1082 literis,
1117 1029 1235 1085 quod
1264 1044 1443 1087 semper
1471 1031 1636 1084 studui,

144 1092 190 1131 et
217 1103 287 1131 me
318 1104 345 1131 a
373 1095 416 1130 te
445 1088 625 1143 plurimi
646 1087 750 1128 fieri
770 1093 816 1128 et
840 1093 882 1128 te
910 1087 1188 1140 intelligere,
1217 1100 1349 1141 quam
1370 1087 1483 1129 mihi
1505 1102 1636 1130 carus

143 1159 280 1188 esses.
352 1145 485 1194 Quod
523 1143 731 1198 quoniam
782 1147 969 1197 uterque
1008 1141 1209 1184 nostrum
1247 1148 1512 1185 consecutus
1553 1151 1636 1195 est,

144 1202 365 1256 reliquum
396 1205 487 1253 est,
519 1205 568 1241 ut
597 1199 764 1241 officiis
795 1203 1012 1240 certemus
1036 1199 1154 1240 inter
1173 1212 1276 1248 nos3
1307 1200 1464 1253 quibus
1495 1214 1638 1255 aequo

143 1257 293 1299 animo
322 1256 390 1298 vel
422 1256 597 1299 vincam
627 1259 672 1297 te
700 1256 772 1297 vel
802 1256 960 1298 vincar
988 1255 1066 1296 abs
1098 1258 1156 1297 te.
1215 1255 1368 1296 Acilio
1390 1269 1477 1297 non
1496 1256 1636 1297 fuisse

145 1326 329 1355 necesse
358 1326 477 1354 meas
509 1312 608 1353 dari
639 1312 793 1352 literas
823 1312 958 1352 facile
988 1310 1148 1365 patior.
1207 1310 1396 1364 Sulpicii
1420 1312 1503 1352 tibi
1532 1327 1637 1367 ope-

147 1383 242 1412 ram
271 1369 474 1423 intelligo
494 1382 547 1409 ex
567 1367 657 1409 tuis
679 1367 823 1409 literis
848 1381 934 1409 11011
954 1368 1140 1408 multum
1163 1380 1272 1420 opus
1297 1367 1434 1408 fuisse
1453 1373 1638 1422 propter

143 1430 244 1467 tuas
275 1438 345 1465 res
385 1425 449 1465 ita
488 1427 766 1473 contractas,
809 1428 882 1477 ut,
922 1422 1291 1478 quemadmodum
1330 1423 1516 1476 scribis,
1556 1438 1638 1466 1100

144 1484 277 1536 eaput
304 1493 386 1521 nee
424 1480 575 1534 pedes,
642 1479 862 1535 Equidem
902 1480 1086 1531 vellem,
1126 1478 1193 1519 uti
1233 1477 1367 1532 pedes
1406 1478 1637 1531 haberent,

145 1543 194 1579 ut
222 1535 460 1592 aliquando
491 1536 676 1579 redires.
739 1536 885 1578 Vides
918 1537 1036 1577 enim
1067 1534 1295 1577 exaruisse
1323 1535 1412 1576 iam
1442 1540 1637 1577 veterem

143 1698 285 1744 folgen.
336 1696 488 1731 Ironie!
514 1696 549 1729 S.
574 1706 636 1739 ep.
663 1695 743 1735 281,
769 1695 805 1730 5.
832 1694 915 1737 293,
941 1694 974 1730 6.
1004 1711 1048 1718 -
1071 1691 1228 1737 copios.‚
1255 1691 1327 1725 mit
1353 1690 1518 1726 Veri-ath
1544 1692 1640 1726 aller

142 1749 213 1781 Art
238 1745 468 1780 reichlichst
492 1745 734 1780 νει-5011011011.

241 1798 274 1830 3.
302 1805 346 1828 ex
371 1805 411 1829 re
438 1797 471 1827 et
496 1796 677 1836 tempore,
714 1791 811 1826 nach
843 1791 927 1825 Zeit
959 1789 1033 1824 und
1066 1788 1300 1824 Umstiinden
1326 1787 1494 1823 dax-iiber
1518 1788 1640 1822 Deine

144 1843 376 1888 Massi-egeln
411 1841 595 1883 nehmen,
628 1840 826 1886 verfiigen.
860 1858 904 1864 —
942 1849 1069 1883 usque,
1090 1838 1274 1877 assidue,
1309 1836 1451 1879 donec,
1486 1837 1638 1879 immer,

144 1904 186 1926 so
212 1893 339 1936 lange.
367 1908 408 1915 —
439 1889 524 1933 quin
551 1902 601 1920 z
627 1889 727 1922 ohne
754 1890 854 1929 dass,
883 1888 984 1923 ohne
1012 1899 1067 1921 zu.
1094 1905 1138 1912 —-
1165 1897 1216 1920 me
1241 1889 1338 1919 tuum
1363 1910 1371 1918 .
1399 1914 1407 1922 .
1433 1895 1530 1928 esse,
1558 1885 1640 1920 dass

144 1940 239 1976 auch
266 1939 330 1974 ich
356 1950 454 1984 ganz
480 1937 547 1971 der
571 1937 737 1985 Deinige
763 1938 830 1971 sei.

293 2005 461 2042 CURIO.
495 2003 532 2039 S.
558 2016 603 2038 zu
628 2016 686 2049 ep.
714 2005 784 2041 472
809 2004 860 2037 im
886 2001 972 2037 Anf.
998 2003 1083 2039 648.
1110 2002 1191 2037 653.

242 2058 275 2090 1.
301 2054 395 2100 quod
424 2063 564 2097 semper
598 2053 742 2094 studui,
778 2052 938 2086 wonach
974 2052 1037 2084 ich
1072 2050 1409 2094 immergestrebt
1443 2049 1556 2084 habe.
1593 2069 1638 2076 -

145 2104 334 2149 quoniam,
368 2102 438 2136 wie
465 2113 525 2148 ep.
550 2101 644 2145 LIX,
672 2104 705 2136 1.
738 2119 783 2125 --
816 2104 854 2134 ut
880 2098 985 2142 offic.
1013 2103 1101 2133 cert.
1128 2099 1225 2132 iuter
1250 2109 1333 2141 nos,
1370 2099 1452 2131 dass
1479 2100 1547 2133 wir
1572 2112 1639 2134 uus

146 2165 208 2186 11111
241 2152 301 2185 die
336 2152 465 2186 Wette
500 2150 692 2191 beeifern,
727 2150 820 2184 VVer
857 2160 894 2182 es
927 2149 1012 2182 dem
1054 2147 1226 2181 Anderen
1264 2158 1311 2180 an
1347 2147 1535 2181 Beweisen
1572 2149 1639 2182 der

145 2199 481 2244 Dienstfertigkeit
506 2196 718 2233 zuvorthun
745 2197 877 2231 1115111ιο.
904 2216 949 2222 -
982 2207 1079 2229 meas
1105 2195 1190 2229 dari
1221 2194 1372 2236 literas,
1408 2207 1496 2239 quas
1531 2196 1640 2231 Curii

144 2257 278 2295 rogatu
305 2248 352 2282 ad
378 2259 463 2282 eum
489 2246 693 2292 scripserat
720 2246 910 2291 Curioque
936 2245 1094 2278 miserat
1123 2255 1207 2277 cum
1235 2243 1389 2288 epistola
1415 2245 1499 2280 653,
1527 2244 1636 2278 SCII.

240 2300 274 2334 2.
302 2296 405 2340 Sulp.
432 2295 500 2329 tibi
524 2306 676 2339 operam
702 2318 711 2327 .
738 2319 747 2328 .
773 2305 845 2328 non
871 2294 967 2330 mult.
996 2303 1088 2336 opus
1106 2291 1252 2334 faisse,
1279 2291 1358 2324 dass
1376 2292 1438 2325 Du
1456 2304 1526 2325 von
1553 2293 1638 2327 dem

144 2345 346 2380 Beistande
381 2344 445 2377 des
479 2343 514 2377 S.
548 2343 655 2377 nicht
687 2342 808 2376 vielen
847 2340 1055 2377 Gelu-auch
1097 2341 1231 2373 habest
1273 2340 1434 2373 macheu
1473 2340 1636 2375 konnen.

144 2395 208 2428 Sic
243 2393 459 2439 saepissime
494 2391 639 2425 Cicero.
674 2402 787 2435 opera
821 2402 864 2424 ex
896 2390 1052 2434 antiqua
1095 2387 1340 2422 correctione
1373 2389 1463 2423 Ern.
1498 2390 1638 2424 Bencd.

144 2443 229 2477 Sch.
260 2445 356 2476 Li'm.
394 2439 593 2476 ORELLI.
626 2441 661 2474 S.
696 2439 851 2473 Rarnsh.
889 2439 924 2482 §.
952 2439 1034 2481 144,
1061 2439 1094 2473 2.
1121 2439 1227 2471 Anni.
1256 2437 1410 2476 Gro'tef.
1438 2439 1467 2481 §.
1494 2439 1575 2480 257,
1601 2440 1637 2473 3.

146 2510 190 2516 -
215 2495 367 2535 propter
394 2493 418 2523 t.
447 2498 505 2522 res
525 2487 582 2522 ita
606 2491 724 2521 contr.
753 2494 842 2521 statt
868 2487 969 2532 quod
994 2493 1084 2520 tuae
1108 2498 1167 2519 res
1198 2486 1251 2518 ita
1286 2492 1503 2519 contractae
1539 2493 1638 2527 sunt,

146 2539 231 2573 weil
267 2540 386 2573 Deine
423 2537 630 2571 Geschzifte
656 2535 742 2569 sich
768 2547 808 2569 so
833 2535 900 2569 in’s
925 2536 1034 2579 Euge
1060 2544 1276 2568 zusammen
1302 2544 1473 2579 gezogen
1499 2534 1636 2569 haben.

145 2591 354 2621 contractas
380 2587 404 2619 i.
430 2597 462 2618 e.
489 2584 596 2618 valde
621 2583 854 2629 implicatas,
891 2585 979 2628 quia
1003 2583 1075 2616 tibi
1102 2594 1188 2616 cuin
1213 2581 1422 2616 tricouibus
1448 2589 1487 2615 et
1513 2583 1639 2616 homi-

145 2637 255 2669 nibus
281 2647 359 2669 11011
386 2634 562 2668 solvendo
589 2645 646 2666 res
670 2639 737 2666 est.
767 2632 985 2666 GRONOV.
1005 2649 1049 2656 —-
1076 2642 1143 2664 nec
1170 2635 1277 2673 caput
1301 2641 1363 2663 nec
1387 2631 1496 2674 pedes
1521 2631 1634 2663 habe-

147 2690 214 2717 ant
239 2684 267 2720 i.
295 2695 326 2718 0.
356 2694 426 2715 1100
453 2682 606 2715 initium
631 2692 701 2714 nec
728 2681 813 2713 finis
840 2686 1042 2726 appareat,
1070 2680 1158 2723 quia
1183 2679 1238 2712 sic
1266 2679 1438 2712 turbatae
1463 2685 1571 2721 sunt,
1597 2685 1638 2711 ut

146 2733 312 2775 nescias,
340 2731 404 2765 ubi
429 2730 608 2777 incipias,
635 2730 702 2764 ubi
729 2729 851 2763 finias.
880 2728 1099 2764 GRONOV.
1126 2746 1169 2753 —
1208 2726 1258 2760 uti
1282 2727 1390 2771 pedes
1425 2726 1524 2766 aab..
1555 2727 1637 2761 dass
