1795 3086
162 103 225 150 62
440 101 505 145 M.
538 103 594 146 Τ.
625 99 970 146 CICERONIS
1000 103 1375 151 EPISTOLAE.

166 229 256 259 non
286 218 331 258 te
361 215 625 257 insectatum
657 227 769 263 esse,
807 230 941 271 quum
971 218 1186 272 potueris,
1228 220 1398 261 amicos
1427 223 1652 273 paternos.

166 274 348 326 Patere,
378 273 566 314 obsecro
595 275 656 324 te,
696 284 777 326 pro
809 286 856 314 re
884 274 1069 328 publica
1097 274 1247 317 videri
1277 275 1471 330 gessisse
1499 278 1654 320 simul-

167 334 306 371 tatem
337 341 437 369 cum
466 330 595 382 patre
624 326 734 369 eius.
792 327 896 370 Non
927 330 1248 386 contempseris
1277 332 1395 372 hanc
1417 330 1654 378 familiam.

164 385 411 428 Honestius
459 383 578 425 enim
626 387 672 425 et
716 383 928 427 libentius
974 385 1238 441 deponimus
1279 387 1545 431 inimicitias
1585 391 1655 432 rei

165 442 371 497 publicae
400 439 580 481 nomine
607 446 838 495 susceptas
868 454 1001 496 quam
1020 444 1340 486 contumaciae.
1391 443 1468 486 Me
1488 445 1655 488 deinde

164 499 263 539 sine
292 496 349 536 ad
379 494 499 537 hanc
527 495 783 549 opinionem
813 498 902 538 iam
931 511 1048 539 nunc
1077 499 1277 555 dirigere
1307 514 1494 555 puerum
1522 506 1567 543 et
1589 505 1654 543 te-

164 566 273 595 nero
312 552 464 594 animo
502 551 599 593 eius
638 552 908 606 persuadere
947 567 1037 596 non
1066 568 1162 597 esse
1191 557 1432 599 tradendas
1462 558 1657 610 posteris

164 607 447 650 inimicitias.
509 606 787 663 Quamquam
818 614 941 651 tuam
970 609 1212 665 fortunam,
1243 613 1424 667 Cicero,
1453 616 1509 655 ab
1531 615 1654 656 omni

167 664 372 719 periculo
401 664 556 706 abesse
587 671 760 706 certum
790 664 958 717 habeo,
997 671 1147 708 tamen
1177 669 1402 720 arbitror,
1441 670 1578 712 malle
1609 675 1655 711 te

165 720 365 776 quietam
404 723 678 762 senectutem
717 726 762 762 et
800 720 1102 763 honorificam
1140 724 1289 778 potius
1344 739 1478 780 agere
1525 739 1655 780 quam

166 777 426 818 sollicitam.
484 776 722 817 Postremo
763 791 862 818 meo
904 779 1003 818 iure
1034 781 1080 819 te
1110 778 1199 820 hoc
1229 781 1498 823 beneficium
1529 796 1653 835 rogO.

166 832 297 874 Nihil
337 833 457 873 enim
496 845 585 872 non
623 836 700 874 tua
737 845 870 874 causa
910 833 1013 874 feci.
1082 834 1219 885 Quod
1249 835 1288 876 si
1327 851 1416 878 non
1445 838 1656 892 impetro,

165 902 245 944 per
281 902 351 930 me
391 887 555 929 Clodio
596 887 781 930 daturus
818 902 908 931 non
950 902 1070 930 sum:
1109 895 1160 932 ut
1201 891 1457 947 intelligas,
1499 895 1654 947 quanti

165 944 302 1042 apudb
324 958 395 985 me
440 943 685 987 auctoritas
730 948 807 986 tua
848 945 931 997 sit,
971 950 1102 1000 atque
1143 961 1195 989 eo
1231 952 1276 989 te
1315 949 1656 1003 placabiliorem

165 1014 271 1056 prae
306 1013 394 1042 eas.

891 1112 943 1153 Β.

601 1191 780 1226 CICERO
809 1191 1030 1226 ANTONIO
1059 1189 1157 1226 COS.
1186 1191 1223 1228 S.

279 1279 415 1331 Quod
446 1292 619 1321 mecum
652 1293 735 1334 per
762 1279 920 1322 literas
947 1280 1063 1335 agis⁷
1092 1293 1225 1321 unam
1255 1282 1310 1322 ob
1341 1294 1518 1324 causam
1545 1285 1657 1325 mal-

167 1340 255 1380 lem
293 1350 446 1378 coram
482 1336 666 1390 egisses.
733 1335 837 1378 Non
878 1336 996 1377 enim
1037 1336 1179 1377 solum
1221 1351 1280 1378 ex
1310 1339 1537 1392 oratione,
1578 1341 1657 1381 sed

168 1395 302 1437 etiam
332 1406 392 1434 ex
421 1393 551 1433 vultu
591 1396 638 1434 et
666 1393 809 1434 oculis
850 1397 896 1434 et
925 1391 1076 1433 fronte
1104 1415 1160 1421 ——
1199 1397 1250 1435 ut
1280 1395 1405 1436 aiunt
1429 1419 1485 1425 ——
1512 1410 1660 1437 meum

168 1464 277 1506 erga
315 1454 362 1491 te
401 1461 598 1489 amorem
635 1449 893 1504 perspicere
931 1449 1164 1503 potuisses.
1242 1448 1380 1496 Nam,
1435 1465 1571 1506 quum
1614 1458 1660 1493 te

169 1608 295 1642 Valer.
321 1609 419 1642 Max.
447 1607 518 1651 111,
544 1608 577 1642 5.
610 1606 812 1642 MANUT.
865 1626 908 1631 —
959 1607 1158 1652 repositum
1193 1607 1274 1640 sine
1310 1618 1420 1641 causa
1444 1613 1658 1652 suspectum

169 1656 265 1690 ΕΓΗ.
295 1655 494 1690 ORELLI.
526 1673 570 1679 —-
620 1665 690 1689 non
716 1660 752 1689 te
777 1668 826 1685 Ξ
852 1660 887 1689 te
911 1666 982 1690 non
1019 1655 1149 1690 Lamb.
1189 1655 1264 1690 OR.
1314 1674 1358 1680 —
1407 1659 1586 1700 paternos
1610 1670 1660 1688 z

166 1705 301 1760 patris.
353 1703 390 1738 S.
417 1703 568 1738 Ramsh.
597 1703 624 1746 ξ.
652 1705 735 1745 203,
761 1704 813 1747 ΙΙ,
839 1703 876 1746 b,
901 1706 936 1740 2.
989 1721 1031 1727 -
1080 1705 1207 1738 insect.
1231 1713 1321 1746 esse,
1347 1705 1407 1737 Du
1432 1703 1572 1738 h'eittest
1597 1716 1660 1739 aus

170 1751 393 1788 Rachsucht
418 1752 601 1800 verfolgt.
652 1752 838 1786 Antonius
871 1751 976 1787 hatte
1010 1752 1070 1786 die
1096 1754 1240 1786 Mutter
1264 1751 1384 1785 dieses
1419 1753 1459 1786 P.
1487 1752 1658 1796 Clodius,

168 1802 323 1845 Fulvia,
350 1800 587 1837 dieWittwe
612 1799 677 1834 des
704 1812 780 1834 von
801 1801 893 1835 Milo
919 1801 1139 1848 getb‘dteten
1160 1799 1322 1835 Feindes
1345 1811 1499 1834 unseres
1513 1800 1660 1844 Cicero,

169 1848 416 1899 geheirathet
442 1849 519 1883 und
544 1860 623 1882 nun
649 1849 777 1883 diesen
805 1849 1000 1884 Stiefsohn
1027 1849 1087 1883 bei
1113 1849 1196 1883 sich
1221 1849 1274 1881 im
1300 1848 1439 1882 Hause.

265 1899 301 1933 3.
326 1904 365 1931 te
390 1897 483 1931 huic
508 1908 628 1943 puero
654 1898 787 1939 videri,
813 1898 886 1931 lass
907 1898 981 1931 den
1003 1897 1155 1942 Knaben
1181 1897 1241 1930 bei
1258 1896 1327 1930 der
1344 1897 1537 1945 Meinung,
1563 1897 1658 1931 Dein

170 1946 294 1982 Zvvist
319 1946 390 1980 init
417 1946 561 1979 seinem
587 1946 704 1980 Vater
741 1946 797 1980 sei
835 1946 919 1980 eine
954 1945 1015 1979 die
1041 1945 1236 1991 Republik
1271 1944 1507 1978 betreffende
1534 1944 1660 1979 Sache

169 2005 360 2044 gewesen.
388 2013 432 2018 -—
467 1994 607 2033 libent„
634 1995 821 2043 williger.
850 2013 890 2019 -
929 1994 1067 2038 depon„
1095 1994 1216 2042 geben
1242 1993 1330 2035 wir,
1358 1994 1441 2040 gibt
1467 2005 1553 2026 man
1585 1995 1659 2027 auf.

171 2062 215 2068 —
244 2043 302 2078 rei
324 2053 358 2086 p.
385 2042 526 2076 nomine
551 2053 644 2076 susc.
671 2054 775 2087 quam
801 2047 910 2084 cont„
937 2043 998 2076 die
1019 2053 1105 2075 man
1121 2042 1184 2075 des
1202 2039 1323 2076 Staats
1342 2053 1479 2086 wegen
1501 2041 1659 2091 gehegt,

170 2092 227 2126 als
253 2091 329 2132 die,
355 2090 507 2124 welche
534 2103 622 2124 man
647 2103 710 2125 aus
736 2091 1022 2137 pei-soulichem
1048 2090 1162 2124 Groll
1199 2091 1340 2138 gefasst
1366 2089 1443 2123 hat.
1495 2109 1537 2114 —
1589 2101 1661 2124 non

172 2151 250 2174 esse
287 2140 385 2173 trad.
418 2139 598 2183 posteris,
639 2140 721 2173 dass
756 2151 843 2174 man
879 2139 981 2173 seine
1016 2138 1311 2173 Feindschaften
1356 2138 1468 2172 nicht
1502 2139 1569 2171 auf
1597 2138 1659 2172 die

170 2187 463 2223 Nachkommen
489 2190 614 2222 iniisse
640 2188 839 2222 forterben
867 2188 1002 2221 lassen.
1032 2206 1073 2211 —
1115 2186 1252 2220 Cicero.
1305 2186 1407 2233 Lege
1433 2187 1483 2220 mi
1512 2186 1658 2220 Cicero.-

171 2237 221 2271 mi
244 2236 462 2282 absorptum
488 2247 508 2268 a
534 2237 704 2282 praeced.
731 2248 775 2269 m.
805 2236 878 2269 ΟΒ.
907 2256 949 2261 ·—
977 2236 1021 2269 ab
1048 2236 1146 2268 omni
1169 2235 1337 2279 periculo
1363 2236 1435 2275 ab„
1462 2235 1557 2268 iiber
1581 2235 1660 2268 alle.

173 2284 323 2319 Gefahr
348 2284 508 2330 hinweg·
534 2285 601 2326 sei,
628 2286 733 2329 quasi
761 2281 943 2329 ἄφθονον.
1002 2302 1038 2307 -
1091 2284 1200 2317 malle
1225 2288 1259 2316 te
1298 2290 1370 2317 cet.
1421 2283 1520 2316 Eine
1555 2283 1659 2317 seine

172 2332 379 2380 Drohung!
408 2351 451 2356 —
476 2343 554 2366 meo
579 2333 672 2375 iure,
700 2334 755 2366 als
784 2333 845 2367 ein
871 2333 966 2366 dazu
991 2331 1266 2379 berechtigter.
1284 2350 1328 2355 —-
1355 2336 1416 2365 tua
1434 2341 1544 2365 causa
1560 2332 1661 2373 feci,

173 2388 232 2423 ut,
271 2392 386 2425 quum
418 2381 458 2414 P.
495 2381 672 2415 Clodium
706 2389 769 2416 tua
810 2393 920 2421 causa
955 2380 1171 2414 interficere
1201 2380 1323 2423 volui3
1374 2386 1436 2421 ut,
1472 2391 1588 2422 quum
1622 2386 1660 2413 te

173 2429 370 2464 Brundisii
396 2439 472 2462 non
508 2430 696 2463 interfeci.
746 2429 829 2463 vid.
868 2429 1039 2474 Philipp.
1073 2429 1122 2462 II.
1161 2439 1193 2463 c,
1231 2430 1286 2464 20.
1320 2429 1378 2464 24.
1437 2427 1658 2461 GORRAD.

176 2497 218 2502 -
246 2489 316 2511 non
341 2478 493 2521 impetro
518 2489 539 2511 a
565 2484 603 2511 te
629 2478 726 2522 quod
753 2485 853 2522 peto¹
880 2496 927 2503 —-
960 2479 1111 2511 daturus
1136 2487 1207 2510 non
1232 2487 1322 2520 sum,
1350 2487 1390 2510 so
1420 2475 1539 2511 werd'
1566 2475 1660 2509 ich's

174 2526 260 2560 dem
287 2525 446 2561 Clodius
470 2526 535 2560 fiir
558 2526 664 2560 mich
691 2526 808 2560 selbst
833 2526 946 2560 nicht
970 2525 1209 2572 bewilligen.

274 2591 305 2623 1.
337 2589 438 2624 Quod
458 2601 508 2619 r:
534 2588 575 2621 in
599 2586 744 2622 Betreff
765 2587 912 2630 dessen,
939 2585 1020 2620 class
1050 2611 1058 2619 .
1085 2612 1095 2621 ,
1123 2613 1132 2622 .
1157 2586 1368 2621 erwietlere
1399 2585 1466 2620 ich
1492 2598 1529 2620 u.
1555 2598 1583 2620 s.
1610 2598 1659 2620 w.

179 2656 221 2661 -
249 2637 399 2679 egisses.
438 2636 503 2670 Sic
529 2647 659 2670 omnes
685 2646 790 2669 meae
815 2642 901 2669 ante
928 2635 1054 2678 Grut.,
1082 2635 1195 2669 etiam
1222 2636 1304 2670 Bos.
1332 2646 1419 2669 cum
1444 2634 1516 2668 Md.
1545 2634 1659 2668 Oxon.

179 2688 210 2719 l.
237 2686 269 2720 2.
299 2685 421 2728 egisse
444 2684 556 2720 Grut.
583 2684 718 2719 Graev.
744 2684 839 2717 Ern.
867 2682 954 2717 Sch.
981 2684 1076 2717 Liin.
1103 2695 1236 2718 errore
1269 2682 1559 2731 typographico,
1590 2683 1663 2716 ΟΒ.

179 2734 286 2766 Hanc
314 2733 515 2778 epistolam
540 2733 588 2768 ad
613 2744 652 2767 se
685 2744 705 2765 a
730 2732 918 2766 Cicerone
943 2732 1125 2777 scriptam
1158 2739 1287 2778 postea
1321 2733 1502 2766 Antonius
1535 2731 1661 2775 Palam

179 2782 367 2823 recitavit,
401 2792 512 2825 quam
540 2782 584 2816 ob
612 2793 693 2817 rem
720 2793 804 2816 eum
832 2780 964 2815 Cicero
990 2781 1121 2816 acerbe
1146 2780 1378 2828 perstringit
1412 2778 1581 2824 Philipp.
1610 2779 1659 2813 ΙΙ,
