1795 3086
408 85 723 132 EPISTOLA
753 85 1198 130 DCCCXLV—vl.
1471 81 1564 131 363

220 245 535 289 EPISTOLA
565 245 909 288 DCCCXLVI.
974 246 1051 297 (ad
1081 245 1186 290 Div.
1218 244 1308 288 XI.
1337 245 1424 293 21.)

225 322 304 357 Ser.
333 322 472 357 Romae
492 320 590 367 prid.
618 321 716 356 Non.
743 322 826 356 1un.
859 321 902 355 A.
930 321 976 355 U.
1004 321 1044 355 o.
1078 323 1158 357 711.
1199 322 1247 364 (a.
1274 320 1314 355 c.
1340 321 1415 362 43.)

158 393 370 439 Respondet
395 391 589 438 Epistolae
616 392 761 426 Decimi
786 391 908 434 Bruti,
933 402 1025 435 quae
1052 398 1107 426 est
1133 391 1170 424 h.
1198 392 1255 426 ed.
1282 392 1361 428 888.
1390 392 1490 428 1-5.

274 463 320 494 Μ.
348 458 525 494 CICERO
552 458 588 493 S.
618 460 664 496 D.
692 460 739 496 D.
766 458 927 493 BRUTO
954 459 1047 492 IMP.
1077 457 1178 495 COS.
1205 457 1372 496 DESIG.

194 527 283 568 Dei
313 526 391 568 isti
421 526 608 581 Segulio
636 525 940 573 malefaciant,
969 525 1141 568 homini
1170 525 1445 580 nequissimo
1471 539 1563 567 om-

83 582 218 628 nium,
247 583 324 637 qui
352 587 471 633 sunt,
510 585 587 637 qui
616 582 808 629 suerunt,
844 583 920 637 qui
961 580 1102 622 futuri
1141 582 1263 623 sunt!
1320 581 1472 631 Quid?
1515 586 1565 622 tu

85 639 215 678 illum
244 643 389 679 tec-um
418 638 558 679 solum
589 643 664 680 aut
692 653 792 680 cum
822 635 1048 679 Caesare?
1078 638 1155 690 qui
1188 637 1406 678 neminem
1436 650 1564 692 prae-

84 693 342 745 termiserit,
393 694 573 749 quicum
614 695 738 749 loqui
776 693 989 750 potuerit,
1034 692 1107 732 cui
1154 706 1243 734 non
1281 694 1438 735 eadem
1477 692 1568 733 ista

84 747 284 791 dixerit?
342 749 413 790 Te
441 756 605 802 tamen,
634 750 697 791 mi
724 750 880 796 Brute,
925 748 992 789 sic
1017 760 1131 800 amo,
1170 752 1220 789 ut
1249 747 1404 801 debeo,
1443 747 1567 803 quod

84 804 204 846 istud
234 805 454 861 quidquid
485 811 600 847 esset
629 819 847 860 nugarum
875 817 944 845 me
974 803 1091 844 scire
1120 803 1321 845 voluisti.
1379 804 1567 859 Signum

86 861 207 901 enim
236 874 445 916 magnum
476 862 640 903 amoris
667 861 847 902 dedisti.
905 858 1019 901 Nam
1049 858 1171 914 quod
1199 859 1320 900 idem
1341 858 1568 914 Segulius,

84 921 321 958 veteranos
360 918 506 972 queri,
545 917 666 971 quod
704 921 753 957 tu
792 920 840 957 et
876 914 1045 957 Caesar
1083 914 1131 956 in
1170 914 1443 956 decemviris
1478 928 1568 956 non

86 973 258 1023 essetis,
304 973 473 1013 utinam
510 984 567 1013 ne
595 986 679 1027 ego
716 972 897 1027 quidem
940 975 1103 1012 essem!
1160 970 1285 1020 Quid
1323 970 1441 1012 enim
1476 983 1570 1011 mo-

84 1028 265 1069 lestius?
333 1027 424 1069 Sed
464 1032 629 1085 tamen,
677 1042 811 1083 quum
856 1040 941 1081 ego
989 1027 1224 1067 sensissem
1271 1025 1328 1067 de
1364 1025 1439 1079 iis,
1493 1025 1571 1081 qui

86 1083 318 1124 exercitus
346 1083 577 1134 haberent,
606 1084 873 1126 sententiam
902 1081 1015 1123 ferri
1044 1086 1275 1137 oportere:
1316 1080 1454 1123 iidem
1482 1081 1571 1134 illi,

86 1139 164 1193 qui
191 1139 353 1186 solent,
382 1140 692 1181 reclamarunt.
750 1140 909 1193 Itaque
946 1137 1127 1192 excepti
1166 1137 1302 1180 etiam
1339 1139 1464 1184 estis,
1501 1151 1573 1179 me

86 1194 375 1236 vehementer
403 1200 687 1250 repugnante.
748 1195 978 1246 Quocirca
1005 1192 1233 1247 Segulium
1272 1193 1571 1249 negligamus,

86 1250 165 1304 qui
195 1264 268 1291 res
306 1264 445 1292 novas
485 1251 685 1306 quaerit:
725 1264 813 1292 non
852 1263 939 1304 quo
979 1253 1178 1291 veterem
1217 1250 1480 1302 comederit,
1517 1271 1572 1278 —

87 1306 254 1346 nullam
283 1306 400 1346 enim
428 1305 582 1348 habuit
608 1329 663 1335 —-
691 1307 772 1348 sed
810 1306 928 1347 hanc
967 1304 1109 1360 ipsam
1151 1309 1372 1347 recentem
1411 1319 1572 1348 novam

86 1361 337 1403 devoravit.
397 1360 532 1411 Quod
560 1365 707 1403 autem
735 1362 901 1403 scribis
930 1364 991 1410 te,
1022 1360 1141 1415 quod
1171 1374 1253 1415 pro
1283 1365 1326 1402 te
1353 1361 1454 1416 ipso
1483 1374 1571 1401 non

87 1416 246 1464 facias,
276 1416 325 1457 id
353 1430 435 1471 pro
463 1431 549 1471 me,
577 1421 627 1458 ut
655 1417 711 1458 de
739 1431 810 1459 me
837 1417 995 1458 timeas
1025 1415 1219 1472 aliquid:
1260 1418 1382 1458 omni
1411 1421 1472 1469 te,
1501 1416 1574 1458 vir

86 1473 257 1528 optime
302 1472 504 1530 mihique
553 1472 784 1517 carissime
821 1472 979 1520 Brute,
1026 1472 1084 1514 de
1133 1485 1204 1514 me
1247 1476 1370 1515 metu
1412 1473 1573 1515 libero.

187 1632 220 1665 l.
271 1629 354 1668 Dei,
391 1629 455 1664 Sic
481 1630 553 1664 Md.
579 1630 676 1664 Vict.
693 1631 725 1666 2.
755 1629 824 1664 Dii
848 1630 944 1664 Cett.
971 1629 1033 1664 Or.
1063 1650 1103 1657 —-
1133 1629 1380 1665 cumeaesare
1403 1632 1576 1668 locutum

90 1688 170 1711 esse
196 1679 330 1722 putas?
357 1678 418 1723 qui
442 1692 491 1710 z
518 1689 632 1722 quum
659 1677 702 1712 is.
731 1696 772 1703 —
810 1679 932 1712 eadem
955 1678 1041 1713 ista.
1075 1678 1159 1714 Vid.
1186 1690 1245 1725 ep.
1270 1680 1353 1720 838,
1379 1681 1411 1715 1.
1438 1698 1481 1705 -—
1508 1691 1577 1714 nu·

89 1737 239 1768 garum,
263 1725 408 1760 levium
434 1733 472 1761 et
497 1725 668 1760 sutilium
692 1737 923 1763 sermonum.

186 1788 219 1822 2.
270 1787 441 1829 Segulius
464 1788 520 1821 ait
545 1787 649 1824 Crat.
675 1787 806 1821 Lamb.
834 1798 880 1821 ex
904 1788 1087 1834 inter-pol.
1123 1787 1320 1824 ORELLI.
1370 1807 1413 1814 -
1464 1799 1578 1822 essem

93 1836 132 1868 in
158 1835 403 1869 decemviris!
446 1856 488 1862 —
543 1836 585 1869 de
608 1835 669 1876 iis,
696 1835 769 1870 Md.
796 1835 894 1870 vict.
920 1838 953 1872 2.
980 1837 1025 1870 de
1048 1835 1117 1872 his.
1168 1857 1211 1864 —-
1263 1836 1464 1876 sensissem,
1494 1848 1576 1871 eam

92 1883 318 1917 sententiam
343 1882 537 1926 dixissem,
565 1882 680 1916 dahin
707 1883 903 1932 gestimmt
928 1883 1044 1919 hatte.
1096 1902 1138 1909 ·—
1190 1885 1235 1919 de
1266 1886 1328 1929 iis,
1370 1885 1433 1930 qui
1456 1895 1575 1918 exerc.

94 1929 174 1966 hab.
200 1930 509 1978 Umschreibung
535 1937 624 1965 statt
649 1931 696 1964 de
723 1931 1027 1977 imperatoribus,
1054 1931 1221 1967 ducibus.
1269 1952 1311 1958 —
1361 1936 1453 1967 sent.
1473 1932 1579 1975 ferri

94 1979 237 2020 (hamb.
264 1980 354 2022 dici)
379 1984 547 2023 oportere
572 1979 601 2015 i,
627 1989 657 2016 e,
686 1979 844 2014 illorum
869 1979 1078 2013 habendam
1106 1991 1186 2014 esse
1218 1981 1404 2016 rationem
1437 1981 1478 2014 in
1511 1980 1578 2014 de-

95 2026 260 2075 ligendis
286 2027 526 2061 decemviris.
552 2047 595 2053 -—
623 2028 685 2071 qui
708 2028 835 2070 solent,
861 2035 903 2062 ut
927 2027 1129 2071 Servilius,
1156 2028 1329 2063 Calenus.
1356 2049 1399 2055 —
1425 2028 1579 2073 excepti,

94 2087 169 2109 von
195 2074 262 2108 der
286 2075 410 2111 Wahl
436 2075 756 2122 ausgeschlossen,
799 2077 908 2110 etiam
932 2089 983 2108 z
1009 2087 1120 2123 sogar
1143 2077 1391 2111 namentlich.
1433 2096 1478 2102 —
1517 2087 1577 2110 ne-

93 2123 298 2166 gligamus,
334 2123 492 2158 missum
517 2123 713 2163 faciamus,
743 2123 820 2158 wir
843 2123 992 2158 wollen
1017 2124 1156 2172 gehen,
1191 2125 1327 2159 sahi-en
1353 2126 1489 2160 lassen.
1532 2142 1575 2149 --

95 2171 156 2216 qui
182 2181 241 2204 res
267 2181 378 2205 novas
402 2171 558 2216 quaerit,
583 2171 651 2206 der
675 2172 800 2206 Neues
824 2172 947 2206 sucht.
997 2172 1102 2206 Iocus
1130 2185 1175 2207 ex
1200 2173 1399 2220 ambiguo:
1435 2172 1578 2218 partim

96 2218 199 2254 enim
223 2219 427 2263 significat,
453 2219 514 2264 qui
536 2230 652 2254 novas
676 2231 735 2253 res
759 2219 800 2253 in
824 2231 865 2253 re
887 2219 1034 2264 publica
1060 2221 1222 2265 molitur,
1247 2222 1400 2268 partim,
1427 2221 1489 2265 qni
1514 2231 1579 2254 no-

96 2267 151 2301 vis
176 2267 292 2300 lucris
316 2278 392 2301 rem
407 2267 648 2311 familiarem
672 2278 813 2311 augere
839 2269 951 2312 cupit.
982 2268 1091 2303 SCH.
1143 2288 1187 2294 —
1236 2280 1307 2303 ηοπ.
1330 2280 1399 2315 quo
1425 2273 1580 2302 veterem

97 2326 180 2348 rem
212 2314 443 2350 familiarem
477 2316 694 2359 comederit,
736 2315 847 2350 nicht
887 2316 942 2350 als
980 2316 1026 2351 ob
1062 2328 1104 2350 er
1138 2317 1201 2351 das
1231 2317 1321 2351 Alte
1355 2316 1581 2364 ausgezehrt

97 2363 215 2398 hatte.
240 2380 288 2388 —
313 2364 449 2398 nullam
474 2364 567 2398 enim
592 2363 674 2398 Ῐιαὸ.
721 2363 940 2412 Egestatem
966 2363 1115 2412 Segulii
1149 2365 1352 2413 sig-nificat,
1379 2372 1580 2410 antequam

97 2410 198 2444 illud
224 2410 387 2454 lucrum,
411 2412 518 2446 cuius
543 2412 669 2447 statim
694 2412 926 2447 mentionem
951 2413 1053 2452 facit,
1080 2414 1250 2458 cepisset.
1273 2414 1383 2448 8011.
1432 2433 1475 2438 —
1521 2423 1580 2446 re-

98 2463 243 2502 centem,
287 2470 382 2503 quae
415 2471 536 2506 nuper
571 2460 702 2503 fuerit,
737 2470 849 2504 quam
888 2461 1088 2503 calumniis
1120 2462 1191 2495 sibi
1224 2462 1393 2507 paravit,
1439 2471 1581 2500 novam,

100 2518 197 2550 quae
238 2514 345 2541 antea
382 2519 586 2551 numquam
623 2507 752 2542 suerit.
806 2508 873 2542 Ait
912 2509 1034 2557 igitur
1071 2509 1269 2555 pecuniam
1309 2515 1347 2543 et
1380 2519 1503 2553 nuper
1544 2515 1582 2542 et

100 2556 226 2600 primo
259 2556 343 2590 loco
375 2555 533 2603 Segulio
568 2556 762 2603 obtigisse,
802 2568 917 2600 quum
948 2563 1057 2591 antea
1089 2569 1242 2603 prorsus
1276 2556 1394 2590 suerit
1428 2567 1579 2603 egenus.

102 2603 210 2637 Unde
236 2608 360 2637 autem
386 2603 562 2651 Segulius
588 2603 687 2638 hanc
712 2604 911 2649 pecuniam
937 2605 1096 2650 ceperit,
1129 2612 1256 2639 utrum
1293 2617 1339 2640 ex
1369 2604 1582 2639 hereditate

101 2663 148 2685 an
173 2664 192 2685 a
219 2651 373 2686 Caesare
398 2652 586 2693 donatam,
613 2652 713 2686 haud
738 2659 895 2687 constat.
920 2653 1030 2688 8011.

196 2716 229 2749 3.
281 2713 320 2747 id
338 2725 407 2758 pro
432 2724 488 2747 me
504 2714 641 2756 facere
664 2714 762 2748 Crat.
790 2716 884 2748 Man.
912 2715 1037 2748 Lamb.
1070 2714 1264 2749 ORELLI.
1292 2733 1336 2739 —
1361 2714 1403 2748 de
1427 2725 1481 2748 me
1505 2713 1578 2747 del.

104 2762 148 2796 de
174 2762 360 2797 Gronovii
398 2763 584 2797 sententia
609 2761 698 2797 Sch.
726 2763 818 2797 laun.
867 2763 1063 2798 ORELLI,
1098 2782 1139 2788 —-·
1179 2763 1276 2797 omni
1312 2767 1346 2796 te
1373 2787 1381 2798 .
1408 2789 1417 2796 .
1445 2787 1453 2796 .
1487 2765 1579 2796 metu
