1795 3086
334 108 650 154 EPISTOLA
682 105 953 148 DCCLXII.
983 106 1289 149 DCCLXIII.
1455 107 1548 154 207

76 224 317 276 firmosque
346 236 421 264 cos
451 221 506 262 ad
535 219 719 261 tuendas
749 222 923 258 nostras
953 232 1024 258 res
1053 218 1246 261 efficere.
1306 218 1438 269 Quod
1468 220 1547 261 mi-

78 280 124 320 hi
163 279 323 319 videor
362 281 641 319 consecutus:
686 285 786 313 nam
828 278 872 312 et
916 273 1228 315 liberalitatem
1266 281 1460 316 nostram
1502 281 1547 318 et

73 335 268 375 animum
308 340 407 375 sunt
444 331 630 386 experti.
701 329 811 369 Cum
841 329 1034 368 omnium
1065 332 1419 372 bellicosissimis
1453 333 1544 373 bel—

75 391 164 431 lum
195 391 334 444 gessi:
373 390 507 430 multa
537 387 717 427 castella
745 384 868 438 cepi,
909 384 1043 424 multa
1075 387 1255 428 wistavi.
1321 387 1422 428 Non
1450 388 1546 429 sine

75 459 207 486 causa
236 445 293 486 ad
324 451 520 486 senatum
551 443 704 483 literas
734 440 851 480 misi.
911 439 1085 480 Adiuva
1108 454 1186 480 nos
1205 448 1278 483 tua
1307 444 1546 485 sententia:

74 500 191 555 quod
227 515 359 554 quum
396 501 559 552 facies,
602 512 655 540 ex
694 509 850 550 magna
895 500 1022 550 parte
1058 499 1278 538 communi
1316 500 1547 542 commodo

73 569 341 600 inservieris.

229 759 544 802 EPISTOLA
583 758 893 801 DCCLXIII.
953 758 1031 810 (ad
1062 756 1165 799 Div.
1195 755 1305 798 XII.
1337 758 1397 804 2.)

183 834 264 868 Ser.
292 836 434 869 nomae
459 838 612 867 exeunte
645 832 854 878 Septembri
878 832 920 866 A.
946 833 989 867 U.
1019 833 1060 868 c.
1088 834 1168 868 710.
1222 834 1268 875 (a.
1295 833 1338 868 c.
1364 835 1442 877 41„

78 902 269 937 Invehitur
305 902 344 936 in
377 901 533 935 Antonii
567 898 839 980 immanilt'atem
870 905 909 982 {t
942 899 997 933 rei
1037 899 1210 945 publicae
1241 906 1380 935 statum
1412 901 1552 936 descri-

746 946 788 985 ὴ.
816 950 860 982 1-
897 973 905 982 .

590 1014 781 1049 CICERO
817 1012 982 1047 CASSIO
1008 1013 1043 1046 S.

184 1082 489 1125 Vehementer
517 1082 661 1123 laetor
688 1081 772 1122 tibi
802 1081 983 1134 probari
1024 1081 1288 1122 sententiam
1317 1086 1361 1122 et
1389 1084 1553 1124 oratio-

74 1153 173 1180 nem
203 1153 363 1181 meam:
403 1151 490 1193 qua
518 1139 558 1179 si
588 1136 759 1190 saepius
789 1137 853 1178 uti
882 1137 1061 1187 liceret,
1098 1136 1212 1177 nihil
1243 1144 1360 1178 esset
1387 1141 1555 1193 negotii

74 1196 324 1236 libertatem
354 1199 398 1236 et
429 1208 520 1234 rem
550 1193 771 1246 publicam
802 1192 1062 1245 reciperare.
1121 1192 1209 1232 Sed
1240 1192 1373 1234 homo
1403 1207 1554 1236 amens

74 1256 119 1291 ct
153 1251 351 1304 perditus
387 1250 610 1302 multoque
649 1248 856 1301 nequior,
897 1261 1026 1301 quam
1063 1248 1145 1288 ille
1185 1248 1301 1301 ipse,
1345 1264 1474 1303 quem
1505 1255 1554 1291 tu

76 1307 387 1359 nequissimum
418 1306 612 1344 occisum
641 1316 737 1344 esse
768 1303 949 1355 dixisti,
980 1303 1130 1343 caedis
1160 1303 1334 1344 initium
1356 1307 1554 1358 quaerit:

75 1363 326 1415 nullamque
356 1362 488 1401 aliam
519 1359 574 1399 ob
605 1373 781 1400 causam
811 1373 880 1399 me
919 1364 1146 1400 auctorem
1177 1358 1315 1399 fuisso
1346 1362 1555 1402 Caesaris

75 1416 376 1457 interficiendi
407 1416 688 1466 criminatur,
727 1416 837 1465 nisi,
875 1418 924 1455 ut
963 1414 1008 1454 in
1037 1429 1107 1455 me
1136 1415 1335 1456 veterani
1365 1416 1553 1457 inciten-

74 1477 158 1513 tur.
227 1472 361 1521 Quod
397 1486 478 1525 ego
517 1472 763 1525 periculum
803 1485 889 1512 non
935 1469 1194 1512 extimesco:
1243 1472 1377 1512 modo
1417 1474 1555 1514 vestri

74 1528 186 1568 facti
215 1529 404 1581 gloriam
434 1541 534 1568 cum
563 1540 661 1569 mea
696 1527 829 1568 laude
871 1527 1176 1568 communicet.
1244 1526 1316 1571 Ita
1353 1541 1436 1569 nec
1472 1529 1553 1570 Pi-

168 1685 203 1718 2.
229 1683 500 1716 liberalitatem.
550 1682 799 1727 Imperatores
823 1681 980 1715 infinitis
996 1683 1256 1728 largitionibus
1272 1684 1454 1717 exercitus
1469 1696 1555 1717 suos

75 1731 362 1777 permulcebant
395 1736 433 1763 et
464 1731 687 1765 retinebant.
722 1748 769 1755 ·—
808 1730 987 1773 animam,
1019 1732 1299 1766 fortitudinem.
1333 1751 1380 1756 —
1413 1732 1555 1776 experti

73 1784 153 1813 sune
184 1780 343 1820 milites,
379 1778 431 1812 sie
466 1779 588 1811 haben
623 1779 790 1823 erprobt.
816 1798 868 1807 ,--
902 1789 970 1811 uon
1002 1779 1078 1812 sine
1111 1791 1231 1813 causa.
1289 1780 1408 1813 iustas
1441 1781 1555 1814 habui

74 1839 204 1861 causas
229 1826 516 1872 supplicationis
542 1827 725 1860 honorem
751 1839 772 1860 a
805 1832 932 1859 senatu
964 1827 1129 1871 petendi.
1165 1828 1273 1861 SCII.
1323 1828 1423 1861 Nam
1455 1830 1554 1875 gessi

73 1887 131 1909 res
157 1875 223 1908 illo
250 1875 395 1909 honore
419 1874 667 1921 dignissimas.
704 1893 746 1898 --
783 1878 845 1907 tua
877 1876 1054 1908 sententia
1086 1876 1125 1908 in
1159 1883 1297 1909 senatu.
1333 1895 1380 1902 —-
1409 1877 1552 1920 facies-

72 1924 157 1956 Sch.
184 1924 276 1956 Liin.
301 1923 344 1955 de
369 1925 457 1956 Ern.
486 1923 586 1955 coni.
605 1922 760 1965 ficetis.
799 1935 872 1956 om.
898 1922 1028 1964 facies
1054 1924 1156 1958 Crat.
1177 1925 1305 1966 facies
1332 1950 1341 1958 .
1368 1950 1377 1958 .
1404 1949 1412 1957 .
1435 1925 1551 1958 inser-

75 1971 148 2004 ries
172 1982 215 2004 ex
240 1971 394 2016 antiqua
421 1977 586 2004 correct.
614 1971 749 2004 Bened.
786 1971 984 2005 ORELLI.
1013 1989 1057 1996 ——
1090 1973 1264 2006 communi
1289 1984 1429 2011 comm„
1467 1973 1553 2006 dem

73 2020 267 2064 gemeinen
297 2021 458 2058 Best0n3
490 2019 575 2052 weil
601 2019 664 2052 ich
708 2019 804 2052 ‹lann
839 2018 937 2052 nach
965 2020 1069 2053 einer
1091 2020 1245 2053 solchen
1268 2021 1553 2067 Auszeichnung

75 2069 183 2101 desto
208 2067 548 2100 nachdr'ueklicher
572 2067 637 2100 fur
662 2067 725 2101 die
749 2066 871 2101 Sache
897 2067 962 2101 der
986 2067 1159 2103 Freiheit
1182 2069 1360 2114 kiimpfen
1386 2069 1503 2108 kann.

217 2137 256 2168 C.
286 2134 463 2169 CASSIO
488 2134 673 2179 Longino.
696 2134 735 2171 S.
763 2145 809 2169 ιιι
834 2146 894 2179 ep.
921 2135 988 2169 241
1016 2136 1069 2169 im
1095 2136 1182 2169 Ans.

169 2185 202 2216 1.
228 2182 464 2224 sententiam,
497 2182 768 2230 Abstimmung.
797 2201 838 2206 —
866 2183 1070 2216 orationem
1094 2184 1256 2229 primam
1281 2181 1550 2229 Philippicam,

78 2229 138 2262 cui
172 2242 412 2276 responsurus
445 2230 644 2273 Antonius,
693 2230 796 2276 quod
828 2231 965 2264 deinde
1000 2238 1296 2274 commemorat,
1338 2233 1551 2278 complures

77 2277 154 2310 dies
178 2278 215 2311 in
241 2279 324 2313 villa
349 2279 497 2313 Metelli
524 2285 579 2311 est
605 2286 895 2313 commentatus.
921 2279 1031 2313 SCH.
1059 2282 1094 2314 S.
1121 2293 1166 2314 zu
1191 2293 1248 2326 ep.
1275 2281 1357 2321 761,
1388 2283 1419 2315 l.
1469 2281 1550 2313 Der

76 2326 185 2358 Brief
206 2327 268 2360 des
294 2328 460 2369 Cassius,
496 2327 640 2360 worauf
665 2327 800 2360 Cicero
835 2328 918 2360 hier
950 2334 1175 2371 ammonet,
1210 2330 1258 2362 ist
1293 2328 1404 2361 nicht
1437 2329 1550 2361 mehr

77 2372 302 2409 verbanden.
337 2393 381 2400 -
419 2375 574 2417 saepius.
611 2375 637 2408 i.
667 2386 698 2408 e.
732 2375 764 2407 si
797 2376 889 2408 mihi
928 2376 1060 2410 liceret
1094 2378 1235 2423 saepius
1266 2377 1319 2410 ita
1351 2376 1477 2409 dicere
1511 2382 1550 2409 et

77 2422 306 2456 concionari.
332 2440 378 2446 —
404 2422 497 2455 nihil
522 2426 614 2455 esset
640 2421 784 2465 negotii
810 2423 832 2457 i.
859 2435 892 2458 e.
919 2424 1033 2458 facile
1057 2425 1170 2459 foret.
1203 2442 1251 2450 ——
1285 2424 1388 2457 homo
1413 2434 1548 2465 amens,

74 2468 264 2503 Antonius.
290 2488 336 2495 —
361 2470 426 2503 ille
450 2468 545 2512 ipse,
572 2473 718 2505 Caesar.
746 2489 790 2495 —-
828 2471 989 2514 initium,
1022 2484 1189 2515 causam,
1228 2477 1475 2518 praetextum.
1502 2491 1546 2496 -

14 2522 19 2571 Ἀ
75 2517 256 2558 relerani,
290 2518 352 2562 qui
379 2518 554 2551 favebant
581 2518 728 2551 Caesari
756 2530 957 2564 omnesque
982 2522 1322 2567 persequebantur,
1358 2532 1451 2564 quos
1476 2531 1547 2564 pu-

74 2565 207 2598 tabant
232 2564 437 2609 participes
463 2566 580 2599 fuisse
606 2566 741 2600 caedis.
759 2584 800 2590 -
826 2568 929 2601 modo
954 2583 1003 2601 r:
1027 2581 1134 2604 wenn
1149 2581 1230 2603 nur.
1256 2567 1436 2610 —Jhclss
1461 2579 1544 2600 cae-

75 2611 131 2645 dis
168 2613 336 2646 Caesaris
370 2618 406 2645 et
436 2613 670 2648 liberationis
702 2614 944 2658 reipublicae.
981 2634 1020 2641 —
1057 2629 1134 2651 cum
1167 2628 1243 2649 mea
1278 2616 1384 2648 lande
1418 2626 1542 2650 comm.

74 2661 278 2702 Antonius,
318 2672 425 2693 wenu
463 2672 504 2693 er
536 2673 605 2695 nur
637 2674 709 2696 von
735 2663 820 2694 dem
845 2662 995 2699 Ruhme
1021 2666 1141 2699 Eurer
1165 2665 1266 2697 'rhat
1293 2663 1400 2696 einen
1432 2662 1544 2696 Theil

18 2718 22 2746 s
76 2709 143 2741 auf
167 2709 224 2741 dic
252 2709 350 2742 Liste
377 2709 438 2740 des
463 2710 656 2755 meinigen
683 2716 797 2752 setzt3
832 2716 874 2743 ut
899 2713 1023 2757 aliqua
1055 2725 1139 2757 pars
1172 2712 1289 2745 laudis
1323 2717 1461 2745 vestrae
1497 2711 1544 2745 ad

20 2800 21 2804 Ἰ
75 2767 133 2789 mc
160 2768 308 2803 quoque
341 2756 540 2803 pertineat.
576 2776 619 2783 —
651 2759 693 2792 L.
715 2758 915 2804 Calpurnio
940 2761 1089 2804 Pisoni,
1127 2760 1296 2797 Caesaris
1329 2771 1472 2794 socero.
1498 2778 1541 2785 —
