1795 3086
235 109 287 157 18
498 108 561 153 Μ.
594 108 647 151 Τ.
680 103 1022 149 CICERONIS
1051 103 1425 148 EPISTOLAE.

227 221 493 265 observabis.
580 219 703 260 Etsi:
752 221 1071 267 verumtamem
1122 217 1178 258 (le
1217 217 1330 258 illis:
1391 216 1507 257 nosti
1545 217 1702 256 cetera.

227 279 317 321 Sed
345 283 515 327 tamen,
556 276 595 315 si
625 287 751 329 quem
781 287 880 314 cum
910 287 962 314 eo
991 286 1236 314 sermonem
1266 272 1498 324 habueris,
1536 271 1702 312 scribes

227 336 284 377 ad
313 348 406 385 me,
436 337 483 373 ut
512 330 621 370 mihi
649 333 854 370 nascatur
884 329 1097 384 epistolae
1125 332 1429 384 argumentum
1459 331 1501 367 et
1529 330 1577 368 ut
1606 330 1703 368 tuas

228 404 357 446 quam
388 386 669 442 longissimas
699 386 853 426 literas
882 386 1038 440 legam.
1104 385 1248 436 Cura,
1287 384 1348 426 mi
1378 383 1517 434 Tiro,
1554 386 1602 424 ut
1629 396 1702 424 va-

227 448 343 487 leas:
382 443 468 484 hoc
497 441 665 497 gratius
694 440 805 482 mihi
835 441 982 482 facere
1011 439 1120 482 nihil
1148 445 1285 495 potes,
1343 439 1471 480 Vale.

401 605 719 650 EPISTOLA
750 606 966 648 DCLXI.
1026 607 1105 657 (ad
1135 607 1243 649 Div.
1272 605 1407 648 XVI.
1440 605 1524 650 17.)

497 682 581 717 Ser.
609 683 649 715 in
673 681 768 716 vina
794 683 836 717 A.
865 688 907 716 ut
931 681 1088 716 videtur
1113 683 1192 718 708.
1220 683 1265 723 (a.
1293 682 1333 716 c.
1360 682 1436 723 46.)

226 755 488 803 Reprehendit
511 754 732 788 vocabulum
760 753 926 795 fideliter
962 766 983 788 a
1015 753 1158 788 Tirone
1191 754 1230 786 in
1265 752 1423 798 epistola
1460 751 1586 786 alieno
1619 751 1703 784 loco

403 803 582 850 positum,
610 802 720 848 eique
746 802 972 837 valetudinis
999 814 1129 836 curam
1155 801 1403 836 commendat.
1430 802 1534 836 1—2.

727 869 942 904 TULLIUS
970 869 1143 904 TIRONI
1169 868 1205 903 S.

331 937 498 988 Video,
528 937 638 993 quid
669 951 785 993 agas.
836 937 962 979 Tuas
993 951 1168 992 quoque
1198 937 1414 992 epistolas
1442 935 1511 978 vis
1541 931 1701 975 referri

220 996 268 1036 in
295 993 537 1036 volumina.
595 993 684 1034 Sed
714 993 824 1034 heus
853 997 915 1045 tu,
946 995 1022 1048 qui
1063 991 1187 1033 κανὼν
1225 1007 1322 1034 esse
1362 1005 1561 1033 meorum
1590 990 1701 1031 scri-

222 1054 398 1106 ptorum
428 1050 565 1099 soles,
594 1049 710 1090 unde
741 1049 858 1090 illud
888 1053 977 1089 tam
991 1048 1148 1101 ἄκυρον,
1174 1048 1470 1106 „valetudini
1492 1044 1704 1098 fideliter

220 1097 576 1149 inserviendo.“
632 1105 763 1146 Unde
802 1105 847 1144 in
888 1105 1023 1145 istum
1065 1105 1213 1145 locum
1247 1097 1519 1162 ‚fideliter-⁶<
1552 1101 1700 1143 venit?

222 1161 296 1203 cui
324 1162 462 1202 verbo
492 1160 767 1201 domicilium
799 1163 866 1200 est
904 1160 1132 1214 proprium
1176 1160 1223 1199 in
1263 1155 1436 1212 officio,
1470 1157 1700 1213 migratio-

222 1231 300 1258 nes
331 1218 379 1257 in
419 1215 613 1256 alienum
652 1216 831 1257 multae.
891 1215 1007 1257 Nam
1044 1219 1090 1256 et
1129 1215 1337 1256 doctrina
1375 1219 1420 1256 et
1459 1216 1627 1255 (lomus
1655 1217 1700 1254 et

224 1286 295 1315 ars
326 1276 371 1314 et
412 1285 518 1326 ager
555 1271 688 1313 etiam
722 1269 881 1324 fideli-3
921 1271 1014 1312 dici
1054 1274 1224 1326 potest:
1275 1276 1325 1313 ut
1361 1272 1436 1323 sit,
1474 1269 1698 1325 quomodo

184 1327 542 1383 2Theophrasto
580 1328 744 1381 placet,
787 1327 1042 1369 verecunda
1080 1328 1274 1368 tralatio.
1346 1326 1436 1369 Sed
1473 1326 1587 1367 haec
1624 1339 1697 1365 co-

219 1398 327 1426 ram.
386 1383 646 1424 Demetrius
693 1383 816 1424 venit
865 1383 922 1423 ad
971 1394 1065 1424 mex
1113 1397 1201 1437 quo
1242 1382 1422 1437 quidem
1461 1382 1697 1423 comitatu!

216 1440 487 1491 Ἅφωμίλησαῐ
517 1439 626 1479 satis
656 1438 759 1480 scis.
817 1437 892 1479 Tu
920 1451 1019 1479 eum
1047 1438 1265 1479 videlicet
1294 1452 1383 1479 non
1412 1438 1600 1492 potuisti
1628 1438 1696 1479 vi-

219 1495 349 1537 dere:
380 1507 479 1534 cras
508 1493 678 1535 aderit:
708 1494 883 1536 videbis
911 1494 1063 1548 igitur.
1120 1494 1234 1536 Nam
1275 1508 1358 1549 ego
1397 1493 1504 1534 hinc
1541 1507 1696 1548 peren—

219 1551 294 1593 die
323 1563 450 1592 mane
476 1550 642 1604 cogito.
700 1549 930 1592 valetudo
960 1554 1039 1591 tua
1068 1563 1137 1590 me
1165 1550 1295 1592 valde
1323 1550 1567 1598 sollicitat3
1615 1548 1696 1590 sed

217 1669 311 1704 Ern.
338 1667 427 1704 Sch.
454 1667 547 1702 Liin.
576 1666 768 1701 Bellienus
791 1666 927 1700 Bened.
976 1665 1171 1701 ORELLI.
1206 1684 1249 1692 —
1292 1665 1396 1708 Etsi3
1431 1669 1696 1707 verumtamem

216 1719 259 1751 de
284 1717 368 1751 illis.
419 1716 521 1750 Haec
547 1715 662 1749 facile
688 1715 864 1761 supplere
890 1713 983 1747 Tiro
1008 1715 1143 1759 potuit,
1178 1715 1238 1748 cui
1272 1721 1377 1748 notae
1409 1720 1518 1748 erant
1540 1715 1694 1760 patroni

216 1765 476 1813 cogitationes.
520 1763 740 1798 GRONOV.
792 1762 884 1806 Quia
909 1762 1044 1797 Cicero
1076 1763 1196 1797 addit:
1245 1763 1343 1796 nosti
1370 1766 1509 1805 cetera,
1539 1762 1694 1797 videtur

216 1813 430 1849 Demetrius
456 1823 565 1857 saepe
592 1811 672 1844 illis
699 1810 826 1844 verbis
850 1821 938 1844 usus
962 1810 1092 1852 fuisse,
1119 1811 1183 1844 ubi
1210 1822 1246 1844 se
1272 1822 1451 1844 excusare
1467 1809 1598 1854 vellet,
1624 1822 1695 1845 nec

217 1861 372 1895 haberet
400 1860 492 1906 quid
517 1860 672 1893 diceret.
697 1858 806 1892 SCH.
835 1875 879 1881 —-
905 1859 1002 1892 nosti
1024 1863 1159 1902 cetera,
1185 1859 1243 1893 Du
1269 1858 1407 1893 kennst
1432 1858 1468 1893 ia
1491 1857 1594 1893 seine
1619 1859 1692 1893 Re-

216 1910 429 1950 densarten,
454 1919 563 1941 wenn
588 1918 632 1941 er
656 1907 697 1940 in
722 1906 992 1951 Verlegenheit
1017 1907 1076 1941 ist.

314 1959 348 1992 1.
404 1956 530 1998 Video,
557 1955 645 2000 quid
668 1965 776 1998 agas,
803 1954 869 1987 ich
895 1954 1028 1988 merke
1055 1954 1166 1988 recht
1190 1960 1270 2002 gut,
1307 1955 1455 1989 worauf
1475 1955 1536 1989 Du
1561 1966 1601 1990 es
1626 1965 1691 1988 an-

216 2005 326 2052 legst.
353 2023 400 2029 -
426 2004 574 2044 referri
597 2004 632 2037 in
658 2004 742 2043 τοι,
779 2015 826 2037 zu
859 2001 1127 2037 ordentlichen
1150 2002 1301 2036 B'a‘nden
1332 2003 1559 2051 gesammelt
1590 2014 1691 2037 wer-

213 2052 296 2086 den.
349 2071 391 2077 -—
442 2050 572 2095 κανὼν,
612 2051 758 2099 regula,
799 2056 1006 2085 corrector.
1066 2050 1227 2084 Miratur
1264 2050 1396 2085 Cicero
1427 2062 1562 2096 parum
1603 2057 1692 2096 apte

214 2101 396 2135 translato
430 2099 544 2133 verbo
576 2098 758 2133 Tironem
807 2110 916 2132 usum
951 2109 1041 2142 esse,
1083 2109 1195 2143 quem
1227 2098 1308 2144 ipse
1340 2098 1506 2133 iudicem
1538 2098 1615 2133 suis
1651 2098 1690 2131 in

212 2149 367 2193 scriptis
393 2147 535 2182 habere
560 2147 825 2181 consuevisset.
851 2146 1056 2185 MANUT.
1099 2166 1142 2173 —
1178 2142 1326 2192 ἄκυρον,
1354 2147 1539 2193 ineptum,
1565 2147 1689 2180 alieno

213 2196 299 2231 loco
324 2196 502 2242 positum,
543 2194 762 2249 unffiglich,
796 2193 1028 2240 unpasslich,
1067 2194 1345 2242 uneigentlich.
1388 2213 1427 2220 —
1479 2193 1608 2229 domic.
1635 2198 1688 2228 est

208 2244 398 2288 proprium
423 2244 462 2277 in
487 2241 616 2286 officio
643 2255 668 2275 ι.
696 2254 726 2276 e.
750 2253 822 2286 qua
846 2253 939 2277 voce
970 2242 1130 2288 proprie
1162 2243 1307 2277 utimur
1338 2242 1379 2276 in
1416 2243 1596 2276 formulis
1629 2244 1687 2276 of-

211 2291 291 2326 ficii
316 2290 548 2337 praestandi,
573 2301 688 2326 wenn
713 2301 786 2324 von
810 2289 1114 2335 Pfiichtleistung
1139 2290 1199 2325 die
1225 2291 1326 2325 Rede
1351 2291 1420 2334 ἱεῖς
1462 2289 1688 2324 domicilium

210 2354 259 2372 z
287 2339 404 2379 sedes,
430 2338 565 2373 Stelle.
601 2356 643 2362 —
687 2338 840 2381 migrat.
867 2338 903 2372 in
929 2338 1085 2372 alienum
1109 2337 1347 2373 domicilium
1371 2338 1509 2372 multae
1533 2344 1633 2381 sunt,
1660 2338 1685 2370 i.

210 2399 241 2422 e.
268 2399 362 2432 quae
375 2398 448 2422 vox
466 2397 536 2432 per
548 2385 835 2421 translationem
852 2386 981 2421 multis
1006 2386 1094 2420 aliis
1119 2386 1272 2421 vocibus
1298 2386 1479 2434 coniungi
1504 2386 1615 2427 solet,
1641 2384 1689 2419 ad

209 2436 327 2471 multa
351 2435 426 2469 alia
449 2434 651 2469 transferri
677 2440 810 2479 potest.
838 2453 880 2458 —
910 2433 1168 2481 Theophrasto.
1202 2435 1283 2468 Vid.
1310 2435 1491 2479 Quinctil.
1519 2434 1624 2477 VIII,
1650 2436 1684 2468 1.

211 2504 252 2510 -—
290 2484 458 2522 mulatio,
502 2481 607 2526 „und
631 2493 736 2516 zwar
762 2492 815 2524 so,
841 2482 922 2516 dass
947 2482 1008 2516 die
1033 2476 1304 2530 Ubertragung
1339 2483 1426 2524 (der
1450 2481 1686 2528 metaphori-

208 2530 312 2573 sche,
338 2529 526 2565 bildliche
551 2529 767 2572 Gebrauch)
791 2529 889 2563 noch
914 2529 1054 2565 immer
1077 2529 1303 2565 bescheiden
1328 2530 1457 2565 bleibt.

301 2581 334 2615 2.
385 2578 604 2613 Demetrius.
637 2577 674 2612 S.
701 2577 823 2625 vorig.
849 2578 912 2612 ΒΡ.
942 2579 971 2622 §.
998 2580 1031 2614 2.
1060 2597 1100 2604 —-
1138 2575 1375 2624 Ἇφωμίλησα,
1410 2590 1495 2613 eum
1519 2589 1595 2612 non
1620 2578 1684 2612 ad-

207 2626 310 2669 misi,
337 2625 403 2660 ich
427 2626 511 2660 hab*
537 2625 606 2660 ihu
631 2625 743 2660 nicht
767 2626 1019 2674 vorgelassen.
1054 2645 1101 2651 —
1132 2627 1226 2660 satis
1250 2628 1335 2671 scis,
1367 2639 1443 2660 nun
1469 2627 1602 2662 weisst
1624 2627 1683 2660 Du

208 2685 348 2722 genug.
399 2695 441 2700 —
491 2673 614 2708 videre
639 2687 688 2705 Ξ
713 2673 924 2719 sprechen3
966 2680 1071 2709 sonst
1104 2673 1243 2709 h'zittest
1268 2677 1327 2711 Du
1351 2675 1421 2709 ihn
1444 2673 1683 2722 abgehalten‚

207 2722 282 2754 mir
306 2722 515 2771 iiberl'a'stig
539 2734 588 2756 zu
612 2721 778 2756 werden.
807 2741 849 2746 -—
875 2723 1009 2763 aderit,
1037 2722 1138 2756 wird
1165 2733 1208 2756 er
1232 2723 1378 2758 wieder
1401 2723 1442 2756 in
1467 2723 1562 2756 Rom
1589 2722 1682 2756 sein.

206 2787 251 2794 --
276 2771 416 2812 cogito,
451 2770 563 2805 denk'
589 2770 652 2804 ich
681 2780 753 2805 von
780 2769 867 2805 hier
892 2769 1125 2819 abzugehen.
1167 2789 1207 2796 —
1253 2773 1315 2806 sed
1339 2773 1373 2808 ei
1395 2770 1533 2806 inservi
1557 2770 1681 2803 Lamb.

1778 2766 1781 2810 ff

1776 2841 1779 2888 ⁴
