1795 3086
196 45 282 91 112
459 47 518 88 M.
551 47 605 88 T.
639 43 979 90 CICERONIS
1011 46 1384 105 EPISTOLAE.

188 164 335 199 turum
371 161 513 212 putas,
553 170 686 211 quum
726 157 782 198 de
822 160 948 200 nobis
990 164 1160 201 certum
1198 161 1258 201 sit
1298 172 1377 201 nos
1406 160 1662 215 quieturos?

189 214 292 257 Non
319 214 527 255 debemus
557 213 765 266 cuiquam
795 214 942 256 videri
974 216 1158 256 nimium
1189 215 1343 270 cupidi
1365 216 1498 268 vitae,
1528 229 1662 270 quum

189 269 397 311 accidere
435 267 560 309 nobis
601 268 719 309 nihil
758 271 899 324 possit
938 272 1033 312 sine
1072 272 1270 326 pernicie
1320 276 1365 312 et
1403 271 1663 313 confusione

188 338 381 367 omnium
411 337 574 365 rerum.

368 501 683 544 EPISTOLA
714 502 950 544 DCCXV.
1011 503 1089 552 (ad
1118 502 1222 545 Div.
1253 502 1363 545 XII.
1396 503 1479 550 16.)

277 581 358 617 Ser.
382 581 543 617 Atlienis
569 593 601 617 a.
629 583 664 617 d.
690 582 794 616 V111.
823 581 906 616 Kal.
934 582 1015 615 Iun.
1041 581 1083 615 A.
1109 581 1154 615 U.
1182 582 1222 616 C.
1250 584 1328 618 710.
1358 583 1402 625 (a.
1430 580 1470 616 C.
1495 580 1568 622 44.)

189 649 364 684 Ciceroni
389 649 491 695 patri
516 636 965 695 Trebonius'gratulatur
990 648 1037 682 de
1062 648 1159 689 filio,
1195 649 1494 695 quem“optimis
1528 648 1662 684 studiis

186 698 354 732 deditum
381 697 539 731 Athenis
564 696 783 731 offenderat.
821 697 940 731 1—2.
990 696 1203 730 Versiculos
1228 698 1348 732 mittit
1373 699 1414 731 in
1439 697 1661 738 Antonium,

188 746 320 791 quibus
345 745 499 788 aliquod
512 745 706 779 Ciceronis
734 744 878 778 dictum
903 743 1125 778 incluserat.
1152 746 1185 779 3.
1238 745 1348 788 Petit,
1375 753 1415 780 ut
1433 746 1567 780 Cicero
1590 745 1661 779 sibi

407 793 534 827 locum
559 792 623 827 det
648 793 687 826 in
712 793 886 842 dialogis,
913 802 1005 836 quos
1031 792 1244 836 scripturus
1271 799 1377 828 esset.
1405 795 1439 828 4.

622 862 903 898 TREBONIUS
931 863 1165 897 CICERONI
1192 863 1229 898 S.

296 936 341 979 S.
371 936 430 978 V.
461 935 514 978 Β.
544 935 744 978 Athenas
773 936 879 977 veni
910 948 946 975 a.
978 935 1021 975 d.
1051 948 1115 976 xi.
1146 934 1250 976 Kal.
1281 935 1378 976 Iun.
1420 939 1552 991 atque
1582 936 1660 988 ibi,

186 993 313 1048 quod*
335 992 531 1033 maxime
561 993 781 1047 optabam,
819 991 916 1032 vidi
955 989 1100 1031 filium
1139 995 1276 1042 tuum,
1313 991 1516 1033 deditum
1544 994 1661 1047 opti-

166 1048 269 1089 *mis
299 1048 464 1089 studiis
492 1060 747 1102 summaque
767 1045 1013 1088 modestiae
1037 1045 1168 1087 sama.
1227 1046 1329 1096 Qua
1359 1060 1419 1088 ex
1449 1061 1496 1088 re
1526 1061 1662 1102 quan-

184 1110 275 1144 tam
302 1104 576 1156 voluptatem
605 1102 815 1157 ceperim,
858 1102 976 1142 scire
1016 1105 1157 1155 potes,
1197 1103 1333 1142 etiam
1371 1117 1441 1143 me
1470 1108 1660 1144 tacente.

184 1159 285 1200 Non
314 1159 433 1198 enim
461 1158 633 1210 nescis,
672 1158 826 1212 quanti
864 1161 909 1198 te
950 1155 1114 1197 faciam
1153 1161 1196 1197 et
1236 1171 1366 1211 quam
1395 1171 1477 1212 pro
1506 1162 1662 1200 nostro

182 1214 426 1256 veterrimo
455 1213 778 1267 verissimoque
807 1225 957 1253 amore
987 1213 1188 1254 omnibus
1229 1213 1318 1253 tuis
1357 1213 1491 1254 etiam
1530 1215 1662 1255 mini-

183 1270 267 1311 mis
297 1270 556 1315 commodis,
584 1282 672 1309 non
701 1269 833 1308 modo
863 1273 986 1309 tanto
1016 1269 1131 1309 bono
1153 1268 1382 1322 gaudeam.
1441 1269 1551 1310 Noli
1581 1284 1660 1325 pu-

184 1332 293 1378 tare,
325 1325 386 1364 mi
417 1325 605 1375 Cicero,
644 1338 713 1364 me
754 1323 842 1365 hoc
882 1323 1063 1365 auribus
1104 1324 1193 1365 tuis
1231 1323 1362 1365 dare:
1403 1325 1522 1366 nihil
1554 1326 1660 1366 ado-

184 1382 381 1422 lescente
410 1383 487 1421 tuo
518 1383 648 1434 atque
679 1378 790 1420 adeo
821 1384 975 1420 nostro
1013 1398 1067 1406 —
1110 1378 1228 1419 nihil
1260 1381 1379 1419 enim
1408 1380 1522 1421 mihi
1561 1394 1589 1421 a
1616 1386 1659 1421 te

183 1439 330 1491 potest
357 1449 452 1477 esse
481 1436 729 1476 seiunctum
759 1459 813 1464 —
854 1440 930 1476 aut
969 1434 1206 1475 amabilius
1236 1435 1438 1476 omnibus
1469 1437 1542 1488 iis,
1582 1438 1661 1492 qui

182 1492 370 1533 Athenis
408 1496 532 1537 sunt,
571 1496 639 1531 est
676 1496 753 1532 aut
782 1490 1026 1531 studiosius
1065 1503 1217 1530 earum
1246 1490 1435 1543 artium,
1475 1505 1584 1546 quas
1614 1496 1660 1533 tu

182 1548 376 1589 maxime
415 1561 550 1598 amas,
588 1546 677 1587 hoc
717 1552 798 1598 est,
836 1546 1117 1600 optimarum.
1195 1545 1354 1601 Itaque
1401 1548 1500 1599 tibi,
1540 1548 1659 1602 quod

182 1618 287 1645 vere
316 1602 466 1644 facere
497 1616 689 1657 possum,
728 1602 920 1643 libenter
949 1615 1122 1656 quoque
1163 1603 1369 1656 gratulor
1404 1605 1660 1644 necminus

182 1660 317 1700 etiam
345 1659 488 1711 nobis,
519 1658 640 1712 quod
670 1672 782 1701 eum.
819 1671 949 1712 quem
979 1671 1161 1699 necesse
1192 1662 1288 1698 erat
1317 1657 1524 1713 diligere,
1554 1671 1659 1713 qua-

183 1716 415 1769 liscunque
445 1719 576 1766 esset,
604 1714 740 1755 talem
770 1712 998 1765 habemus,
1036 1717 1086 1754 ut
1114 1713 1307 1754 libenter
1335 1728 1510 1769 quoque
1552 1714 1659 1755 dili-

180 1875 250 1909 tibi
270 1876 443 1918 futurum
468 1886 557 1917 esse,
581 1874 663 1907 dass
691 1885 734 1907 er·
760 1874 831 1908 Dir
857 1873 1104 1907 Hindernisse
1130 1872 1236 1906 dabei
1262 1873 1301 1905 in
1327 1872 1400 1906 den
1414 1872 1520 1921 VVeg
1546 1861 1659 1921 legen

180 1923 318 1958 werde.
370 1942 414 1947 -
464 1924 546 1958 Non
571 1923 733 1956 debemus
758 1929 828 1956 cet.
864 1921 1074 1970 „iibrigens
1108 1923 1232 1962 iniisse
1265 1921 1452 1954 Niemand
1490 1933 1562 1955 von
1587 1934 1658 1955 uns

181 1972 356 2020 glauben,
386 1972 462 2006 wir
487 1972 642 2005 redeten
668 1981 708 2004 so
735 1982 798 2003 aus
824 1981 894 2017 gar
918 1982 966 2003 zu
992 1980 1147 2016 grosser
1171 1967 1354 2017 Begierde
1377 1969 1513 2016 l'a'nger
1529 1982 1576 2003 zu
1602 1970 1656 2004 le—

179 2021 251 2053 ben
278 2024 401 2059 (metu
426 2020 600 2061 mortis),
627 2018 673 2052 da
698 2018 761 2052 das
786 2018 912 2051 Leben
936 2019 1000 2050 fiir
1024 2028 1092 2050 uns
1119 2028 1192 2050 nur
1217 2017 1386 2051 insofern
1410 2017 1555 2052 Werth
1581 2017 1657 2057 hat,

178 2069 234 2102 als
260 2080 330 2101 uns
358 2068 420 2101 ein
445 2068 628 2114 widriges
663 2066 757 2100 Loos
794 2065 877 2109 (der
901 2065 998 2107 Tod)
1035 2063 1145 2098 nicht
1178 2063 1276 2098 ohne
1310 2065 1540 2113 allgemeine
1565 2066 1657 2099 Ver-

179 2117 359 2164 wirrung
384 2115 461 2148 und
486 2114 752 2161 Vernichtung
777 2112 961 2147 betreffen
987 2112 1133 2147 wiirde.
1170 2130 1214 2136 -
1252 2112 1331 2147 sine
1361 2123 1463 2157 pern.
1498 2116 1533 2146 et
1557 2115 1657 2158 cons.

180 2165 264 2198 eine
289 2163 564 2210 hysterologia.
614 2162 650 2196 S.
676 2161 828 2196 Ramsh.
853 2161 882 2203 §.
907 2162 990 2203 2⁰6,
1015 2161 1056 2202 B,
1081 2162 1116 2195 3.

276 2223 573 2259 TREBONIUS.
625 2222 661 2260 S.
689 2235 734 2257 zu
763 2233 819 2268 ep.
847 2223 915 2257 713
942 2221 995 2255 im
1021 2222 1107 2256 Ans.

277 2276 306 2308 1.
357 2273 394 2307 S.
424 2273 468 2307 V.
495 2273 541 2306 B.
594 2270 658 2304 Sic
684 2271 790 2314 (Md.)
815 2269 912 2303 Vict.
942 2271 972 2303 1.
998 2271 1032 2305 2.
1068 2283 1117 2301 :z
1159 2269 1193 2303 S.
1224 2269 1267 2304 V.
1295 2270 1340 2303 B.
1369 2269 1412 2303 E.
1448 2270 1542 2304 cett.
1582 2271 1654 2305 OR.

180 2344 220 2349 -
250 2332 282 2355 (ι.
311 2321 342 2355 d.
369 2334 425 2355 xl.
454 2320 540 2353 Kal.
567 2320 660 2361 Imz..
688 2331 747 2351 am
775 2319 832 2353 22.
861 2316 944 2351 Mai.
972 2335 1014 2341 —
1050 2321 1149 2350 tanto
1175 2317 1265 2350 bono
1292 2318 1315 2350 i.
1346 2329 1376 2351 e.
1403 2324 1504 2352 tanta
1530 2318 1656 2352 felici..

179 2376 265 2412 tate,
293 2381 365 2414 qua
391 2368 460 2403 tibi
487 2367 695 2416 contigerit
719 2366 820 2399 filius
847 2365 899 2399 ita
925 2366 1018 2399 bene
1044 2371 1208 2399 moratus
1234 2372 1271 2399 et
1295 2365 1494 2400 studiosus.
1522 2384 1565 2390 —
1601 2376 1657 2399 me

179 2418 247 2451 hoc
271 2418 387 2451 crurib.
412 2421 438 2450 t.
464 2417 554 2450 dare
580 2417 603 2448 i.
632 2426 663 2449 e.
690 2415 736 2448 ad
760 2414 922 2461 gratiam
957 2414 1063 2458 loqui
1093 2414 1157 2447 vel
1182 2414 1391 2447 assentandi
1418 2425 1540 2453 causa,
1575 2413 1656 2448 dass

180 2465 243 2500 ich
271 2466 342 2499 mit
367 2465 491 2499 dieser
506 2462 790 2510 Vei-sicherung
815 2461 915 2496 bloss
940 2462 1098 2496 Deinem
1115 2461 1353 2496 vaterlichen
1372 2461 1471 2496 Ohre
1491 2461 1654 2496 schmei-

180 2513 295 2548 cheln
320 2513 448 2547 wolle.
477 2531 520 2536 -
571 2509 676 2545 Nihil
701 2525 751 2541 z
775 2519 896 2544 nemo.
926 2510 962 2544 S.
989 2509 1138 2544 Ramsh.
1164 2509 1192 2551 ἕ.
1220 2510 1300 2544 203.
1326 2511 1355 2549 1,
1382 2522 1413 2544 a.
1438 2511 1472 2545 5.
1510 2531 1552 2536 —
1599 2521 1654 2543 se-

178 2564 347 2596 iunctum.
384 2561 504 2596 Locus
530 2559 600 2593 ille
625 2558 850 2592 communis:
878 2558 1124 2601 „Amicorum
1151 2558 1277 2590 omnia
1297 2564 1382 2592 sunt
1402 2557 1655 2592 communia.“

182 2632 220 2636 —
252 2609 414 2643 omnibus
439 2609 497 2642 iis.
539 2607 612 2641 Md.
638 2606 707 2641 Itis.
744 2606 939 2640 ORELLI.
990 2625 1034 2630 -
1085 2616 1185 2650 quem
1208 2616 1351 2639 necesse
1376 2611 1458 2640 erat
1481 2606 1653 2648 diligere,

180 2659 265 2692 dem
292 2658 368 2692 wir
392 2668 527 2690 unsere
554 2655 667 2689 Liebe
693 2654 803 2688 nicht
827 2665 1010 2701 versagen
1036 2654 1218 2688 kb’nnten.
1270 2659 1349 2688 erat
1382 2653 1572 2701 krastiger
1597 2653 1653 2687 als

181 2713 288 2740 esset.
338 2705 373 2738 S.
402 2704 551 2738 Ramsh.
580 2703 608 2746 ξ.
640 2704 719 2746 166,
744 2704 778 2744 2,
805 2714 838 2735 c.
863 2703 909 2736 N.
939 2703 1088 2740 Grotef.
1117 2701 1145 2743 §.
1173 2703 1249 2739 184.

1752 255 1771 438 ᾳη-ΚὝ“““““
1750 220 1756 236 '⁴
