1795 3086
493 55 812 101 EPISTDLA
843 53 1252 100 DCCLXXXIX.
1505 57 1599 105 255

233 216 553 264 EPISTOLA
582 214 989 261 DCCLXXXIX.
1044 217 1128 271 (ad
1157 218 1264 263 Div.
1293 217 1358 263 X.
1389 220 1474 271 4.),

171 297 253 332 Ser.
282 296 322 330 in
348 290 762 383 GalliaTransalpin?
794 298 957 383 egeulnlt3
991 294 1193 330 Decembri
1227 296 1269 330 A.
1294 295 1344 331 U.
1369 295 1413 332 G.
1438 297 1545 333 71⁴&-

753 351 783 374 ο.
844 365 851 372 .
909 354 936 374 ’.
1203 373 1205 376 ,
1559 360 1562 365 .

105 411 258 447 Gratias
282 411 363 461 agit
386 409 578 451 Ciceroni,
621 409 721 454 quod
759 419 801 443 se
832 407 881 443 ad
914 410 1138 445 'verissimae
1170 409 1318 459 gloriae
1347 412 1520 459 studium
1545 413 1599 464 ‘sit

127 461 364 502 adhortatus,
385 462 502 505 seque
528 459 568 493 in
594 458 654 492 rei
679 457 855 504 publicae
881 464 1065 505 potestate
1090 460 1176 494 fore
1202 461 1424 505 pollicetur.
1465 463 1571 497 1—4.

601 525 828 561 PLANCUS
855 525 1109 562 CICERONI.

217 599 515 644 Gratissimae
545 597 657 640 mihi
685 602 789 642 tuae
819 598 982 641 literae
1016 597 1211 653 fuerunt,
1262 614 1372 656 quas
1399 616 1455 645 ex
1483 598 1597 645 Fur-

105 659 171 701 nii
200 671 402 700 sermone
425 660 470 698 te
499 653 736 711 scripsisse
765 655 1078 699 animadverti.
1144 656 1245 711 Ego
1284 661 1434 700 autem
1471 673 1599 714 prae-

104 714 233 757 teriti
261 713 477 768 temporis
515 712 857 754 excusationem
893 713 1050 765 affero,
1097 714 1220 767 quod
1260 716 1305 756 te
1344 713 1599 769 profectum

103 771 360 813 audieram:
388 783 471 811 nec
499 769 643 810 multo
672 772 776 810 ante
806 768 978 812 redisse
1006 769 1134 815 scivi,
1164 784 1296 825 quam
1325 784 1384 812 ex
1405 770 1600 826 epistola

104 832 181 870 tua
209 825 415 882 cognovi.
472 823 658 866 Nullum
688 825 808 866 enim
833 826 885 870 in
925 829 971 866 te
1000 824 1220 880 officium,
1271 839 1327 868 ne
1367 826 1600 869 minimum

105 882 303 939 quidem,
341 881 440 924 sine
470 882 668 922 maxima
696 881 826 936 culpa
862 880 1022 923 videor
1058 896 1190 937 posse
1229 883 1502 938 praeterire:
1551 885 1599 925 in

105 954 194 995 quo
224 937 388 980 tuendo
418 937 563 979 habeo
593 949 750 978 causas
780 938 997 991 plurimas
1037 939 1112 980 vel
1152 942 1365 994 paternae
1402 940 1600 982 necessi-

104 996 277 1037 tudinis
323 994 397 1035 vel
445 1006 570 1034 meae
615 1006 640 1033 a
680 992 875 1048 pueritia
915 995 1228 1038 observantiae
1271 997 1346 1040 vel
1385 995 1455 1038 tui
1492 1010 1602 1052 erga

104 1065 175 1094 me
204 1049 351 1092 mutui
379 1049 561 1091 amoris.
620 1048 787 1102 Quare,
833 1050 897 1092 mi
936 1050 1113 1099 Cicero,
1149 1051 1272 1107 quod
1311 1065 1410 1095 mea
1436 1056 1600 1109 tuaque

106 1105 277 1163 patitur
304 1109 441 1158 aetas,
471 1106 690 1160 persuade
719 1105 802 1146 tibi
832 1109 876 1147 te
907 1120 1039 1149 unum
1068 1121 1182 1161 esse,
1211 1109 1260 1149 in
1289 1122 1378 1164 quo
1407 1122 1493 1162 ego
1521 1123 1599 1151 co-

107 1163 240 1204 lendo
289 1163 479 1216 patriam
529 1161 644 1202 mihi
692 1162 1009 1203 constituerim
1057 1163 1356 1207 sanctitatem.
1433 1164 1601 1208 Omnia

107 1219 248 1273 igitur
275 1223 353 1260 tua
380 1216 574 1260 consilia
602 1215 717 1258 mihi
746 1231 834 1258 non
863 1219 1007 1272 magis
1026 1220 1290 1273 prudentiae
1311 1222 1455 1276 plena,
1485 1236 1601 1277 quae

106 1288 276 1317 summa
305 1277 387 1326 est,
418 1273 645 1326 videntur,
675 1287 806 1328 quam
833 1272 1089 1322 fidelitatis,
1129 1290 1258 1330 quam
1298 1291 1381 1332 ego
1420 1292 1474 1320 ex
1501 1291 1600 1320 mea

183 1541 214 1575 A
244 1490 466 1573 1ΙβῑΛΝΟὉ,
515 1482 620 1525 Uber
645 1489 774 1525 diesen
809 1490 850 1524 L.
877 1490 1065 1525 Munatius
1101 1491 1259 1526 Plancus
1292 1503 1322 1527 s.
1349 1504 1398 1527 zu
1424 1503 1484 1539 ep.
1511 1495 1596 1531 434,

104 1543 157 1577 im
217 1551 240 1573 n
262 1566 272 1575 .

202 1610 234 1643 1.
285 1607 434 1642 literae.
484 1605 734 1654 significatur
759 1605 919 1652 epistola
945 1604 985 1642 h.
1013 1606 1069 1642 ed.
1090 1609 1172 1644 761.
1210 1626 1253 1633 -
1287 1620 1334 1643 esc
1358 1609 1493 1645 Furnii
1515 1621 1596 1645 ser-

104 1667 219 1699 mone,
241 1657 307 1689 auf
328 1654 607 1702 Veranlassung
639 1655 751 1689 oder
786 1655 883 1689 nach
914 1655 1058 1689 Deiner
1084 1656 1328 1691 Unterredun
1390 1659 1463 1693 mit
1497 1659 1595 1694 Fur-

107 1707 190 1740 nius
216 1704 327 1740 oder
350 1703 421 1738 ‹ler
444 1706 604 1751 gemass.
653 1703 789 1737 Dieser
813 1703 853 1740 C.
880 1703 1058 1743 Furnius,
1099 1704 1169 1739 der
1206 1706 1300 1740 ietzt
1370 1713 1457 1754 egat
1493 1708 1596 1742 heim

105 1755 266 1789 Plancus
291 1762 388 1794 war,
412 1752 460 1785 ist
484 1751 622 1786 weiter
647 1751 815 1786 bekannt
838 1763 902 1786 aus
928 1752 974 1786 ad
998 1752 1134 1787 Famil.
1160 1753 1266 1797 VIII,
1292 1756 1349 1790 15.
1369 1755 1414 1795 X,
1441 1757 1472 1793 1.
1499 1757 1533 1791 3.
1561 1758 1593 1794 6.

35 1835 36 1838 ,
104 1804 138 1839 Β.
166 1803 222 1836 10.
250 1803 304 1836 11.
333 1802 389 1835 15.
415 1800 472 1836 25.
507 1799 554 1833 ad
578 1799 693 1833 Attic.
719 1800 763 1843 V,
792 1801 847 1835 18.
897 1818 945 1825 ·—
993 1800 1188 1845 praeteriti
1219 1803 1406 1847 temporis,
1448 1804 1594 1840 meines

35 1846 37 1886 ἶ
105 1849 348 1896 ehemaligen
372 1847 718 1896 Stillschweigens,
745 1848 845 1892 quod
872 1848 975 1882 nihil
1000 1849 1236 1895 scripserim.
1280 1869 1330 1878 —
1372 1855 1595 1896 praeterire,

36 1912 37 1920 ¹
104 1898 319 1947 negligere,
342 1896 623 1931 verabs'ziumen.
658 1914 706 1922 ——
746 1897 785 1930 in
812 1907 880 1942 quo
911 1898 1040 1931 tuendo
1066 1904 1153 1941 cet„
1192 1899 1277 1934 iede
1311 1899 1447 1935 Pflicht
1472 1913 1594 1950 gegen

105 1946 204 1982 Dich
229 1953 315 1980 treu
339 1956 387 1979 zu
412 1945 580 1979 erfiillen
605 1945 704 1979 finde
729 1944 795 1979 ich
820 1945 927 1979 mich
950 1945 1158 1981 mehrfach
1184 1947 1451 1997 ausgesordert
1475 1950 1594 1985 theils

104 1994 238 2029 durch.
282 2012 324 2018 —
367 1998 443 2038 pat.
469 2004 614 2035 necess„
650 1993 772 2028 Deine
797 1993 931 2042 innige
956 1994 1207 2045 Verbindung·
1232 1997 1305 2032 mit
1328 1997 1496 2032 meinem
1521 1999 1594 2034 Va-

38 2042 39 2045 ’
104 2050 178 2078 ter.
213 2059 256 2067 -·
298 2042 456 2085 observ„
495 2042 593 2087 quod
617 2053 688 2090 ego
714 2049 750 2077 te
778 2054 797 2076 a
823 2042 989 2088 pueritia
1019 2050 1199 2089 tanquam
1232 2046 1358 2080 virum
1394 2053 1593 2093 praesume

39 2088 41 2145 ἠ
103 2098 180 2126 tem
206 2097 244 2126 et
267 2091 423 2126 doctum
448 2091 608 2138 plurimi
632 2091 708 2125 feci
733 2098 770 2126 et
796 2098 995 2127 veneratus
1020 2103 1115 2127 sum.

197 2160 232 2195 2.
281 2159 375 2205 quod
399 2185 407 2194 .
435 2184 444 2192 .
471 2163 586 2201 aetas,
618 2158 715 2194 was
741 2158 840 2193 auch
868 2159 940 2194 mit
965 2159 1035 2195 der
1055 2159 1400 2198 Verschiedenheit
1435 2173 1593 2197 unserer

36 2202 42 2226 ·'
103 2207 216 2243 lahre
239 2208 346 2243 wohl
365 2207 568 2243 vereinbar
594 2206 654 2242 ist.
705 2218 784 2242 mea
817 2213 998 2253 tanquam
1030 2208 1191 2252 iuvenis,
1234 2215 1297 2245 tua
1330 2217 1510 2256 tanquam
1535 2223 1592 2246 se-

103 2256 176 2292 nis.
199 2274 246 2282 -
269 2257 310 2290 in
334 2266 403 2301 qno
430 2280 439 2289 .
466 2281 475 2289 .
501 2281 510 2289 .
534 2260 666 2299 sanct„
701 2256 741 2289 in
773 2256 966 2292 welchem
990 2255 1057 2292 ich
1090 2257 1151 2292 die
1181 2258 1331 2307 heilige
1357 2259 1508 2295 Wiirde
1535 2260 1591 2293 ei-

104 2314 170 2339 nes
194 2304 327 2338 Vaters
352 2317 400 2338 zu
425 2303 546 2338 ehren
569 2304 832 2339 entschlossen·
857 2305 943 2349 bin3
981 2316 1095 2350 quem
1123 2307 1252 2343 eadem
1278 2307 1490 2350 sanctitate,
1518 2319 1592 2352 qua

103 2358 264 2397 patrem,
289 2352 416 2388 colere
442 2352 631 2387 constitui.
682 2353 894 2388 Vielleicht
918 2355 968 2388 ist
993 2354 1133 2390 iedoch
1158 2355 1226 2390 der
1250 2355 1363 2390 Sinn:
1407 2355 1469 2389 bei
1505 2356 1591 2390 ‹les-

101 2411 168 2435 oen
192 2399 422 2446 Verehrung
447 2401 513 2435 ich
536 2401 616 2435 mir
649 2401 712 2435 die
744 2401 1076 2447 Unstr'aflichkeit‚
1111 2403 1172 2438 die
1207 2402 1475 2453 ungefalschte
1513 2404 1589 2438 Ge-

41 2441 47 2492 Ϊ
103 2448 266 2494 sinnung
290 2449 435 2483 moines
460 2450 590 2484 Vaters
623 2449 676 2483 als
704 2449 864 2484 Vorbild
899 2452 1138 2499 ausgestellt,
1179 2464 1267 2487 zum
1300 2451 1488 2487 Vorbilde
1522 2453 1589 2486 be-

101 2496 250 2530 stimmt
273 2495 369 2531 habe
404 2496 428 2529 i.
454 2507 486 2531 e.
522 2508 636 2543 quem
667 2497 797 2531 eadem
835 2501 1047 2544 sanctitate,
1091 2512 1162 2545 qua
1195 2507 1307 2546 pater
1341 2510 1461 2542 meus,
1502 2505 1590 2534 tuus

47 2559 48 2587 ῃ
100 2544 260 2587 amicus,
286 2551 325 2579 te
352 2544 485 2587 coluit,
512 2546 642 2581 colere
670 2546 862 2581 constitui.
904 2563 949 2572 —·
994 2550 1166 2591 consilia,
1193 2547 1465 2595 Rathschl'a‘ge.
1517 2549 1588 2583 Ni-

47 2590 49 2624 Ϊ
100 2593 242 2627 mirum
268 2592 404 2639 quibus
430 2594 572 2635 suades,
622 2599 664 2628 ut
697 2594 755 2628 rei
780 2595 955 2640 publicae
986 2597 1248 2631 defensionem
1280 2596 1497 2642 suscipiam.
1542 2615 1583 2621 -

45 2634 49 2675 ,¹
100 2651 209 2685 quam
233 2666 242 2675 .
268 2667 276 2675 .
304 2641 447 2683 metior,
473 2642 536 2676 die
563 2642 628 2676 ich
646 2643 740 2675 nach
767 2643 931 2677 meinem
959 2645 1118 2694 eigenon
1137 2645 1387 2679 Bewusstsein
1412 2655 1586 2679 ermesse.

46 2701 51 2739 ff(
99 2688 199 2731 „Ich
224 2688 328 2724 halte
354 2689 455 2725 Dich
481 2691 522 2723 in
546 2691 632 2724 dem
660 2690 787 2725 Grade
814 2693 879 2725 fiir
903 2699 1002 2735 tren,
1029 2694 1070 2726 in
1095 2692 1285 2727 welchem
1311 2692 1378 2727 ich
1405 2705 1443 2727 es
1469 2694 1586 2727 selbst

46 2736 51 2789 ζ
100 2747 222 2786 geg-en
256 2738 355 2773 Dich
392 2751 438 2772 zu
483 2739 562 2773 sein
600 2738 676 2773 mir
710 2740 875 2775 bewusst
915 2741 999 2784 bin;
1041 2741 1117 2775 und
1155 2741 1324 2776 dieselbe
1357 2741 1583 2789 Gesinnung

1636 1059 1665 1100 2

1673 1106 1681 1135 χ.
