1795 3086
168 81 227 128 30
459 80 520 124 Μ.
549 81 603 123 Τ.
636 77 977 129 CICERONIS
1007 80 1378 128 EPISTOLAE.

168 198 291 237 sima.
362 194 520 248 quue
570 191 689 234 facio
730 190 953 245 libentius,
1003 197 1053 235 ut
1091 208 1166 236 eos
1205 197 1289 237 tibi
1327 197 1645 250 commendem,

169 251 289 306 quod
320 254 363 291 et
391 255 492 291 tuae
522 247 660 299 laudi,
699 248 826 289 cuius
854 261 936 302 ego
964 247 1117 291 fautor
1145 265 1256 304 sum,
1295 251 1546 294 conducere
1576 268 1644 294 ar-

168 310 327 355 bitror,
369 318 503 360 quum
532 304 702 358 primus
745 303 792 344 in
833 317 931 345 eam
969 304 1160 347 insulam
1200 312 1411 362 quaestor
1448 311 1643 360 veneris,

168 378 218 404 ea
249 368 293 404 te
322 360 575 409 instituere,
608 372 720 414 quae
750 363 992 413 sequantur
1020 362 1126 404 alii:
1165 377 1292 417 quae,
1322 367 1373 404 ut
1403 378 1549 418 spero,
1578 365 1644 405 sa-

169 420 302 459 cilius
333 428 618 469 consequere,
646 414 687 456 si
717 418 761 455 et
788 414 843 457 P.
874 415 1074 470 Lentuli,
1114 419 1359 460 necessarii
1388 421 1469 471 tui,
1500 422 1645 474 legem

168 480 210 515 et
241 488 306 526 ea,
336 484 448 535 quae
476 484 503 511 a
527 484 597 512 me
627 470 870 512 constituta
906 475 1022 523 sunt,
1061 475 1185 529 sequi
1224 475 1438 517 volueris.
1500 475 1645 526 Quam

166 545 258 572 rem
288 529 372 570 tibi
402 525 580 568 confido
610 539 796 582 magnae
826 527 951 568 laudi
980 527 1091 570 fore.

290 674 605 718 EPISTOLA
635 675 950 718 DCLXXVI.
1010 677 1088 728 (ad
1118 676 1226 718 Div.
1256 675 1396 717 XIII.
1427 676 1514 726 51.)

330 751 410 786 Scr.
437 761 534 785 anno
562 750 721 792 incerto,
746 752 907 787 fortasse
932 755 975 787 A.
1003 751 1048 785 U.
1075 750 1114 784 C.
1143 752 1223 787 708.
1260 752 1305 792 (a.
1334 750 1374 786 C.
1403 752 1477 791 46.)

620 819 654 852 Ρ.
681 819 906 853 Messienum
933 816 1187 852 commendat.

615 885 792 920 CICERO
820 887 857 920 P.
885 885 1059 920 CAESIO
1086 884 1123 919 S.
1149 886 1193 919 D.

276 957 329 997 P.
367 951 654 1007 Messienum,
703 954 899 1008 equitem
949 951 1213 1005 Romanum,
1263 954 1467 995 omnibus
1516 957 1647 997 rebus

167 1016 369 1055 ornatum
397 1023 630 1065 meumque
658 1010 1026 1064 perfamiliarem,
1055 1008 1139 1049 tibi
1169 1010 1430 1051 commendo
1452 1024 1505 1052 ea
1526 1024 1645 1053 com-

167 1066 466 1118 mendatione,
494 1079 606 1120 quae
636 1070 784 1120 potest
813 1078 910 1106 esse
939 1064 1299 1118 diligentissima.
1374 1065 1491 1107 Peto
1531 1081 1559 1108 a
1602 1072 1645 1109 te

168 1131 212 1166 et
242 1137 324 1178 pro
353 1126 506 1163 nostra
534 1126 580 1162 et
607 1134 690 1175 pro
720 1125 907 1175 paterna
944 1119 1161 1169 amicitia,
1213 1125 1264 1161 ut
1301 1134 1402 1161 eum
1439 1122 1485 1162 in
1526 1127 1647 1165 tuam

168 1180 304 1220 fidem
355 1177 549 1231 recipias
598 1177 782 1232 eiusque
833 1189 928 1217 rem
966 1175 1218 1230 famamque
1258 1180 1424 1218 tueare.
1484 1177 1646 1219 Virum

168 1238 330 1277 bonum
357 1236 522 1288 tuaque
560 1233 762 1274 amicitia
802 1232 986 1287 dignum
1024 1231 1110 1272 tibi
1148 1231 1413 1274 adiunxeris
1449 1233 1646 1290 mihique

165 1289 469 1347 gratissimum
497 1287 677 1330 feceris.

168 1409 259 1442 cato
283 1405 391 1441 hatte
416 1405 588 1439 n‘aimlich
611 1404 710 1440 nach
736 1405 824 1440 dem
849 1403 1083 1452 Vorschlage
1116 1403 1179 1438 des
1213 1404 1368 1439 Clodius
1402 1405 1549 1451 Cyprus
1576 1407 1647 1442 den

168 1457 335 1490 Riimern
360 1455 625 1488 unterworfen
650 1466 686 1488 u.
722 1465 761 1488 es
786 1460 900 1488 unter
934 1453 1021 1487 dem
1048 1453 1245 1487 Consulate
1279 1453 1342 1488 des
1376 1454 1417 1487 L.
1452 1455 1534 1488 Piso
1572 1457 1649 1489 und

169 1503 353 1538 Gabinius
378 1503 450 1537 mit
474 1501 639 1536 Cilicien
664 1502 863 1546 vereinigt.
897 1520 944 1526 —
982 1512 1088 1546 quum
1111 1501 1253 1544 primus
1277 1527 1285 1534 .
1315 1525 1322 1533 .
1350 1506 1523 1546 quaestor
1547 1515 1648 1537 vene—

170 1553 235 1586 ris.
286 1552 407 1585 Antea
432 1550 534 1585 enim
561 1557 738 1594 quaestor
764 1549 923 1585 Ciliciae
948 1549 1047 1583 idem
1075 1554 1155 1583 erat
1181 1548 1315 1594 Cypri.
1365 1550 1410 1583 In
1434 1550 1503 1584 der
1528 1551 1648 1600 Folge

170 1600 307 1634 bekam
352 1599 500 1645 Cyprus
539 1598 652 1646 lange
693 1599 780 1632 Zeit
817 1598 951 1632 hinter
990 1596 1173 1631 einander
1209 1597 1415 1631 besondere
1456 1599 1646 1634 Pr'atoren.

167 1649 327 1693 primum
350 1648 469 1692 Neap.
495 1647 578 1681 Asc.
607 1650 636 1683 l.
666 1646 765 1681 Crat.
792 1646 921 1683 Lamb.
948 1645 1085 1679 Bened.
1112 1651 1245 1679 contra
1271 1645 1343 1679 Md.
1376 1645 1571 1681 ORELLI.
1606 1667 1647 1672 -—

169 1708 211 1730 ea
238 1701 272 1730 te
297 1695 503 1739 instituere,
528 1695 693 1729 daselbst
717 1694 849 1729 solche
880 1693 1190 1741 Einrichtungen
1216 1706 1263 1726 zu
1288 1693 1438 1728 treffen.
1480 1715 1522 1721 —
1561 1707 1650 1740 quae

169 1752 360 1788 tamquam
385 1743 481 1778 bona
513 1743 689 1789 exempla
722 1754 798 1787 seq.
836 1743 918 1784 alii,
958 1742 1014 1776 tui
1049 1752 1295 1776 successores.
1347 1760 1389 1767 —
1440 1742 1480 1776 Ρ.
1507 1743 1651 1778 Lentuli

170 1791 402 1838 Spintheris,
427 1792 490 1826 des
517 1791 909 1840 drittenVorg'ang-ers
935 1788 1098 1824 Cicero's
1125 1790 1176 1823 im
1205 1789 1467 1824 Proconsulate
1491 1802 1566 1825 von
1587 1793 1650 1826 Ci-

170 1841 300 1875 licien.
351 1859 398 1865 —
446 1840 581 1882 legem,
613 1839 741 1881 Edict,
772 1851 851 1874 was
888 1838 949 1874 ein
976 1837 1200 1873 Statthalter
1235 1839 1333 1872 beim
1357 1838 1503 1873 Antritt
1528 1840 1649 1874 seines

172 1891 276 1924 Amts
309 1887 479 1935 ergehen
503 1888 604 1922 liess.
634 1906 675 1912 —
702 1891 814 1922 const.
839 1891 922 1921 sunt
946 1887 986 1919 in
1010 1886 1279 1932 proconsulatu
1304 1885 1470 1920 Ciliciae.

268 1937 306 1970 P.
335 1936 532 1970 CAESIO.
580 1935 653 1970 Hic
675 1942 731 1970 est
757 1935 857 1969 idem
881 1937 1051 1977 fortasse,
1078 1945 1190 1978 quem
1209 1934 1342 1969 Cicero
1358 1936 1490 1980 ep.481
1517 1937 1650 1971 scribit

170 1984 307 2030 Arpini
332 1996 406 2018 una
431 1996 516 2018 cum
542 1983 624 2018 filio
660 1995 724 2018 suo
749 1983 913 2018 aedilem
938 1984 1090 2016 factum.
1135 1983 1244 2017 SCH.
1301 1982 1648 2020 Wahrscheinlich

170 2033 275 2067 hatte
307 2032 441 2067 Cicero
483 2032 625 2066 diesem
664 2032 871 2078 Arpinaten
903 2043 950 2065 zu
982 2030 1121 2064 diesem
1159 2030 1271 2064 Amte
1304 2030 1521 2065 verholfen.
1573 2034 1649 2067 Aus

169 2080 454 2128 vorliegendem
482 2081 608 2114 Briefe
633 2092 734 2115 muss
758 2092 844 2114 man
878 2079 1098 2118 schliessen,
1140 2077 1221 2112 dass
1258 2078 1387 2113 Casius
1420 2079 1557 2127 irgend
1588 2082 1650 2115 ein

171 2130 259 2164 Amt
284 2129 324 2163 in
360 2129 467 2163 einer
492 2129 668 2168 Provinz,
707 2128 906 2163 vielleicht
944 2126 1043 2160 beim
1068 2128 1270 2172 Propr'zitor
1295 2128 1431 2160 Brutus
1465 2129 1518 2160 im
1553 2129 1650 2163 dies-

171 2178 334 2225 seitigen
361 2177 527 2216 Gallien,
551 2176 741 2211 bekleidet
765 2177 872 2220 habe,
898 2175 1023 2210 worin
1040 2176 1245 2209 Messienus
1259 2174 1460 2210 Gesch'eifte
1487 2177 1648 2211 machte.

171 2225 208 2260 S.
234 2236 291 2271 ep.
316 2226 398 2261 481.
436 2244 484 2250 —
526 2236 616 2269 quae
637 2229 754 2270 potest
778 2236 853 2259 esse
881 2237 930 2256 ..τ
954 2222 1180 2271 m'dglichst;
1206 2235 1275 2257 zur
1299 2223 1559 2272 Verst'arkung
1583 2226 1648 2260 des

171 2273 360 2320 Superlat.
395 2271 433 2311 S.
459 2273 611 2308 Ramsh.
639 2273 667 2315 §.
696 2275 776 2314 156,
801 2276 836 2313 3,
864 2272 897 2306 b.
930 2272 1075 2306 Grotef.
1109 2271 1137 2313 §.
1163 2273 1245 2308 390.
1291 2272 1377 2305 zus.
1404 2273 1438 2306 3.
1489 2291 1536 2297 —
1581 2285 1648 2318 pa-

171 2328 289 2364 terna,
315 2333 390 2356 von
416 2322 579 2357 Deinem
602 2322 715 2355 Vater
739 2323 807 2355 auf
828 2319 928 2356 Dich
954 2320 1167 2354 vererbten.
1198 2339 1239 2345 —
1269 2319 1397 2360 fidem,
1424 2319 1577 2355 Sehutz.
1604 2341 1648 2347 —

164 2372 323 2413 sarnam,
348 2370 469 2412 Ehre,
496 2375 612 2417 guten
640 2370 797 2405 Nainen.
836 2390 877 2395 —
918 2368 984 2403 tibi
1011 2369 1171 2411 adiunx„
1197 2368 1365 2404 wiirdest
1390 2369 1447 2402 Du
1474 2369 1543 2402 Dir
1568 2370 1648 2404 hie-

172 2418 293 2453 ‹lurch
319 2418 536 2455 verbinden.
