1795 3086
177 81 273 128 222
455 82 519 126 M.
550 82 607 126 T.
639 80 980 126 CICERONIS
1009 81 1382 128 EPISTOLAE.

178 208 236 236 ex
273 194 324 236 C.
354 193 488 235 Fadii
525 193 624 235 filia
660 193 825 235 liberos
865 193 1090 237 habuisse.
1155 198 1304 251 Atque
1342 196 1509 239 utinam
1550 212 1647 240 eum

177 252 298 292 diem
334 251 537 303 videam,
583 262 718 303 quum
754 250 841 291 ista
880 251 1026 292 oratio
1064 251 1129 292 ita
1164 253 1302 294 libere
1341 259 1551 308 vagetur,
1599 261 1648 296 ut

177 307 311 349 etiam
340 306 386 345 in
416 305 576 347 Siccae
605 305 778 346 domum
806 305 1019 348 introeat!
1077 305 1166 349 Sed
1195 309 1280 348 illo
1309 311 1510 363 tempore
1539 323 1648 364 opus

178 367 260 408 est,
290 360 409 415 quod
437 360 526 401 fuit
555 360 653 401 illis
681 360 943 402 triumviris.
1001 360 1191 415 Moriar,
1229 363 1318 404 nisi
1358 363 1516 405 facete.
1574 366 1646 407 Tu

178 430 284 459 vero
314 417 437 470 leges
467 415 607 457 Sexto
636 415 818 469 eiusque
847 416 1065 459 iudicium
1103 419 1217 459 mihi
1256 421 1517 473 perscribes.
1581 417 1649 463 Εἷς

177 474 264 521 ἐμοὶ
301 469 445 520 μύριοι.
534 471 690 513 Caleni
734 472 1030 513 interventum
1086 479 1133 516 et
1181 475 1406 516 Calvenae
1454 474 1646 517 cavebis.

178 526 311 577 Quod
341 526 527 577 vereris,
566 541 621 568 ne
650 525 860 574 α’ὄόλεσχος
886 527 999 569 mihi
1029 532 1098 571 tu:
1138 529 1238 584 quis
1266 530 1435 572 minus?
1473 530 1562 582 cui,
1600 535 1649 572 ut

174 682 327 728 quidem
350 683 441 716 Ern.
469 681 510 714 in
537 680 645 714 Clavi
671 692 708 726 p.
735 682 804 716 810
838 680 1008 716 defendit
1033 682 1144 720 vallo,
1177 682 1418 728 explicatque
1445 695 1529 717 cum
1555 684 1647 718 Cor-

174 731 280 765 rado:
306 730 417 772 „sine
444 728 710 774 exceptione.·‘
758 728 858 763 Lall.
885 730 968 763 fere
997 741 1082 763 cum
1104 730 1270 764 Oliveto:
1296 731 1377 774 „ita
1403 737 1443 764 ut
1468 742 1578 765 nemo
1603 731 1647 764 ab

174 778 355 814 orationis
380 776 539 811 lectione
565 779 781 810 arceatur.⁴‘
814 776 893 810 sine
917 777 993 810 sale
1019 777 1173 811 Graevii
1198 789 1296 823 susp.
1332 778 1433 817 „Sed
1458 779 1498 812 id
1523 779 1646 812 lenius

175 831 245 869 est,
273 837 383 872 quam
409 836 467 859 res
492 824 694 869 postulat.“
742 824 836 861 Ern,
863 824 998 870 Aptius
1024 836 1112 859 sane
1140 832 1254 859 esset:
1281 826 1360 859 sine
1376 826 1487 867 felle.
1539 825 1645 861 Ovid.

175 874 289 909 Trist.
315 875 348 915 2,
375 874 457 909 565.
483 872 668 907 candidas
692 883 716 906 a
740 872 879 905 salibus
902 873 1052 915 suffusis
1077 872 1171 907 felle
1190 874 1342 915 refugi.-
1370 873 1445 907 nisi
1470 884 1560 908 vero
1585 885 1647 908 re-

174 924 301 957 fertur
325 921 370 954 ad
395 932 493 955 vers.
522 920 679 963 Lucilii,
719 920 781 953 ubi
807 920 935 966 ignoto
961 920 1067 955 nobis
1093 932 1194 954 nexu
1220 927 1299 954 erat
1323 931 1403 955 voc.
1429 922 1530 954 valli.
1571 921 1646 955 ΟΒ.

173 969 301 1012 „ohne
326 969 389 1002 des
415 968 582 1002 Lucilius
608 967 903 1015 Verschanzung·
929 967 962 1001 d.
983 968 1006 1001 i.
1033 967 1132 1002 ohne
1157 969 1287 1002 dessen
1311 968 1646 1016 Einschr'einkung,

176 1017 303 1052 indem
329 1016 499 1051 Lucilius
535 1015 789 1058 versicherte‚
822 1015 904 1049 dass
944 1027 986 1050 er
1018 1015 1128 1050 nicht
1160 1027 1237 1050 von
1273 1016 1499 1051 Iedermann
1530 1017 1648 1051 wolle

175 1066 327 1112 gelesen
358 1064 551 1099 werden.“
585 1063 712 1098 ohne
744 1062 1026 1097 Lucilische
1062 1063 1204 1097 Galle
1239 1067 1343 1098 ware
1369 1077 1396 1098 s.
1423 1076 1459 1099 v.
1486 1076 1517 1098 a.
1546 1064 1647 1098 ohne

174 1112 381 1149 Bitterkeit
405 1113 472 1145 auf
493 1110 597 1145 Sicca
622 1110 698 1144 und
724 1109 920 1155 Septimia,
956 1110 1036 1144 sine
1069 1111 1149 1144 ulla
1179 1122 1309 1145 eorum
1335 1112 1577 1147 contumelia.
1604 1130 1646 1137 —

177 1161 219 1196 C.
246 1160 366 1195 Fadii.
393 1159 457 1193 Sic
483 1158 564 1193 edd.
590 1169 695 1192 meae
719 1169 860 1195 omnes,
910 1157 983 1193 Sed
1009 1158 1162 1202 Philipp.
1190 1161 1224 1200 2,
1249 1161 1283 1195 2.
1321 1159 1404 1194 loco
1429 1159 1518 1194 satis
1544 1165 1648 1193 certo

177 1215 235 1243 est
262 1209 304 1244 Q.
333 1207 471 1242 Fadius
495 1206 750 1249 (libertinus);
786 1206 883 1241 unde
909 1205 946 1239 h.
973 1207 1000 1243 l.
1037 1208 1076 1243 Q.
1102 1207 1213 1241 Fadia*
1244 1207 1446 1255 legendum
1471 1207 1648 1252 probabi-

174 1257 269 1292 liter
293 1256 441 1290 censuit
464 1254 676 1290 Ferrarius.
704 1254 776 1288 OR.
805 1274 847 1279 —
879 1254 952 1289 Sed
973 1255 1040 1289 illo
1066 1280 1073 1288 .
1100 1279 1109 1289 .
1138 1281 1147 1288 .
1174 1255 1386 1297 triumviri&
1413 1255 1529 1298 „aber
1554 1255 1649 1289 dazu

175 1304 311 1338 bedarf
332 1315 370 1338 es
398 1303 506 1338 einer
526 1303 624 1346 Zeit‚
650 1302 726 1338 wie
752 1302 826 1346 die,
851 1302 896 1336 da
922 1303 1005 1336 iene
1024 1302 1424 1337 Dreiweiberm'zinner
1449 1303 1510 1337 die
1526 1303 1647 1337 Herr-

176 1352 301 1387 schaft
337 1350 550 1394 fiihrten;“
585 1358 627 1386 ut
659 1350 816 1397 prodire
845 1351 969 1396 possit
1005 1350 1225 1396 Philippica
1261 1351 1441 1390 secunda,
1475 1357 1648 1396 tempore

176 1412 270 1447 opus
307 1405 376 1440 est,
414 1410 488 1444 quo
520 1398 639 1433 libere
671 1398 718 1432 de
752 1409 794 1432 re
828 1398 982 1444 publiea
1017 1399 1132 1433 liceat
1162 1399 1384 1432 sententiam
1419 1398 1566 1441 dicere;
1608 1397 1647 1431 id

177 1447 277 1493 quod
301 1453 406 1482 certe
432 1446 554 1480 adhuc
578 1446 716 1481 licebat
741 1446 807 1480 sub
833 1445 912 1480 illis
938 1447 1165 1489 triumviris,
1199 1446 1369 1488 Caesare,
1404 1446 1647 1491 Pompeio—et

177 1497 322 1532 Crasso.
373 1495 471 1538 Quae
497 1494 728 1540 conspiratio
755 1505 981 1538 quamquam
1005 1494 1164 1539 proprie
1189 1494 1452 1528 triumviratus
1478 1505 1554 1528 non
1579 1504 1648 1527 no-

176 1543 401 1585 minabatur,
422 1542 566 1576 Atticus
591 1548 717 1576 tamen
744 1552 805 1575 eos
830 1553 902 1587 per
927 1542 1048 1575 iocum
1073 1541 1294 1576 triumviros
1319 1541 1514 1588 appellare
1538 1547 1649 1587 pote-

176 1598 247 1636 rat,
272 1593 395 1625 facete
418 1590 535 1624 simul
560 1589 732 1624 alludens
757 1589 804 1623 ad
829 1596 903 1623 tres
925 1589 1096 1635 Pompeii
1122 1596 1159 1623 et
1178 1589 1344 1624 Caesaris
1369 1600 1518 1631 uxores,
1544 1589 1650 1636 quasi

177 1652 238 1675 eos
263 1639 374 1673 trium
398 1638 605 1672 mulierum
636 1638 737 1672 viros
768 1637 923 1672 diceret.
972 1638 1115 1673 Notum
1140 1644 1197 1672 est
1234 1637 1334 1671 enim
1361 1636 1581 1683 Pompeium
1607 1637 1649 1670 in

178 1687 420 1722 matrimonio
445 1686 618 1720 habuisse
644 1686 820 1727 Muciam,
855 1685 992 1719 deinde
1018 1686 1169 1728 Iuliam,
1194 1691 1384 1729 postremo
1411 1685 1648 1726 Corneliam,

178 1737 379 1771 Caesarem
405 1745 495 1769 vero
514 1734 744 1776 Corneliam,
772 1734 1002 1778 Pompeiam,
1028 1733 1283 1779 Calpurniam.
1334 1733 1411 1766 1110
1437 1744 1528 1767 vero
1553 1739 1648 1767 tem-

177 1796 270 1830 pore
297 1795 434 1832 magna
459 1782 583 1817 adhuc
609 1788 687 1816 erat
710 1782 888 1816 adversus
913 1780 982 1816 hos
1004 1782 1173 1825 quamvis
1195 1787 1367 1826 potentes
1385 1781 1535 1815 dicendi
1553 1781 1648 1813 scri-

178 1832 368 1876 bendique
405 1830 582 1875 libertas3
619 1841 731 1874 quam
768 1835 954 1864 testantur
991 1829 1118 1863 Bibuli
1152 1828 1274 1863 edicta
1298 1829 1337 1861 in
1363 1828 1558 1862 consulatu
1584 1827 1648 1861 ad·

177 1892 309 1915 versus
335 1879 530 1914 Caesarem
556 1878 763 1926 collegam,
799 1877 973 1922 idemque
1005 1877 1184 1912 Varronis
1209 1872 1432 1922 Τρικάρανον
1467 1889 1494 1910 s.
1521 1875 1648 1909 Trici-

178 1928 319 1974 pitinus
354 1928 400 1961 de
431 1927 500 1960 illa
532 1926 695 1961 coitione
719 1925 891 1971 scriptus.
942 1926 1103 1971 Appian.
1129 1924 1210 1958 Lib.
1236 1925 1283 1957 11.
1311 1924 1356 1959 de
1383 1925 1422 1958 B.
1449 1924 1529 1958 Civ.
1556 1934 1587 1957 c.
1613 1925 1647 1958 9.

178 1978 251 2010 Iac.
279 1975 446 2010 Gronov.
472 1974 698 2009 conficiebat
712 1974 934 2008 Ciceronem
961 1973 1178 2017 scripsisse:
1204 1972 1270 2006 illo
1296 1976 1455 2016 tempore
1480 1982 1570 2015 opus
1582 1975 1648 2012 est,

178 2035 247 2069 quo
265 2023 415 2067 suerint
439 2023 501 2057 illc·
526 2022 723 2057 triumviri.
756 2021 793 2056 h.
821 2033 852 2056 e.
885 2032 958 2067 quo
982 2020 1168 2067 perierint
1192 2021 1239 2053 M.
1263 2020 1306 2053 L.
1333 2020 1374 2055 C.
1401 2020 1574 2054 Antonii:
1609 2019 1650 2052 in

179 2083 252 2117 quo
268 2071 443 2107 Ciceroni
468 2072 589 2105 faceta
613 2069 739 2105 videri
764 2070 888 2115 potuit
911 2067 1126 2113 ἀμφιβολία,
1154 2068 1241 2113 quia
1267 2068 1338 2102 ista
1363 2068 1477 2102 verba
1502 2066 1649 2113 signifi-

179 2131 266 2154 care
304 2129 449 2164 quoque
483 2125 635 2164 possent
669 2130 738 2163 quo
773 2123 933 2162 tempore
964 2117 1026 2150 illi
1057 2116 1323 2150 triumuiratum
1358 2115 1484 2158 adepti
1522 2118 1648 2147 essent.

179 2168 288 2203 SCH.
316 2186 358 2193 —
396 2167 565 2208 Moriar,
588 2168 662 2200 nisi
678 2167 807 2210 facete
831 2166 905 2199 hoc
931 2164 1085 2208 dixeris,
1124 2163 1188 2197 ich
1212 2163 1298 2198 will
1322 2162 1385 2197 des
1410 2162 1530 2196 Todes
1555 2162 1648 2201 sein,

179 2227 293 2250 wenn
319 2215 380 2249 das
407 2213 516 2248 nicht
540 2214 678 2262 witzig
701 2214 778 2248 und
802 2212 978 2260 trefflich
1004 2222 1079 2245 von
1104 2212 1177 2246 Dir
1201 2217 1335 2258 gesagt
1366 2210 1427 2244 ist.
1462 2226 1505 2233 -
1538 2209 1650 2243 Sexto

180 2264 376 2299 Peducaeo.
403 2261 440 2296 S.
469 2273 526 2307 ep.
555 2264 635 2302 767,
663 2264 696 2298 3.
733 2281 774 2287 —
812 2261 895 2301 Εἷς
919 2258 1021 2305 ἐμοὶ
1045 2255 1229 2305 μύριοι,
1261 2257 1325 2291 hic
1351 2269 1444 2291 unus
1469 2256 1566 2290 mihi
1591 2257 1651 2290 in-

179 2318 260 2346 star
285 2311 491 2344 multorum
517 2311 697 2352 millium,
721 2315 764 2344 ut
790 2320 847 2354 ep.
873 2311 938 2343 31:
973 2307 1063 2342 cato
1090 2307 1162 2340 ille
1188 2312 1329 2348 noster,
1363 2306 1427 2350 qui
1451 2304 1539 2338 mihi
1562 2315 1652 2337 unus

180 2365 234 2394 est
256 2371 326 2403 pro
354 2362 488 2392 centum
512 2358 684 2392 millibus.
734 2357 850 2400 „Sein
875 2355 1028 2390 Urtheil
1053 2355 1128 2403 gut
1153 2356 1230 2387 mir
1254 2353 1379 2393 mehr,
1407 2352 1463 2386 als
1490 2352 1551 2387 das
1578 2352 1651 2386 Ur-

181 2408 280 2442 theil
305 2406 461 2442 tausend
484 2406 697 2440 Anderer.“
723 2424 768 2431 —-
814 2406 857 2450 Q.
882 2404 980 2437 Fufii
1007 2403 1149 2445 Caleni,
1174 2402 1246 2436 den
1271 2400 1440 2434 einmahl
1465 2400 1526 2433 das
1552 2399 1652 2434 Volk

180 2457 236 2489 als
263 2455 347 2489 eine
374 2455 532 2489 creatur
559 2454 688 2488 C'eisars
724 2452 925 2487 offentlich
957 2450 1181 2485 auszischte.
1230 2449 1312 2483 Vid.
1346 2449 1392 2482 ad
1415 2448 1529 2483 Attio.
1556 2450 1590 2490 1,
1616 2449 1649 2482 6.

183 2505 247 2547 lx,
273 2506 305 2539 2.
333 2503 378 2537 ad
403 2502 538 2536 Famil.
564 2503 608 2545 V,
635 2503 667 2537 6.
708 2501 874 2547 Philipp.
900 2500 1004 2542 VIII,
1029 2501 1063 2535 3.
1113 2518 1155 2524 —
1209 2497 1389 2531 (Μίνωα
1424 2497 1449 2530 i.
1478 2507 1507 2529 e.
1534 2494 1650 2529 Matii.

183 2551 220 2585 S.
247 2564 293 2585 zu
319 2563 377 2596 ep.
400 2551 483 2586 356.
510 2552 591 2586 716.
622 2552 701 2585 717.
753 2549 856 2583 Uber
891 2547 964 2582 den
1002 2547 1248 2593 Spottnamen
1282 2545 1443 2579 Calvena
1480 2556 1506 2578 s.
1545 2543 1651 2587 epist.

181 2600 264 2640 684,
293 2602 322 2633 1.
349 2600 431 2641 689,
456 2599 479 2633 3
504 2609 562 2631 am
588 2597 705 2631 Ende.
758 2597 885 2639 „Aber
909 2595 1085 2639 verhiite,
1118 2594 1200 2628 dass
1226 2593 1385 2627 Calenus
1417 2591 1494 2625 und
1519 2590 1651 2623 Matius

184 2646 292 2680 Euch
326 2646 601 2686 uberi-ascheri,
634 2656 746 2680 wann
780 2645 838 2679 Du
873 2644 931 2679 die
960 2644 1059 2679 Rede
1094 2642 1178 2677 dem
1204 2641 1387 2675 Peducaus
1414 2638 1651 2673 vorliesest.“

182 2696 318 2729 Diesen
344 2701 466 2728 traute
493 2706 536 2728 er
561 2694 681 2728 nicht.

278 2745 299 2777 2
351 2755 392 2775 ν(-
417 2739 672 2784 &Sisimi-<oc
699 2741 786 2775 milei
815 2746 848 2770 ὐ
878 2742 899 2773 i.
928 2752 955 2774 οί
988 2751 1031 2774 ne
1060 2747 1099 2773 tu
1127 2738 1223 2772 mihi
1250 2736 1415 2785 nimium¹
1432 2735 1569 2778 loquax
1596 2732 1649 2764 vi.-
