1795 3086
215 60 307 109 284
493 63 558 108 Μ.
590 65 645 107 Τ.
680 61 1024 108 01οΕΒΟΝ15
1049 64 1425 113 EPISTOLAE.

424 174 742 216 EPISTOLA
783 174 1033 218 DCCCIII.
1093 178 1170 228 (ad
1201 180 1306 221 Div.
1340 180 1401 222 X,
1433 182 1493 230 7.)

333 250 410 285 scr.
437 249 474 283 in
501 249 681 294 Hispania
707 260 831 282 mense
859 251 1002 285 Martio
1028 252 1069 286 A.
1097 253 1142 287 U.
1171 255 1209 287 c.
1237 255 1315 289 711.
1365 255 1414 297 (a.
1441 255 1480 290 c.
1510 256 1581 296 43.)

216 321 349 353 Causas
376 316 489 351 studii
522 317 560 349 in
594 324 676 350 rem
701 317 891 361 publicum
918 320 972 351 sui
1006 320 1123 354 serius
1148 321 1332 365 patefacti
1358 322 1519 356 breviter
1544 326 1701 369 exponit

429 376 612 410 suamque
639 365 863 410 dignitatem
900 367 1078 401 Ciceroni
1107 370 1361 403 commendat.
1388 372 1484 406 1-2.

710 434 924 468 PLANCUS
949 436 1201 471 CICERONI.

323 502 463 544 Plura
502 502 583 544 tibi
624 502 679 542 de
722 503 833 542 meis
873 504 1076 545 consiliis
1106 504 1348 546 scriberem
1390 505 1696 560 rationemque

212 558 409 599 omnium
439 571 588 599 rerum
618 557 851 598 redderem
880 560 1137 611 verbosius,
1178 574 1263 614 quo
1292 562 1433 614 magis
1474 562 1696 603 iudicares

213 614 362 655 omnia
390 627 461 656 me
491 615 555 655 rei
587 614 790 668 publicae
819 616 1122 667 praestitisse,
1163 629 1274 670 quae
1312 621 1357 658 et
1386 622 1462 658 tua
1492 617 1694 658 exhorta-

212 669 330 711 tione
360 671 517 725 excepi
547 673 592 711 et
620 683 717 710 mea
746 670 1046 712 affirmatione
1076 671 1160 711 tibi
1183 674 1333 726 recepi
1356 695 1409 702 —
1429 686 1517 713 non
1549 673 1697 714 minus

210 726 327 767 enim
358 738 383 766 a
410 730 454 767 te
484 726 680 780 probari,
711 740 840 780 quam
870 725 1204 781 diligisemper
1217 729 1359 769 volui:
1389 733 1534 770 necte
1552 729 1694 782 magis

211 782 258 822 in
298 783 428 835 eulpa
466 782 746 823 defensorem
785 781 896 822 mihi
936 783 1115 837 paravi,
1164 796 1296 837 quam
1342 784 1696 837 praedicatorem
1754 820 1757 821 γ

210 837 471 878 meritorum
500 852 699 879 meorum
730 851 827 879 esse
857 839 1000 879 volui:
1028 839 1175 879 -sed
1206 840 1457 881 breviorem
1487 854 1557 880 me
1585 840 1697 881 duae

208 906 281 935 res
313 894 504 936 faciunt:
545 907 654 946 una,
695 895 815 948 quod
845 894 1034 948 publicis
1071 894 1213 936 literis
1245 895 1394 936 omnia
1422 908 1519 935 sum
1548 909 1695 949 perse-

209 950 356 990 cutus:
398 950 556 1001 altera,
597 950 715 1004 quod
751 950 814 990 Μ.
857 950 1164 1003 Varisidium,
1203 953 1392 1005 equitem
1428 950 1694 1005 Romanum,

209 1004 478 1047 familiarem
513 1019 684 1058 meum,
724 1006 866 1060 ipsum
907 1006 964 1046 ad
1007 1010 1052 1047 te
1088 1008 1282 1048 transire
1331 1008 1464 1060 iussi,
1513 1021 1568 1049 ex
1606 1022 1694 1062 quo

210 1062 360 1103 omnia
389 1075 658 1114 cognoscere
686 1074 852 1114 posses.
909 1061 1033 1114 Non,
1073 1063 1248 1103 medius
1275 1062 1432 1115 fidius,
1472 1064 1692 1104 mediocri

209 1117 367 1158 dolore
396 1117 649 1168 afficiebar,
678 1130 811 1170 quum
841 1117 923 1157 alii
951 1131 1170 1171 occupare
1199 1120 1522 1172 possessionem
1550 1119 1695 1159 laudis

208 1172 488 1214 viderentur:
525 1171 603 1214 sed
645 1185 783 1227 usque
813 1172 926 1213 mihi
956 1175 1230 1228 temperavi,
1274 1174 1379 1215 dum
1407 1174 1694 1228 perducerem

206 1242 261 1271 eo
299 1242 420 1281 rem,
460 1231 509 1269 ut
547 1228 729 1281 dignum
770 1229 944 1284 aliquid
982 1234 1027 1271 et
1066 1231 1297 1271 consulatu
1332 1244 1430 1272 meo
1467 1234 1510 1271 et
1544 1224 1694 1272 restra

207 1285 537 1339 exspectatione
567 1285 805 1326 efficerem.
865 1285 998 1336 Quod
1039 1299 1191 1340 spero,
1230 1287 1270 1326 si
1299 1299 1369 1327 me
1399 1287 1578 1327 fortuna
1606 1300 1692 1327 non

207 1341 450 1393 fefellerit,
494 1353 566 1382 me
604 1344 962 1382 consecuturum.-
1011 1345 1080 1394 ut,
1133 1343 1328 1383 maximo
1366 1342 1590 1396 praesidio
1629 1343 1693 1383 rei

208 1397 413 1452 publicae
452 1409 533 1437 nos
579 1396 718 1438 fuisse
755 1401 800 1438 et
829 1411 945 1438 nunc
973 1398 1166 1439 sentiant
1205 1397 1405 1439 homines
1446 1402 1490 1439 et
1518 1399 1565 1439 in
1595 1412 1692 1452 pos-

207 1457 351 1494 terum
398 1453 614 1493 memoria
652 1455 841 1494 teneant.
907 1454 946 1494 A
995 1457 1038 1494 te
1074 1458 1198 1507 peto,
1240 1458 1290 1494 ut
1325 1454 1532 1508 dignitati
1569 1467 1693 1495 meae

208 1509 470 1563 suffrageris
500 1512 565 1561 et,
604 1522 790 1563 quarum
829 1522 976 1549 rerum
1012 1523 1089 1563 spe
1118 1509 1172 1549 ad
1203 1510 1379 1550 laudem
1409 1523 1478 1550 me
1506 1511 1693 1560 vocasti,

208 1565 364 1606 harum
394 1564 546 1605 fructu
573 1564 620 1605 in
650 1565 870 1620 reliquum
899 1564 1040 1606 facias
1069 1566 1349 1607 alacriorem.
1406 1565 1509 1606 Non
1548 1565 1692 1607 minus

206 1634 335 1675 posse
363 1624 430 1674 te,
459 1633 591 1674 quam
620 1621 755 1674 velle,
793 1621 1074 1676 exploratum
1109 1620 1221 1662 mihi
1259 1625 1338 1664 est.
1397 1623 1490 1664 Fac
1527 1622 1690 1672 valeas,

205 1691 360 1733 meque
388 1682 538 1718 mutuo
572 1676 748 1732 diligas.

299 1798 332 1832 1.
357 1795 500 1841 excepi,
528 1796 626 1831 iiber
650 1795 758 1831 mich
783 1792 1010 1842 genoinmen
1037 1796 1143 1831 habe.
1161 1817 1202 1824 —
1225 1807 1307 1831 mea
1331 1795 1473 1840 affirm.
1503 1800 1528 1830 t.
1557 1797 1691 1840 recepi,

204 1844 281 1880 und
311 1846 386 1879 mit
414 1846 579 1880 meinem
611 1846 860 1880 Ehreuworte
886 1845 957 1878 Dir
992 1853 1171 1891 zugesagt
1196 1844 1308 1878 habe.
1345 1864 1388 1869 —
1422 1845 1580 1888 probari
1601 1845 1627 1877 i.
1653 1856 1688 1877 e.

205 1893 354 1934 studui,
388 1900 429 1928 ut
454 1895 637 1940 probares
663 1906 747 1929 mea
773 1894 932 1929 consilia
958 1900 997 1927 et
1020 1895 1203 1934 rationes,
1230 1905 1321 1939 quas
1339 1894 1378 1926 in
1395 1893 1689 1926 administranda

204 1943 403 1987 provincia
426 1951 466 1977 et
489 1944 530 1977 in
556 1950 642 1978 toto
668 1944 764 1977 vitae
790 1955 900 1977 cursu
920 1954 1068 1988 sequor.
1095 1963 1139 1968 —
1165 1943 1204 1976 in
1229 1943 1355 1986 culpa,
1383 1942 1414 1975 si
1440 1941 1529 1986 quid
1554 1952 1687 1986 pecca-

203 1991 338 2025 vissem
363 1998 426 2024 aut
451 2004 627 2037 peccasse
652 1992 902 2026 insimularer.
929 2010 974 2016 ——
992 1992 1166 2034 faciunt,
1194 1991 1428 2036 permittunt.
1455 2008 1499 2014 —
1531 1989 1689 2033 publicis

203 2039 341 2081 literis,
367 2039 405 2072 in
423 2041 588 2074 meinem
610 2041 913 2084 Amtsberichte3
940 2041 1116 2086 publicae
1141 2039 1271 2073 literae
1291 2045 1393 2077 sunt,
1421 2049 1514 2083 quae
1537 2037 1687 2082 publice

203 2088 405 2121 mittuntur
440 2087 480 2123 h.
519 2100 551 2123 e.
587 2089 732 2124 senatui
766 2097 805 2122 et
836 2090 974 2135 populo
1016 2086 1292 2122 inscribuntur.
1347 2087 1546 2131 Significat
1574 2086 1684 2131 epist.

201 2137 284 2172 801.
311 2154 357 2160 —-
385 2136 632 2179 Varisidium,
660 2138 846 2183 equitem,
874 2138 920 2170 de
946 2148 1020 2182 quo
1047 2137 1199 2170 aliunde
1223 2147 1297 2169 non
1325 2141 1480 2168 constat.

298 2185 334 2220 2.
370 2195 552 2227 occupare
582 2196 677 2229 poss.
712 2186 850 2225 laudis,
895 2186 963 2218 den
996 2185 1120 2219 Ruhm
1157 2183 1428 2229 patriotisclier
1463 2182 1687 2230 Gesinnung

201 2232 339 2267 Einem
364 2244 432 2265 vor
456 2233 542 2266 dem
568 2234 708 2267 Munde
736 2234 986 2279 wegnehmen.
1035 2233 1089 2267 Er
1115 2233 1242 2265 deutet
1263 2233 1330 2265 auf
1344 2231 1521 2264 Decimus
1539 2231 1685 2273 Brutus,

1764 2285 1767 2298 ἔ

203 2281 270 2314 der
296 2281 367 2314 mit
393 2282 555 2325 weniger
590 2282 773 2316 Vorsicht
798 2284 888 2315 aber
922 2282 1026 2315 desto
1061 2283 1271 2325 grosserem
1302 2280 1450 2314 Ruhme
1484 2279 1564 2312 sich
1601 2279 1687 2312 dem

201 2329 385 2363 Antonius
410 2329 586 2374 pl'cstzlich
614 2337 797 2375 entgegen
823 2330 956 2366 stellte,
993 2348 1037 2354 —
1069 2329 1159 2363 milei
1187 2333 1317 2373 temp,
1351 2327 1417 2361 ich
1443 2327 1557 2360 suche
1582 2327 1685 2360 mich

203 2390 249 2412 zu
273 2377 552 2420 beherrschen,
578 2379 749 2413 verhalte
775 2380 877 2412 mich
905 2378 1018 2411 stille.
1044 2396 1092 2402 —
1118 2388 1225 2420 usque
1250 2403 1259 2412 .
1288 2404 1295 2411 .
1325 2401 1336 2414 .
1362 2377 1462 2417 (lum,
1490 2375 1548 2409 bis
1575 2376 1686 2408 dahin

203 2452 212 2460 .
240 2449 251 2459 .
279 2451 288 2460 .
316 2425 411 2459 dass.
451 2445 492 2450 —
528 2428 715 2460 consulatu
747 2439 843 2469 meo,
878 2427 940 2472 qui
974 2426 1108 2469 instat,
1143 2437 1253 2469 quem
1288 2431 1457 2470 gesturus
1490 2430 1570 2457 erat
1602 2429 1687 2469 post

202 2475 371 2508 Hirtium
397 2480 435 2507 et
459 2475 616 2508 Pansam
641 2475 746 2508 huius
773 2475 861 2508 anni
896 2475 1079 2510 consules.
1113 2474 1220 2507 SGH.
1249 2493 1289 2498 —
1317 2472 1530 2515 fefellerit,
1563 2472 1595 2504 si
1621 2484 1684 2506 co-

203 2530 337 2557 natum
372 2534 564 2556 successus
598 2535 672 2556 non
705 2523 932 2559 destituerit.
971 2542 1015 2547 —
1057 2523 1232 2565 suffrag,
1277 2521 1402 2554 durch
1438 2521 1560 2554 Deine
1589 2521 1682 2554 Fiir-

202 2571 363 2616 sprache
388 2573 667 2605 unterstiitzest.
695 2592 738 2598 —
766 2582 914 2614 quarum
941 2583 1084 2612 rerum,
1112 2570 1193 2603 dass
1220 2570 1389 2603 niimlich
1406 2569 1464 2602 die
1484 2568 1683 2613 Republik,

202 2620 262 2653 die
289 2631 326 2653 es
350 2631 422 2653 von
448 2618 720 2665 Rechtswegen
746 2620 883 2664 kenne,
918 2622 1013 2654 eben
1051 2631 1090 2652 so
1117 2618 1374 2666 grossmiithig
1399 2617 1472 2650 und
1498 2617 1683 2661 freigebig

202 2679 320 2712 gegen
351 2667 453 2701 seiue
485 2667 662 2702 Soldaten
695 2668 852 2712 handle,
891 2670 944 2704 als
977 2667 1155 2704 Antonius
1193 2667 1262 2702 mit
1294 2667 1403 2701 Ranb
1438 2666 1511 2700 und
1539 2666 1684 2700 Gewan

204 2717 283 2750 sein
310 2718 408 2751 Heer
433 2716 606 2751 belohnc.
