1795 3086
211 47 298 110 192
475 64 536 108 m.
566 53 620 109 T.
652 63 992 109 clcssnoNis
1022 65 1397 110 EPISTOLAE.

142 170 436 227 5‘acciderit,
477 175 624 216 omnia
662 176 789 217 nobis
839 180 967 218 erunt
1010 177 1209 220 meliora.
1277 177 1481 220 Maxime
1529 181 1674 222 autem

203 247 273 273 me
301 234 421 286 angit
449 231 563 270 ratio
594 231 868 286 reliquorum
898 247 1114 274 meorum:
1158 247 1270 290 quae
1300 248 1563 298 quamquam
1593 249 1674 276 ex-

206 288 374 342 plicata
402 290 522 333 sunt3
553 288 712 338 tamen,
742 288 859 342 quod
890 293 934 329 et
963 289 1228 330 Dolabellae
1257 304 1414 330 nomen
1443 303 1489 331 in
1518 290 1575 331 iis
1606 294 1673 331 est

203 343 232 395 †
262 348 301 384 et
330 341 620 382 attributione
649 342 761 383 mihi
790 345 967 384 nomina
996 345 1164 398 ignota,
1193 347 1458 387 conturbor:
1497 360 1576 387 nec
1605 359 1673 385 me

203 399 293 438 ulla
323 409 393 436 res
422 395 563 451 magis
601 398 722 452 angit
761 412 818 439 ex
859 399 1073 441 omnibus.
1131 401 1286 455 Itaque
1324 415 1410 442 non
1448 401 1561 441 mihi
1606 401 1673 442 vi-

202 453 312 492 deor
348 465 535 504 errasse,
581 453 698 507 quod
738 455 793 494 ad
832 454 1015 496 Balbum
1063 456 1226 510 scripsi
1270 457 1480 511 apertius,
1529 459 1591 501 ui,
1634 457 1674 496 si

201 507 310 561 quid
339 508 430 550 tale
471 507 723 556 accidisset,
769 512 818 549 ut
855 523 941 550 non
983 518 1300 553 concurrerent
1339 513 1529 562 nomina,
1573 512 1674 551 sub-

199 564 396 612 veniret,
427 577 580 618 meque
607 566 690 605 tibi
720 565 854 605 etiam
883 566 1128 620 mandasse,
1158 571 1220 619 ut,
1250 569 1290 608 si
1321 568 1430 622 quid
1455 566 1675 607 eiusmodi

202 618 456 665 accidisset,
506 632 604 659 cum
645 633 697 660 eo
735 622 1107 662 communicares:
1155 622 1272 676 quod
1313 622 1471 673 facies,
1515 622 1553 663 si
1591 621 1675 661 tibi

138 666 166 707 6
202 674 440 720 videbitur,
467 687 606 729 eoque
636 675 789 727 magis,
819 675 859 715 si
889 676 1193 730 proficisceris
1222 678 1268 718 in
1297 678 1496 732 Epirum.
1551 677 1677 717 Haec

202 742 284 784 ego
315 730 613 770 conscendens
654 745 677 771 e
707 731 980 785 Pompeiano
1021 733 1164 772 tribus
1203 733 1461 774 actua1·iolis
1502 732 1676 773 decem-

200 784 388 826 scalmis.
445 784 613 827 Brutus
642 791 738 827 erat
767 787 813 826 in
842 786 1009 827 Neside
1038 788 1170 828 etiam
1200 801 1328 834 nunc,
1356 788 1544 842 Neapoli
1568 788 1676 828 Cas-

201 841 307 881 sius.
383 840 561 894 Ecquid
602 854 722 883 amas
762 842 1043 894 Deiotarum,
1094 847 1139 883 et
1178 857 1265 885 non
1304 856 1423 884 amas
1465 840 1677 883 Hieram?

200 957 377 992 Athenas.
410 956 447 990 S.
476 968 534 1003 ep.
562 958 642 998 751,
668 959 700 992 6.
728 977 771 984 -
799 968 890 991 onan.
917 983 928 994 .
954 982 964 992 .
990 957 1161 1001 meliora,
1188 959 1290 993 wird
1313 959 1391 993 mir
1409 956 1510 994 Alles
1535 959 1573 993 in
1598 958 1678 991 bes-

203 1017 326 1040 serem
351 1004 489 1039 Lichte
513 1004 749 1039 erscheinen.

296 1054 329 1087 5.
380 1053 477 1087 ratio
504 1053 607 1096 reliq.
634 1063 694 1094 m,
729 1053 789 1086 die
811 1051 1072 1100 Abrechnung·
1097 1055 1243 1088 meiner
1266 1054 1517 1089 Riickst‘ande.
1569 1053 1604 1087 S.
1632 1064 1678 1086 zu

201 1112 260 1146 ep.
282 1102 364 1143 751,
392 1102 422 1134 1.
452 1118 493 1125 —-
522 1100 711 1142 explicata,
735 1100 908 1147 gedeekt.
941 1099 977 1133 S.
1003 1100 1079 1134 das.
1104 1102 1132 1144 §.
1159 1105 1193 1136 2.
1223 1120 1265 1128 —-
1292 1103 1510 1136 Dolabellae
1535 1110 1678 1139 nomen,

200 1148 358 1194 pecunia
384 1146 482 1180 mihi
507 1159 527 1181 a
551 1147 742 1181 Dolabella
769 1159 814 1181 ex
827 1147 976 1181 Tulliae
1002 1148 1088 1182 dote
1113 1149 1254 1192 debita;
1279 1149 1382 1182 cuius
1410 1148 1483 1181 hoc
1506 1154 1678 1192 tempore

202 1195 371 1229 difficilis
397 1202 478 1230 erat
505 1194 657 1229 exactio.
683 1195 850 1230 8οη-
875 1195 899 1237 †
925 1200 958 1229 el
982 1196 1147 1230 antrib...
1172 1196 1313 1238 ignota.
1363 1197 1464 1230 Haec
1488 1201 1677 1240 corrupta.

202 1248 236 1277 et
261 1243 298 1277 in
323 1243 559 1277 attributione
584 1254 628 1277 m.
654 1254 688 1279 η.
716 1244 742 1277 i.
770 1243 813 1284 (i.
840 1255 870 1278 e.
897 1244 937 1276 in
964 1244 1023 1287 iis,
1050 1256 1067 1277 a
1096 1244 1227 1288 quibus
1253 1245 1451 1290 pecuniam
1477 1255 1546 1290 per
1569 1242 1680 1277 attri-

202 1291 395 1326 butionem
421 1291 592 1336 accipere
619 1290 747 1331 debeo,
773 1297 859 1325 sunt
885 1291 982 1325 mihi
1005 1292 1127 1339 ignoti
1154 1291 1355 1335 homines.)
1393 1292 1485 1325 Ern.
1520 1303 1619 1335 susp.
1647 1294 1680 1323 ee

203 1339 397 1373 attributio
426 1343 478 1373 est
504 1338 595 1372 mihi
620 1349 654 1371 n.
680 1339 704 1373 i.
731 1339 775 1372 de
801 1341 937 1373 manut.
971 1351 1068 1384 susp.
1104 1340 1230 1373 Lamb.
1269 1340 1419 1374 Malim:
1458 1344 1492 1372 et
1523 1339 1678 1372 attribu-

204 1386 315 1421 tionis
351 1397 396 1420 m.
432 1397 467 1420 η.
507 1387 533 1419 i.
569 1386 764 1420 ORELLI.
809 1386 912 1430 „und
944 1388 1046 1421 seine
1085 1387 1243 1434 eigenen
1276 1387 1504 1427 Schuldner‚
1546 1386 1605 1419 die
1639 1396 1679 1418 er

205 1447 253 1469 zu
279 1435 426 1469 meiner
460 1433 681 1481 Bezahlung·
713 1434 953 1480 angewiesen
986 1433 1064 1475 hat,
1098 1436 1175 1468 mir
1208 1435 1446 1469 unbekannte
1478 1433 1679 1468 Menschen

205 1481 328 1516 sind.“
356 1489 392 1517 et
417 1482 593 1525 nesciam,
624 1494 670 1515 an
695 1481 723 1515 ii
750 1482 949 1523 debitores,
992 1493 1062 1528 per
1098 1493 1190 1525 quos
1221 1483 1318 1516 mihi
1343 1482 1535 1517 Dolabella
1570 1481 1680 1515 attri-

205 1530 359 1564 butione
386 1530 594 1564 soluturum
621 1540 660 1563 se
686 1530 863 1572 ostendit,
903 1530 997 1564 bona
1028 1531 1177 1564 nomina
1203 1530 1290 1572 sint,
1328 1530 1473 1564 erkl'art
1498 1528 1585 1563 Sch.
1620 1529 1682 1562 die

205 1578 376 1625 Vulgata.
406 1595 446 1604 —
474 1581 514 1610 ut
538 1588 607 1610 non
633 1588 799 1615 concurr,
826 1578 970 1611 nomina
996 1577 1021 1611 i.
1047 1588 1080 1612 e.
1109 1584 1163 1620 ut,
1199 1589 1271 1623 quo
1306 1584 1477 1623 tempore
1510 1587 1580 1611 etr-0
1606 1576 1679 1610 sol-

205 1638 298 1660 vere
324 1626 478 1659 debeam
504 1625 754 1660 creditoribus
781 1626 888 1668 meis,
921 1636 994 1659 non
1026 1625 1275 1671 respondeant
1306 1626 1348 1667 ii,
1388 1625 1453 1670 qui
1488 1626 1540 1658 mi
1573 1625 1586 1657 i
1617 1624 1682 1657 de-

206 1675 308 1708 bent.
343 1674 449 1708 SCH.
495 1673 604 1716 „dass
642 1673 727 1707 sich
764 1673 847 1708 iene
880 1673 1100 1708 Schuldner
1133 1673 1242 1708 nicht
1275 1676 1342 1707 auf
1369 1673 1494 1707 meine
1521 1674 1680 1720 eigenen

207 1722 571 1770 Zahlungstermine
599 1720 820 1764 einhielten,
848 1721 1077 1756 einstellten.
1105 1741 1149 1746 —
1175 1722 1379 1756 subveniret
1403 1721 1437 1754 d.
1466 1721 1489 1754 i.
1517 1721 1600 1755 sich
1626 1720 1680 1753 als

208 1769 464 1804 Selbstz'ahler
490 1769 666 1803 erkl‘a'ren
693 1769 855 1803 mochte.
904 1771 947 1803 L.
964 1769 1161 1803 Cornelius
1175 1770 1310 1804 Balbus
1335 1772 1378 1811 (s.
1396 1775 1465 1813 ep.
1491 1770 1571 1804 339.
1599 1768 1681 1803 348.

206 1818 305 1858 354.)
331 1829 413 1852 war
438 1818 491 1851 als
517 1817 669 1851 Freund
692 1817 757 1852 des
783 1817 979 1852 Dolabella
1008 1820 1123 1860 (637.)
1156 1818 1218 1853 ein
1242 1816 1470 1852 Vermittler
1495 1817 1536 1850 in
1561 1815 1682 1849 dieser

208 1865 329 1899 Sache
354 1876 539 1913 gewesen.
564 1876 621 1910 ep.
647 1866 728 1907 521,
755 1866 790 1901 5.

304 1915 335 1948 6.
386 1914 485 1946 Haec
510 1913 654 1958 scripsi.
706 1914 806 1947 Hinc
839 1925 953 1948 novae
989 1912 1168 1958 epistolae
1202 1912 1353 1952 initium
1385 1911 1478 1945 facit
1510 1910 1680 1945 Graeter.

208 1978 252 1985 --
280 1962 478 2003 conscend„
518 1961 644 1995 indern
679 1960 746 1995 ich
782 1962 835 1994 im
867 1961 1014 2008 Begriff
1051 1961 1111 1994 bin
1145 1971 1231 1994 vom
1263 1960 1484 2005 Pompeiano
1516 1970 1577 1992 aus
1612 1958 1683 1992 mit

208 2007 291 2041 drei
317 2009 577 2055 Brigantinen‚
604 2008 686 2044 iede
711 2009 782 2043 mit
809 2011 851 2044 10
863 2009 1027 2051 Rudern,
1055 2009 1094 2041 in
1117 2008 1185 2043 See
1211 2020 1258 2043 zu
1282 2008 1448 2042 stechen.
1476 2025 1518 2031 —
1544 2007 1682 2039 decem-

208 2056 354 2089 scalmis
375 2062 430 2090 est
464 2058 660 2091 manifesto
700 2057 876 2091 ἐπίθετον
914 2057 1203 2092 actuariolarum
1237 2056 1331 2096 (sict
1374 2061 1427 2089 est
1461 2054 1559 2087 enim
1593 2065 1680 2100 gen.

208 2105 328 2147 sem.).
365 2103 558 2138 ORELLI.
609 2105 728 2139 decem
753 2105 885 2139 scalmi
909 2105 981 2138 Md.
1008 2105 1089 2138 Asc.
1117 2107 1147 2138 l.
1175 2104 1275 2138 Crat.
1303 2102 1535 2144 ιιείιιανίοῖίε,
1561 2102 1682 2134 decem

207 2150 356 2185 scalmis
381 2151 501 2186 divise
526 2152 653 2186 Lamb.
678 2155 759 2187 Bos.
785 2153 900 2197 Seqq.
936 2154 1052 2186 decem
1075 2152 1292 2185 scalmorum
1323 2150 1500 2195 Stephan.
1526 2150 1566 2182 in
1593 2148 1682 2182 The-

208 2210 318 2234 sauro
346 2198 422 2233 Cic.
449 2200 500 2233 Ut
527 2200 655 2242 OrelL,
690 2201 786 2234 Vict.
824 2202 918 2233 Man.
971 2217 1012 2223 -—
1063 2200 1101 2233 in
1124 2199 1267 2233 Neside.
1316 2198 1352 2231 S.
1379 2210 1434 2243 ep.
1463 2198 1543 2235 748,
1573 2200 1603 2231 1.
1639 2215 1682 2221 -

212 2247 376 2282 Cassius.
412 2246 448 2280 S.
475 2258 532 2292 ep.
560 2249 641 2289 751,
668 2249 700 2282 4.
753 2247 883 2282 Cicero
911 2247 1080 2294 dagegen
1106 2247 1247 2294 segelte
1272 2245 1458 2280 wirklich
1474 2256 1560 2279 vom
1572 2246 1681 2277 Pom-

209 2296 346 2342 peiano
371 2306 435 2328 aus
462 2294 567 2342 lang-s
593 2295 660 2328 der
683 2295 909 2331 westlichen
934 2295 1048 2328 Kiiste
1073 2294 1189 2328 herab
1225 2295 1290 2326 auf
1311 2293 1501 2340 Rhegium
1534 2305 1580 2325 zu
1606 2292 1683 2325 und

210 2343 327 2377 nahm
352 2341 450 2376 dann
476 2344 555 2376 sein
581 2350 694 2377 erstes
720 2343 1068 2387 Absteigequartier
1099 2343 1140 2375 in
1177 2341 1282 2375 Velia
1308 2341 1399 2374 oder
1424 2340 1536 2374 Helia
1575 2340 1683 2383 (ietzt

212 2390 373 2425 Castello
397 2402 417 2424 a
442 2392 543 2423 Mare
568 2391 680 2424 Della
705 2392 864 2433 Rrucca)
897 2402 955 2424 am
991 2389 1217 2424 Sicilischen
1233 2388 1475 2435 'llleerbusem
1511 2400 1572 2422 wo
1608 2388 1682 2422 wir

211 2439 281 2472 ihn
307 2438 347 2471 in
373 2438 440 2472 der
464 2438 580 2485 Folge
605 2439 749 2473 wieder
780 2438 908 2472 finden
940 2438 1106 2473 werden.
1152 2436 1361 2470 GRATER.
1415 2454 1456 2461 —·
1506 2435 1684 2469 Hieram?

210 2486 367 2520 Hieram
394 2492 431 2520 et
455 2485 680 2521 Blesamium
707 2486 848 2533 legatos
874 2486 1045 2521 Deiotari
1069 2483 1235 2518 nominat
1267 2484 1306 2517 in
1342 2483 1512 2518 oratione
1544 2494 1614 2528 pro
1639 2492 1682 2515 eo

211 2534 339 2568 habita
365 2546 396 2569 c.
422 2535 478 2569 15.
527 2534 579 2568 Et
603 2533 700 2567 illud
727 2544 826 2567 amas
854 2542 909 2568 est
933 2533 1075 2567 dictum
1102 2528 1299 2578 εἰρωνικῶς.
1335 2531 1424 2571 Cur,
1453 2532 1588 2575 inquit,
1614 2530 1683 2563 Hi-

212 2593 317 2616 eram
341 2593 456 2626 aeque
483 2587 594 2625 atque
618 2581 836 2616 Deiotarum
862 2582 945 2616 odio
971 2581 1126 2628 dignum
1151 2591 1224 2614 non
1250 2586 1368 2625 putas,
1396 2579 1473 2625 qui,
1508 2589 1620 2624 quum
1647 2577 1684 2611 ei

212 2630 488 2676 praescriptum
515 2635 609 2665 esset
631 2641 651 2663 a
678 2630 864 2672 Deiotaro,
900 2640 946 2664 ne
982 2628 1071 2674 quid
1104 2628 1183 2662 sine
1218 2628 1321 2662 Sexti
1355 2628 1474 2662 nostri
1499 2625 1682 2660 sententia

213 2684 357 2724 ageret,
381 2689 504 2723 neque
528 2677 574 2711 ad
600 2677 710 2711 illum
735 2689 855 2722 neque
890 2679 936 2712 ad
970 2688 1190 2722 quemquam
1217 2683 1387 2711 nostrum
1420 2675 1562 2709 retulit.
1611 2673 1683 2706 Mi-

214 2731 312 2761 serat
336 2732 460 2762 autem
493 2737 577 2760 eum
602 2725 813 2769 Deiotarus,
848 2733 890 2761 ut
922 2726 1137 2760 Armeniam
1172 2724 1242 2760 sibi
1272 2736 1290 2757 a
1324 2725 1478 2759 Caesare
1516 2728 1683 2768 ereptam
