1795 3086
7 2759 8 2786 ³
39 2758 60 2795 t.

386 94 698 137 EPISTOLA
729 94 1006 137 DCCXLV.
1035 94 1334 138 DCCXLVl.
1513 92 1598 139 169

130 214 219 249 teat
251 209 293 247 in
325 207 546 248 thesauris
576 206 679 247 tuis.
738 206 808 246 De
837 206 1022 260 Planco,
1063 208 1260 250 memini.
1317 203 1472 247 Attica
1501 205 1598 247 iure

130 263 341 317 queritur.
402 263 533 312 Quod
575 276 643 302 me
682 261 735 302 de
775 261 1018 307 Bacchide,
1063 265 1118 304 de
1147 267 1386 305 statuarum
1417 262 1598 302 coronis

130 320 364 359 certiorem
398 319 560 367 fecisti,
598 318 731 358 valde
762 321 957 371 gratum:
1008 332 1089 359 nec
1127 320 1365 373 quidquam
1408 318 1598 373 posthac

132 389 216 414 non
249 376 377 414 modo
410 378 592 419 tantum,
640 373 719 413 sed
760 386 813 412 ne
842 373 1057 413 tantulum
1087 376 1264 428 quidem
1295 373 1595 429 praeterieris.

136 431 189 470 Et
221 430 276 469 de
304 430 483 469 Herode
515 434 559 468 ct
591 428 756 468 Mettio
798 430 1041 469 meminero
1073 434 1117 469 ct
1147 430 1201 469 de
1232 431 1449 483 omnibus,
1487 445 1597 484 quae

135 493 175 525 tc
207 486 322 526 xclle
351 485 609 538 suspicabor
638 484 783 525 modo.
843 483 885 525 Ο
918 490 1088 538 turpem
1123 487 1290 525 sororis
1319 491 1417 527 tuae
1440 486 1600 535 filium,

133 555 262 593 quum
295 540 404 580 hacc
433 539 690 580 scriberem!
758 540 1041 581 Adventabat
1092 543 1235 580 autem
1285 541 1463 591 βουλὺσει
1502 555 1599 583 coc-

134 597 334 637 nantibus
365 597 504 636 nobis.

290 751 603 793 EPISTOLA
635 752 932 795 DCCXLVI.
993 755 1068 805 (ad
1100 755 1189 795 Att.
1221 753 1329 795 XV.
1361 756 1446 803 29.)

135 828 214 859 scr.
245 830 283 859 m
310 827 510 861 Formiano
537 840 567 860 a.
594 828 629 861 d.
656 828 725 860 111.
751 829 848 862 Non.
877 828 1001 871 Quint.
1033 830 1077 864 A.
1105 829 1148 863 U.
1178 828 1219 862 c.
1255 831 1334 864 710.
1386 832 1433 873 (a.
1462 830 1502 865 c.
1530 833 1604 874 ι«ι-ι.)

138 895 310 929 Breviter
338 895 381 929 de
404 895 520 929 variis
548 896 654 928 rebus
681 895 916 938 domestici53
950 903 987 931 et
1020 897 1066 931 de
1098 897 1220 931 subito
1248 897 1376 931 Planci
1414 894 1606 934 Buthrotii

727 944 863 979 reditu.
893 948 912 980 l
928 964 968 969 -
983 947 1015 980 3.

630 1010 808 1045 CICERO
850 1011 1027 1046 ATTICO
1064 1012 1102 1046 S.

246 1079 372 1120 Bruti
402 1078 458 1119 ad
497 1082 540 1119 te
579 1078 811 1132 epistolam
846 1078 963 1120 misi.
1024 1078 1104 1118 Dii
1145 1080 1273 1121 boni!
1315 1084 1480 1135 quanta
1511 1081 1607 1133 οἷμη-

135 1137 271 1180 mavia!
330 1135 600 1188 Cognosces,
642 1147 773 1187 quum
804 1133 982 1187 legeris.
1047 1134 1118 1174 De
1149 1135 1449 1177 celebratione
1479 1137 1605 1179 ludo-

138 1204 232 1230 rum
262 1190 407 1238 Bruti,
439 1189 523 1230 tibi
555 1188 780 1230 assentior.
839 1189 909 1229 Ad
940 1189 1002 1230 M.
1031 1190 1205 1229 Aelium
1246 1192 1393 1232 nullus
1432 1196 1478 1233 tu
1508 1194 1606 1247 qui-

136 1245 236 1286 dem
266 1246 458 1296 domum,
496 1245 572 1285 sed
602 1246 745 1286 sicubi
775 1243 1005 1286 inciderit.
1064 1245 1135 1286 De
1163 1246 1380 1287 Tulliano
1410 1249 1606 1301 semisse,

231 1390 262 1423 3.
301 1388 357 1420 De
382 1388 533 1429 Planco,
560 1387 727 1420 memini.
779 1387 936 1420 Plancus
963 1389 1126 1435 vergess'
1160 1387 1225 1421 ich
1252 1387 1372 1422 nicht.
1413 1389 1518 1423 Dicss
1544 1391 1607 1425 be-

138 1438 216 1469 iraf
239 1437 298 1470 die
325 1435 593 1470 Buthrotische
622 1435 938 1483 Angelegenheit.
974 1434 1010 1468 S.
1039 1447 1096 1480 ep.
1124 1437 1205 1476 740,
1233 1439 1277 1471 ll
1302 1449 1361 1470 am
1383 1437 1501 1472 Ende.
1529 1441 1606 1474 739.

140 1504 181 1508 —
208 1485 339 1518 Attica
365 1484 445 1517 iure
470 1484 645 1527 queritur,
672 1483 751 1517 wol
776 1483 867 1516 iiber
888 1483 1174 1530 ausgebliebene
1196 1484 1476 1530 Riickzahlung
1500 1485 1610 1521 ihrer

140 1531 283 1575 Mitgift
308 1531 473 1565 abseiten
499 1531 560 1564 des
586 1542 662 1564 von
688 1530 752 1563 ihr
777 1530 1054 1576 geschiedenen
1080 1532 1249 1574 Quintus.
1287 1533 1371 1580 Vgl.
1400 1534 1517 1582 vorig.
1545 1536 1606 1571 ΒΡ,

142 1598 182 1603 --
219 1580 260 1612 de
287 1579 469 1613 Bacchide
494 1578 619 1611 mima.
671 1597 714 1602 —
766 1579 808 1611 de
833 1582 1039 1612 statuarum
1073 1580 1219 1613 coronis
1251 1579 1275 1612 i.
1302 1592 1332 1614 e.
1360 1593 1452 1625 quae
1477 1583 1608 1616 statuis

142 1627 360 1671 quibusdam
388 1627 584 1671 impositae
611 1632 708 1666 sunt,
741 1626 786 1659 ad
811 1626 978 1659 animum
1004 1633 1042 1660 et
1066 1639 1215 1661 sensum
1242 1628 1282 1661 in
1308 1640 1349 1662 re
1374 1629 1524 1673 publica
1551 1631 1609 1663 iu-

142 1674 350 1708 dicandum.
377 1675 491 1708 ERN.
542 1673 883 1708 WVahrscheinlich
909 1674 968 1707 bei
996 1674 1069 1708 den
1096 1674 1267 1720 Spielen,
1295 1676 1354 1709 die
1372 1678 1505 1712 Brutus
1524 1679 1609 1724 gab,

142 1735 202 1756 wo
237 1734 278 1756 er
311 1722 370 1755 die
408 1722 560 1756 Statuen
601 1722 728 1755 seiner
751 1721 963 1755 Ahnherrn
989 1722 1060 1756 mit
1084 1724 1243 1756 Blumen
1270 1724 1486 1758 bekr'zinzen
1510 1726 1608 1759 liess.

145 1789 180 1795 ...
212 1781 282 1802 non
308 1770 410 1803 modo
435 1774 584 1808 tantum,
615 1770 680 1802 sed
704 1779 746 1802 ne
771 1770 945 1802 tantulum
971 1770 1110 1813 quidem
1133 1772 1385 1814 praeterieris,
1413 1773 1609 1820 „iibergeh

143 1820 180 1850 in
208 1818 379 1850 Zukunst
405 1817 513 1851 nicht
542 1829 615 1850 nur
640 1817 768 1850 solche
794 1817 1090 1865 Kleinigkeiten‚
1127 1818 1288 1851 sondern
1314 1819 1414 1853 noch
1438 1814 1611 1866 griis-Sere

1638 204 1662 243 (αὖ

144 1866 430 1913 Kleinigkeiten
457 1866 490 1897 ia
519 1865 622 1898 nicht
646 1865 718 1898 mit
739 1864 1094 1913 Stillschweigen.“
1119 1866 1177 1899 Er
1201 1867 1335 1900 wollte
1361 1867 1394 1900 ia
1415 1869 1476 1902 ein
1496 1865 1612 1911 εΗροε--
1668 1866 1672 1867 ’

141 1911 314 1948 κλειδεῖον
346 1913 556 1947 schreiben.
622 1917 758 1946 tantum
784 1938 791 1945 .
820 1938 828 1946 .
864 1915 1039 1946 tantulum
1074 1911 1263 1954 δεικτικῶς.
1310 1916 1384 1951 Md.
1424 1918 1612 1951 tantullum

144 1973 190 1990 Ξ
217 1962 240 1995 ἰ.
267 1973 295 1995 e.
324 1962 526 1995 tantillum.
557 1961 628 1993 OR.
662 1979 708 1984 —
748 1961 797 1993 Et
822 1961 864 1993 de
889 1962 1041 1995 Herode.
1069 1962 1309 1997 Mandaverat
1338 1963 1479 1998 Atticus
1506 1965 1612 1998 Cice-

144 2010 242 2051 roni,
277 2017 316 2043 ut
350 2016 387 2043 et
419 2020 503 2042 cum
538 2008 690 2042 Herode
725 2015 763 2042 et
795 2019 878 2042 cum
906 2010 1038 2043 Mettio
1064 2010 1222 2043 Athenis
1258 2011 1434 2054 quiddam
1469 2020 1611 2060 ageret.

142 2057 329 2091 Herodem
364 2057 462 2090 enim
499 2057 613 2090 fuisse
652 2056 807 2089 Athenis
843 2063 999 2103 apparet
1031 2069 1089 2102 ep.
1129 2060 1210 2099 698,
1235 2060 1268 2094 3-
1303 2056 1381 2094 7'26.
1426 2060 1533 2097 SGH.
1569 2082 1612 2086 —

143 2105 292 2148 snspic„
318 2104 381 2139 ich
408 2117 481 2138 nur
507 2104 630 2137 ahnen
656 2104 793 2138 werde.
820 2124 863 2130 -—
901 2106 930 2139 Ο
957 2108 1120 2149 turpem!
1145 2117 1165 2139 ο
1191 2106 1254 2140 des
1280 2105 1493 2142 h'a'sslichen
1518 2110 1613 2143 Nes-

145 2155 206 2186 sen
234 2153 407 2194 Quintus!
445 2154 524 2187 ruft
551 2152 683 2186 Cicero
716 2163 790 2184 nur
822 2152 874 2185 im
908 2152 1046 2187 halben
1079 2154 1218 2188 Ernste
1253 2167 1336 2196 aus,
1371 2155 1462 2190 weil
1491 2157 1615 2190 dieser

144 2200 268 2234 durch
295 2201 396 2234 seine
422 2199 633 2245 pliitzliche
663 2200 832 2234 Ankunst
864 2199 934 2233 ibn
967 2201 1020 2234 im
1046 2201 1355 2237 Briefschreiben
1392 2216 1439 2237 an
1465 2204 1616 2239 Attikus

147 2248 303 2282 st'ohrte.
354 2247 465 2282 Sonst
490 2260 572 2282 war
597 2259 639 2281 er
663 2247 744 2280 ihm
771 2248 955 2282 ziemlich
980 2255 1068 2296 ἕως
1103 2250 1201 2283 denn
1228 2262 1268 2284 er
1293 2251 1374 2284 lobt
1399 2251 1471 2285 ihn
1492 2253 1528 2286 ia
1555 2264 1614 2297 ep.

146 2297 213 2330 748
240 2295 423 2342 gewis-ser
451 2298 604 2329 Massen.
656 2295 801 2329 Schiitz
840 2296 944 2330 hatte
978 2298 1054 2331 also
1090 2297 1198 2332 nicht
1232 2298 1370 2346 nothig
1406 2300 1616 2333 obturbabat

148 2353 289 2376 mesor.
305 2342 429 2383 .filius
453 2343 627 2386 „kommt
652 2343 729 2376 mir
742 2343 839 2378 Dein
852 2343 1166 2379 Schwestersolm
1192 2346 1286 2380 iiber
1310 2346 1381 2380 den
1408 2347 1541 2386 Hals“,
1570 2360 1617 2380 zu

149 2390 377 2435 vex-hessern.
403 2410 447 2415 —
471 2388 711 2436 βουλύσει,
739 2403 809 2424 zur
834 2392 934 2435 Zeit,
959 2405 1020 2427 wo
1048 2405 1133 2426 man
1158 2394 1218 2427 die
1247 2393 1394 2429 Ochsen
1420 2401 1617 2440 ausspannt

147 2441 236 2477 (von
262 2434 370 2481 λύω);
395 2439 473 2473 also
499 2439 698 2472 Abends.
749 2438 785 2473 S.
814 2439 920 2474 Arut.
947 2441 1049 2476 Dios.
1075 2443 1155 2478 387.
1184 2442 1362 2477 Philostr.
1391 2443 1616 2478 Hero'ic.20.

249 2506 278 2538 l.
304 2504 391 2538 misi
414 2519 463 2536 z
489 2505 607 2539 mitto.
651 2526 692 2531 —
741 2502 880 2549 ἀμηχ.,
907 2507 1036 2552 inopia
1063 2509 1225 2552 consilii,
1251 2508 1543 2556 Rathlosigkeit.
1571 2528 1614 2535 —

151 2552 280 2584 celebr.
309 2551 397 2592 lud„
424 2563 573 2599 grosser
598 2554 741 2586 Zulauf
762 2554 820 2586 bei
846 2554 917 2588 den
943 2555 1110 2601 Spielen.
1161 2558 1232 2591 Das
1258 2557 1356 2590 Volk
1390 2556 1439 2590 ist
1463 2557 1616 2604 launig3

149 2611 236 2632 man
263 2599 364 2632 kann
389 2599 522 2633 darauf
544 2600 651 2634 nicht
676 2600 762 2634 viel
787 2602 916 2636 bauen.
945 2622 983 2628 -
1041 2605 1163 2637 nullus
1189 2618 1236 2634 z
1262 2614 1350 2646 non,
1377 2604 1543 2640 minime.
1572 2624 1616 2630 —-

151 2649 297 2680 domum,
322 2647 485 2687 accedas,
510 2649 575 2681 sed
597 2649 713 2682 sicubi
737 2649 906 2684 inciderit
922 2662 1022 2696 ..cum
1051 2663 1092 2685 eo
1120 2652 1294 2693 loquaris,
1329 2652 1532 2695 „semler-n,
1558 2665 1618 2687 wo

151 2697 207 2729 Du
235 2695 301 2727 ihu
328 2694 506 2735 antriffsb
534 2695 618 2730 rede
646 2697 715 2730 mit
742 2696 862 2733 ihm,“
912 2699 1013 2733 Uber
1039 2701 1085 2732 M.
1115 2699 1245 2732 Aelius
1272 2711 1299 2733 s.
1328 2712 1385 2746 ep.
1413 2701 1496 2741 743,
1514 2702 1546 2735 4.
1573 2719 1614 2724 -

154 2744 193 2775 sle
224 2743 393 2777 Tulliano
420 2742 566 2777 semisse
595 2743 606 2776 i
648 2756 677 2778 e.
704 2744 748 2778 de
776 2757 897 2789 usura,
939 2758 1049 2791 quam
1076 2746 1223 2781 Tullius
1260 2747 1339 2793 ipse
1366 2748 1529 2794 pendere
1557 2748 1617 2783 dc*
