1795 3086
430 117 739 162 EPISTOLA
770 116 973 159 DCCLI.
1005 114 1228 156 DCCLlI.
1490 110 1574 156 157

106 233 298 274 Salvius.
348 233 484 273 bonos
530 228 757 269 auditores
796 233 963 277 nactus,
1016 227 1059 267 in
1097 223 1301 266 convivio
1342 223 1574 263 ‹ltuntaxat

108 290 236 340 legat.
295 285 413 328 Mihi
461 285 591 328 valde
637 284 835 338 placent:
882 283 1059 322 malleni
1100 281 1196 322 tibi.
1254 278 1401 320 Etiam
1444 283 1575 332 atque

107 346 239 384 ctiam
269 345 381 384 vale.

165 511 476 554 EmSTOLA
515 509 751 553 DoeLn.
809 508 885 558 <ad
915 508 1005 548 Λα.
1051 505 1185 547 XVI.
1223 506 1284 547 16.
1319 517 1419 558 app.
1449 503 1524 551 Β.)

179 587 257 622 ser.
285 588 324 620 in
350 585 553 620 Puteolano
579 597 610 619 a.
636 585 670 618 d.
697 585 758 618 iv,
786 583 909 626 Quint.
947 583 990 617 A.
1019 582 1063 615 U.
1092 581 1132 614 c.
1172 582 1251 615 710.
1292 581 1338 622 (a.
1367 581 1405 613 c.
1433 580 1508 621 4⁴.)

254 658 407 692 Causam
433 655 719 689 Buthrotiorum
745 655 885 688 iterum
903 654 1038 687 Planco
1065 650 1313 686 commendat.
1340 646 1445 686 8ss9.

462 723 638 758 CICERO
666 722 855 756 PLANCO
882 719 1052 756 PRAET.
1079 718 1185 753 DES.
1212 717 1247 751 S.

220 791 271 833 Β.
310 792 405 832 Iam
448 794 580 831 antea
617 789 757 844 petivi
796 790 874 829 abs
915 791 958 827 te
996 800 1075 840 per
1114 785 1288 837 literas,
1343 788 1403 836 ut,
1453 798 1587 838 quum

113 861 243 888 causa
281 847 619 888 Buthrotiorum
658 846 843 898 probata
882 856 908 883 a
947 842 1203 883 consulibus
1245 848 1375 888 esset,
1428 840 1587 892 quibus

112 909 158 944 et
200 904 294 956 lege
339 908 382 942 et
426 906 603 943 senatus
654 900 858 940 consulto
903 897 1166 950 permissum
1213 901 1323 948 erat,
1376 896 1460 936 UT
1502 895 1587 935 DE

112 956 409 998 CAESARIS
466 955 651 998 ACTIS
710 953 1247 999 COGNOSCERENT,
1314 951 1586 993 STATUE-

114 1014 303 1064 RENT,
344 1011 761 1064 IUDICARENT,
811 1024 905 1051 eam
945 1023 1036 1050 rem
1078 1014 1126 1049 tu
1164 1009 1422 1049 adiuvat-es:
1473 1006 1591 1047 Atti-

113 1083 298 1123 cumque
327 1073 539 1120 nostrum,
570 1068 696 1107 euius
726 1072 769 1107 te
800 1065 1049 1107 studiosum
1082 1065 1285 1118 cognovi,
1326 1067 1371 1103 ct
1399 1077 1483 1110 me,
1514 1061 1591 1115 qui

114 1138 200 1165 non
239 1125 383 1164 minus
430 1125 601 1174 laboro,
650 1122 860 1163 molestia
897 1122 1128 1161 liberares.
1209 1119 1426 1160 Omnibus
1476 1119 1593 1158 enim

116 1181 243 1220 nebus
273 1193 428 1232 magna
460 1192 579 1224 cura,
633 1178 775 1218 multa
813 1190 945 1230 opera
989 1181 1034 1216 et
1079 1176 1233 1216 labore
1273 1173 1508 1224 confectis,
1547 1174 1591 1212 in

115 1240 158 1276 te
187 1234 382 1288 positum
411 1240 492 1287 est,
522 1239 572 1275 ut
600 1237 776 1274 nostrae
805 1230 1132 1273 sollicitudinis
1171 1230 1306 1270 finem
1344 1243 1473 1284 quam
1505 1228 1593 1282 pri-

114 1305 234 1331 mum
282 1289 429 1330 facere
474 1288 708 1344 possimus.
784 1286 1063 1341 Quamquam
1113 1285 1407 1339 intelligimus
1461 1298 1513 1325 ea
1549 1287 1594 1324 te

115 1360 211 1387 esse
239 1345 493 1402 prudentia,
523 1349 574 1385 ut
602 1343 772 1393 videas,
814 1344 855 1384 si
892 1356 944 1384 ea
974 1341 1156 1382 decreta
1193 1341 1438 1387 consulum,
1481 1352 1593 1394 quae

116 1402 171 1443 de
193 1401 400 1442 Caesaris
429 1401 543 1442 actis
573 1398 840 1454 interposita
857 1402 975 1448 sunt,
1006 1411 1092 1438 non
1121 1400 1365 1442 serventur,
1392 1408 1594 1448 magnam

115 1456 488 1513 perturbationem
527 1469 673 1496 rerum
712 1454 825 1497 sore.
905 1452 1143 1508 Equidem,
1191 1465 1323 1508 quum
1363 1453 1504 1493 multa
1540 1473 1593 1479 —
1630 1456 1659 1496 9

117 1513 236 1568 quod
276 1525 453 1553 necesse
490 1516 586 1552 erat
620 1511 667 1551 in
704 1514 830 1552 tanta
868 1508 1162 1564 occupatione
1200 1531 1256 1538 —
1283 1521 1369 1548 non
1406 1507 1593 1563 proben-

118 1575 208 1619 tur,
256 1581 366 1622 quae
405 1568 573 1608 Caesar
610 1566 844 1615 statuerit3
893 1569 1041 1606 tamen
1090 1563 1175 1605 otii
1212 1565 1426 1618 pacisque
1466 1575 1598 1603 causa

120 1623 336 1665 acerrime
379 1623 464 1663 illa
501 1623 626 1663 soleo
665 1621 930 1662 defendere:
979 1620 1100 1675 quod
1145 1619 1230 1661 tibi
1275 1619 1395 1659 idem
1436 1631 1597 1672 magno

119 1693 253 1734 opere
293 1678 547 1719 faciendum
586 1691 766 1718 censeo:
818 1690 1082 1732 quamquam
1120 1675 1234 1716 haec
1272 1674 1466 1730 epistola
1509 1687 1598 1715 non

121 1734 316 1776 suasoris
347 1738 429 1780 est,
470 1733 550 1774 sed
580 1733 816 1786 rogatoris.
875 1732 1050 1786 Igitur,
1079 1732 1141 1772 mi
1182 1732 1367 1776 Plance,
1405 1743 1514 1783 rogo
1553 1733 1599 1768 te

123 1795 168 1832 et
197 1789 332 1831 etiam
362 1803 457 1840 oro,
500 1790 569 1830 sic
608 1788 781 1829 medius
819 1786 977 1828 fidius!
1025 1791 1074 1827 ut
1111 1786 1280 1827 maiore
1318 1785 1469 1827 studio
1508 1798 1599 1825 ma-

121 1847 279 1901 gisque
308 1858 366 1887 ex
396 1845 542 1886 animo
574 1857 704 1899 agere
735 1857 821 1886 non
849 1842 1030 1898 possim,
1078 1846 1125 1883 ut
1160 1845 1303 1884 totum
1342 1840 1429 1881 hoc
1467 1854 1599 1893 nego-

121 1903 234 1942 tium
263 1900 329 1941 ita
367 1914 485 1953 agas,
535 1901 598 1941 ita
634 1903 816 1951 tractes,
858 1901 921 1940 ita
960 1897 1192 1949 conficias,
1236 1902 1302 1950 ut,
1351 1897 1470 1951 quod
1505 1897 1600 1936 sine

122 1957 214 1998 ulla
242 1956 518 1997 dubitatione
549 1955 663 2009 apud
709 1955 913 1996 consules
956 1953 1227 1995 obtinuimus
1264 1957 1447 2008 propter
1484 1966 1601 1993 sum—

125 2115 165 2147 1:
191 2107 306 2153 ἄνθη.
331 2129 377 2136 -
402 2110 557 2152 Salvum,
582 2121 710 2145 servus
735 2116 967 2157 anagnostes.
997 2128 1039 2135 --
1067 2111 1105 2143 in
1117 2118 1218 2142 conv.
1238 2109 1442 2146 dumtaxat,
1468 2106 1604 2141 iedoch

126 2171 212 2200 nur,
235 2170 349 2194 wenn
375 2159 435 2194 die
461 2159 574 2194 Gaste
600 2157 662 2192 bei
694 2164 805 2206 guter
838 2158 965 2193 Laune
1002 2158 1097 2193 siud.
1146 2174 1193 2183 —
1240 2156 1390 2190 mallem
1424 2155 1491 2189 tibi
1522 2156 1604 2201 pla-

125 2213 264 2242 cei-ent.

129 2325 171 2360 Pl
222 2278 439 2314 PLANCO.
487 2278 525 2314 S,
552 2290 599 2314 zu
636 2291 693 2325 ep.
720 2280 800 2315 739.
837 2277 890 2313 im
924 2277 1009 2311 Ans.
1044 2276 1138 2312 iiber
1169 2276 1298 2312 diesen
1324 2276 1391 2313 Cn.
1419 2274 1605 2310 Munatius

174 2337 299 2360 ancus.

224 2391 266 2425 B.
302 2393 390 2434 Iege.
443 2391 477 2426 S.
517 2404 575 2438 ep.
609 2393 690 2434 740,
725 2395 782 2427 11.
835 2412 877 2419 —
929 2393 1070 2435 laboro,
1112 2393 1270 2427 Antheil
1303 2404 1348 2426 an
1384 2392 1453 2426 der
1487 2390 1608 2424 Sache

133 2438 285 2473 nehme.
315 2457 355 2465 -·
384 2440 553 2474 Omnibus
577 2464 585 2473 .
614 2466 622 2473 .
650 2466 659 2473 .
687 2441 877 2482 confectis,
915 2440 1028 2482 deun,
1062 2440 1106 2473 da
1132 2441 1206 2475 alle
1232 2441 1413 2477 Schritte,
1464 2438 1523 2471 die
1563 2450 1609 2471 zu

134 2485 231 2520 thun
255 2498 396 2527 waren,
436 2513 443 2520 .
471 2513 480 2521 .
508 2513 517 2523 .
545 2488 687 2534 gethan
722 2488 816 2522 sind.
867 2508 910 2514 —
959 2499 1048 2532 quae
1073 2489 1116 2521 de
1143 2489 1249 2523 Caes.
1277 2489 1368 2522 actis
1394 2487 1610 2529 interposita

134 2539 228 2576 sunt,
255 2534 375 2568 denen
397 2535 522 2569 C'zisars
548 2535 849 2582 Vei-ordnungen
875 2538 1139 2571 unterworfen
1166 2537 1336 2571 wurdon.
1367 2556 1407 2561 -
1444 2545 1512 2567 non
1535 2545 1611 2566 ser-

135 2589 272 2619 ventur,
298 2587 339 2614 ut
365 2583 545 2616 servanda
571 2584 782 2617 censuimus
808 2595 915 2616 causa
941 2585 1044 2630 pacis
1071 2591 1108 2618 et
1137 2586 1217 2621 otii,
1260 2582 1475 2617 CORRAD.
1529 2581 1609 2614 vid.

136 2629 306 2674 Philipp.
336 2631 366 2663 1.
395 2637 429 2663 et
449 2631 532 2672 XII,
561 2633 594 2664 l.
624 2642 682 2674 ep.
709 2630 747 2664 h.
776 2630 832 2664 ed.
860 2634 937 2667 712.
966 2634 1048 2675 740,
1076 2634 1132 2667 12.

230 2679 264 2712 9.
315 2678 542 2720 occupatione
568 2678 745 2711 Caesaris.
784 2696 825 2703 -—
861 2683 894 2711 et
921 2680 1040 2714 etiam.
1091 2679 1249 2723 Semper
1281 2677 1479 2722 displicuit
1515 2677 1611 2710 mihi

138 2724 211 2757 hoe
238 2729 268 2757 el
295 2725 415 2758 elium.
466 2725 602 2759 Fuitne
638 2726 702 2759 hic
739 2736 883 2770 quoque
920 2731 952 2759 et
979 2728 1085 2761 eliam
1112 2730 1216 2771 alque
1241 2727 1375 2759 eliam?
1420 2725 1612 2759 OREIAA.

143 2792 181 2798 —
210 2773 262 2806 sic
290 2798 295 2804 .
324 2798 329 2805 .
359 2798 366 2806 .
394 2777 431 2806 ut
459 2798 464 2805 .
495 2799 500 2805 .
529 2797 536 2805 .
564 2784 632 2806 non
653 2775 800 2817 possim,
837 2774 935 2808 denn
973 2788 1011 2809 so
1044 2775 1155 2810 wahr
1187 2775 1262 2808 mir
1288 2775 1380 2808 Gott
1407 2773 1525 2815 belse,
1565 2773 1616 2806 ei-
