1795 3086
204 65 290 112 114
478 67 544 109 Μ.
576 67 632 109 Τ.
663 61 1003 108 CICERONIS
1034 62 1406 108 EPISTOLAE.

201 176 376 233 scripsi.
444 178 498 218 In
537 177 697 232 quibus
734 175 972 218 versiculis
1018 176 1058 216 si
1099 175 1183 216 tibi
1224 173 1488 230 quibusdam
1528 174 1677 218 verbis

205 232 619 284 εὗθυρρημονὲστερος
636 232 848 274 videbor:
878 231 1111 286 turpitudo
1133 244 1348 286 personae
1358 230 1468 283 eius,
1481 231 1526 271 in
1545 243 1677 285 quam

203 289 391 330 liberius
432 288 699 341 invehimur,
738 301 817 329 nos
857 287 1123 330 vindicabit.
1180 287 1392 342 Ignosces
1421 287 1557 327 etiam
1585 286 1676 326 ira-

203 344 393 386 cundiae
432 347 626 393 nostrae,
666 357 778 399 quae
817 344 935 384 iusta
971 347 1040 383 est
1076 342 1123 382 in
1152 342 1370 383 eiusmodi
1400 345 1444 382 et
1471 341 1676 382 homines

204 405 250 442 et
278 400 416 441 cives.
476 398 664 452 Deinde,
704 398 780 455 qui
816 398 958 453 magis
997 397 1085 438 hoc
1123 396 1305 438 Lucilio
1343 396 1526 438 licuerit
1554 408 1676 437 assu-

204 468 323 496 mere
354 454 598 506 libertatis,
638 468 768 509 quam
807 454 960 495 nobis?
999 467 1156 507 quum,
1195 453 1330 494 etiam
1368 452 1408 493 si
1445 451 1551 493 odio
1581 451 1679 506 pari

204 510 343 552 suerit
371 510 418 550 in
448 523 538 562 eos,
567 523 678 564 quos
709 510 856 562 laesit,
896 513 1042 549 tamen
1073 513 1193 550 certe
1232 521 1319 549 non
1347 507 1490 562 magis
1519 506 1680 561 dignos

204 566 434 618 habuerit,
484 567 530 606 in
569 579 679 620 quos
717 568 840 605 tanta
878 564 1087 604 libertate
1125 565 1362 605 verborum
1411 563 1677 604 incurreret.

206 622 294 675 Tu,
323 622 440 662 sicut
467 620 581 661 mihi
610 622 842 676 pollicitus
870 633 931 670 es,
973 619 1186 674 adiunges
1226 633 1295 661 me
1330 632 1461 673 quam
1489 618 1680 672 primum
1716 651 1720 655 ,

207 678 262 719 ad
292 682 391 718 tuos
422 689 661 718 sermones.
730 676 934 730 Namque
980 674 1098 715 illud
1141 688 1229 715 non
1271 675 1442 726 dubito,
1479 674 1601 728 quin,
1641 673 1679 713 si

206 733 316 790 quid
346 731 402 771 de
433 732 616 773 interitu
650 732 856 772 Caesaris
895 730 1080 781 scribas,
1119 743 1204 770 non
1234 730 1421 784 patiaris
1451 743 1520 770 me
1549 728 1680 769 mini-

205 802 321 829 mam
350 792 521 842 partem
552 793 596 829 et
625 788 691 828 rei
721 792 764 828 et
793 786 958 828 amoris
987 786 1055 825 tui
1085 785 1219 826 ferre.
1277 786 1396 826 Vale
1425 790 1469 825 et
1495 789 1680 826 matrem

206 857 413 898 meosque
450 843 534 883 tibi
574 843 904 885 commendatos
943 840 1070 882 habe.
1138 842 1197 881 D.
1229 855 1321 882 vni.
1351 840 1578 881 Kalendas
1607 839 1681 880 Iu-

207 901 319 952 nias,
350 898 553 940 Athenis.

395 1056 711 1100 EPISTOLA
742 1055 1002 1097 DCCXVI.
1043 1053 1120 1106 (ad
1150 1054 1255 1096 Div.
1286 1055 1374 1096 XI.
1403 1056 1490 1107 27.)

254 1131 337 1165 Ser.
371 1131 409 1164 in
436 1129 646 1164 Tusculano
679 1129 744 1163 vel
776 1129 853 1219 31ἰῖ
883 1129 1172 1219 νὶὲΙῑιΨῗῗειιηῒε
1204 1129 1300 1163 maio
1336 1131 1378 1163 A.
1406 1130 1450 1163 U.
1479 1129 1518 1164 C.
1555 1130 1633 1163 710.

857 1188 887 1210 a.
948 1202 955 1209 .
1032 1204 1039 1211 .

206 1248 371 1281 Excusat
399 1257 435 1279 se
460 1243 586 1284 Matio,
613 1244 679 1287 qui
705 1249 858 1287 questus
884 1250 963 1277 erat
988 1243 1060 1277 sibi
1085 1255 1105 1276 a
1126 1243 1306 1277 Cicerone
1331 1243 1424 1277 vitio
1449 1243 1560 1283 verti,
1587 1242 1682 1286 quod

209 1296 249 1328 in
275 1295 362 1341 lege
389 1293 556 1327 Caesaris
582 1292 804 1338 suffragium
830 1291 982 1325 tulisset
1015 1297 1051 1324 et
1076 1291 1176 1336 quod
1201 1291 1310 1325 ludos
1338 1291 1485 1325 Caesari
1508 1290 1551 1324 ab
1577 1291 1684 1325 Octa-

649 1339 759 1374 viano
783 1340 897 1373 factos
924 1345 1102 1373 curasset.
1129 1340 1246 1374 1—8.

689 1412 736 1444 Μ.
774 1410 952 1445 CICERO
978 1410 1131 1445 MATIO
1159 1410 1195 1446 S.

321 1480 531 1523 Nondum
560 1479 669 1520 satis
699 1478 928 1531 constitui,
958 1477 1250 1522 molestiaene
1281 1479 1378 1533 plus
1409 1492 1462 1519 an
1482 1479 1682 1533 volupta-

209 1605 310 1637 inter
335 1601 589 1649 navigandum
625 1609 762 1633 novum
794 1598 950 1643 aliquod
986 1598 1180 1633 Ciceronis
1216 1598 1357 1633 dictum
1391 1599 1561 1634 versibus
1595 1611 1684 1633 con-

211 1652 387 1685 cluserat.
414 1649 522 1683 SCH.
564 1669 605 1674 —
658 1645 938 1693 εὐθυῤῥημ.,
962 1646 1119 1680 liberior
1144 1647 1183 1679 in
1209 1647 1410 1691 loquendo,
1437 1648 1684 1693 petulantior,

212 1711 258 1733 zu
284 1697 536 1745 ausgelassen.
595 1692 1002 1741 ἆσχημονέστερος
1035 1694 1135 1729 Crat.
1173 1696 1247 1729 OR.
1289 1695 1313 1728 i.
1350 1707 1379 1729 e.
1416 1696 1563 1743 longius
1599 1707 1686 1740 pro-

210 1753 342 1781 vectus
368 1743 642 1785 maledicendo,
669 1755 779 1788 quain
804 1745 959 1776 fortasse
986 1742 1147 1776 decebat.
1193 1742 1337 1776 Glosse.
1388 1740 1596 1790 Εὕθνρῤ.
1623 1743 1687 1777 vel

211 1795 257 1829 ad
275 1794 390 1828 solam
418 1792 636 1826 libertatem
662 1792 702 1824 in
727 1790 1022 1838 perstringendo
1055 1789 1208 1824 homine
1234 1791 1413 1835 pertinet,
1448 1791 1512 1826 vel
1544 1792 1590 1824 ad
1624 1793 1686 1825 ob-

212 1853 324 1876 scena
361 1841 564 1885 quaedam,
598 1851 759 1884 quorum
797 1839 1009 1879 licentiam,
1047 1844 1089 1872 nt
1120 1838 1164 1871 fit
1198 1838 1239 1871 in
1271 1839 1574 1885 epigrammatis,
1616 1839 1686 1873 sibi

213 1895 436 1934 sumpserat.
460 1888 569 1922 SCH.
599 1907 641 1913 -
692 1887 767 1920 eius
788 1897 978 1931 personae,
1004 1886 1173 1920 Antonii.
1201 1905 1244 1910 —
1294 1897 1361 1919 nos
1385 1887 1595 1926 vindicabit,
1622 1899 1686 1921 ex-

214 1937 372 1979 cusabit,
406 1936 596 1976 liberabit,
633 1935 810 1968 defendet
835 1946 854 1967 a
882 1933 1205 1979 reprehensione,
1234 1933 1336 1967 Wird
1371 1946 1440 1968 uns
1477 1941 1683 1970 vertretcn.

218 2004 259 2009 —
284 1984 352 2017 hoc
371 2009 379 2017 .
398 2008 406 2016 .
425 1984 619 2026 libertatis,
647 1983 776 2016 diesen
795 1981 896 2016 Grad
921 1993 994 2015 von
1019 1981 1190 2014 Freiheit
1215 1981 1298 2014 sich
1324 1981 1687 2017 herauszunehmen.

215 2031 356 2066 Lucilio
382 2031 446 2064 illi
471 2033 601 2076 poetae
625 2030 802 2065 Satirico.
830 2048 871 2054 --
899 2029 994 2073 pari.
1027 2027 1089 2062 Sic
1115 2027 1242 2064 Lamb.
1269 2029 1361 2063 ΕΓΗ.
1382 2029 1466 2064 Sch.
1496 2032 1590 2067 Liin.
1615 2041 1688 2076 par
1734 2045 1742 2052 ·

214 2080 288 2114 Md.
331 2079 434 2113 Crat.
466 2079 561 2112 Vict.
592 2082 623 2113 1.
651 2081 683 2113 2.
720 2079 856 2112 Graev.
883 2076 1018 2111 Bened.
1068 2096 1107 2101 —-
1161 2076 1284 2110 habuit
1310 2078 1408 2113 Crat.
1439 2079 1512 2113 OR.
1538 2080 1577 2113 in
1602 2090 1686 2125 quos

214 2126 312 2162 nach
341 2127 474 2169 dignos
500 2139 549 2157 z
574 2133 614 2160 ut
641 2127 679 2159 in
707 2137 777 2159 eos
807 2144 848 2149 ——
877 2125 1092 2166 incurreret,
1118 2126 1184 2156 auf
1206 2125 1259 2159 sie
1286 2125 1450 2159 einfuhr.

311 2175 346 2208 4.
399 2174 576 2216 adiunges
601 2180 688 2217 cet.,
714 2174 773 2207 Du
798 2173 906 2207 wirst
932 2171 1009 2204 mir
1033 2172 1072 2204 in
1098 2172 1243 2205 Deinen
1269 2173 1497 2217 politischen
1523 2174 1685 2220 Gespr'ai-

217 2222 316 2257 chen
343 2221 425 2256 eine
451 2221 562 2255 Rolle
587 2221 793 2255 zutheilen.
841 2230 1021 2253 sermones
1045 2219 1070 2252 i.
1097 2230 1126 2252 e.
1155 2219 1272 2254 libros
1298 2228 1391 2263 tuos,
1425 2233 1516 2265 quos
1544 2222 1583 2254 in
1608 2234 1685 2256 ser-

216 2281 327 2304 mone
350 2281 393 2303 ac
419 2269 570 2316 dialogo
594 2269 747 2303 scribes.
797 2267 1007 2301 Trebonius
1032 2266 1179 2301 volebat
1205 2268 1334 2302 induci
1360 2281 1378 2301 a
1400 2270 1584 2303 Cicerone
1610 2270 1684 2305 dis-

216 2325 350 2365 putans
386 2327 500 2361 super
532 2316 657 2360 aliqua
688 2323 796 2361 parte
821 2315 1025 2349 doctrinae.
1057 2315 1288 2349 ERNESTI.
1347 2317 1438 2352 Wie
1475 2317 1565 2351 sehr
1600 2330 1685 2353 man

217 2365 320 2400 noch
345 2363 451 2399 einer
474 2363 631 2398 solchen
656 2364 762 2398 Ehre
796 2363 972 2410 begierig
1008 2374 1111 2405 war,
1147 2363 1274 2411 erg-ibt
1309 2364 1390 2397 sich
1420 2377 1484 2398 aus
1518 2378 1575 2411 ep.
1603 2369 1683 2408 611,

217 2415 251 2449 4.
279 2431 320 2440 -
348 2414 436 2457 quin
460 2422 528 2445 non
553 2424 602 2442 :-
626 2412 707 2446 dass-
733 2411 850 2444 nicht.
879 2429 922 2434 --
949 2422 998 2444 me
1024 2436 1031 2443 .
1047 2436 1075 2443 ..
1094 2412 1221 2453 serre,
1247 2413 1328 2446 dass
1353 2412 1416 2446 ich
1443 2413 1503 2447 die
1528 2415 1683 2463 gering-

216 2468 272 2495 ste
297 2460 407 2495 Rolle
439 2459 586 2494 sowohl
620 2460 659 2493 in
694 2459 875 2493 Hinsicht
911 2458 978 2491 der
1010 2457 1128 2492 Sache
1160 2459 1214 2492 als
1241 2461 1383 2494 Deiner
1414 2461 1531 2495 Liebe
1564 2462 1683 2496 davon

217 2516 345 2555 trage3
381 2507 575 2553 „primum
601 2506 702 2552 quod
727 2519 797 2553 per
821 2517 881 2539 me
906 2506 1050 2550 aliquid
1077 2513 1133 2540 est
1156 2513 1326 2554 gestum3
1357 2508 1494 2542 deinde
1528 2512 1686 2554 propter

215 2567 387 2591 amorem
412 2562 517 2590 tuum
542 2566 633 2603 erga
657 2556 758 2589 me.“
807 2554 932 2587 Idibus
969 2554 1068 2588 enim
1104 2555 1247 2588 Martiis
1272 2556 1477 2590 Antonium
1510 2563 1595 2591 ante
1620 2569 1683 2590 cu-

219 2605 318 2639 riam
347 2603 556 2638 seducendo
586 2603 846 2648 impediverat‚
886 2613 932 2636 ne
962 2602 1031 2636 ille
1062 2603 1166 2636 caedi
1200 2603 1366 2638 Caesaris
1401 2605 1609 2639 interesset.
1637 2622 1683 2629 —

221 2673 263 2679 —-
291 2663 377 2685 νιιι.
402 2651 491 2685 Kal.
513 2652 609 2693 Iun„
633 2662 692 2685 am
718 2651 773 2686 25.
802 2650 886 2684 Mai.

314 2712 487 2747 MATIO.
537 2711 574 2746 S.
610 2724 656 2746 zu
689 2723 746 2757 ep.
772 2711 853 2754 856,
880 2712 911 2746 6.
963 2711 1002 2745 C.
1030 2710 1178 2753 Matius,
1215 2711 1259 2746 ad
1300 2712 1411 2750 Attio.
1448 2713 1543 2756 XIV,
1578 2715 1609 2748 5.
1647 2715 1679 2749 9.
