1795 3086
217 68 304 114 llG
481 69 541 110 M.
574 70 628 110 Τ.
662 64 1001 108 CICERONIS
1031 62 1399 107 EPISTOLAE.

218 182 403 229 coleret,
435 178 621 220 haberet
651 178 694 217 in
726 178 831 218 suis.
892 175 1032 217 Multa
1062 178 1310 230 praetereo,
1340 189 1450 229 quae
1479 176 1687 229 tempori·

217 238 296 278 bus
325 236 420 276 illis
450 235 567 274 inter
595 247 675 273 nos
705 232 1055 273 familiarissime
1096 232 1231 284 dieta,
1272 232 1453 285 scripta,
1494 245 1686 272 commu-

219 293 366 332 nicata
414 290 528 329 sint:
576 288 782 342 graviora
832 289 949 327 enim
990 291 1223 328 consecuta
1260 290 1373 327 sunt.
1458 287 1518 327 Et
1556 286 1688 326 initio

218 348 319 388 belli
351 345 495 385 civilis
541 358 671 398 quum
699 343 988 384 Brundisium
1027 355 1180 383 versus
1220 342 1308 382 ires
1346 341 1402 382 ad
1433 342 1689 391 Caesarem⁷

218 402 377 444 venisti
410 399 467 439 ad
492 413 561 439 me
588 400 633 439 in
664 400 959 440 Formianum.
1000 397 1202 438 Primum
1233 397 1320 437 hoc
1348 398 1492 451 ipsum
1522 396 1690 451 quanti,

220 456 481 512 praesertim
529 456 798 508 temporibus
843 453 952 493 illis!
1019 453 1194 494 Deinde
1236 452 1418 493 oblitum
1455 466 1525 493 me
1565 455 1691 506 putas

220 511 411 562 consilii,
451 512 681 560 sermonis,
721 509 1010 549 humanitatis
1040 510 1167 550 tuae?
1209 508 1364 562 quibus
1396 509 1526 548 rebus
1555 508 1691 548 inter-

220 581 314 609 esse
344 566 527 607 memini
557 566 829 605 Trebatium.
893 563 986 603 Nec
1012 577 1119 605 vero
1149 578 1245 605 sum
1274 564 1434 604 oblitus
1464 564 1692 603 literarum

221 629 410 673 tuarum,
459 634 567 675 quas
615 621 673 660 ad
712 632 781 660 me
821 619 998 670 misisti,
1039 633 1171 673 quum
1201 618 1384 660 Caesari
1414 619 1591 660 obviam
1618 630 1692 658 ve-

220 679 360 720 nisses
397 678 442 717 in
482 689 605 729 agro,
657 681 702 716 ut
740 675 949 725 arbitror,
1001 675 1267 715 Trebulano.
1326 674 1536 715 Secutum
1578 672 1695 713 illud

222 739 393 788 tempus
424 735 504 782 est,
542 744 671 785 quum
701 744 768 770 me
798 730 853 770 ad
882 730 1143 784 Pompeium
1172 729 1398 783 proficisci
1428 729 1520 771 sive
1549 728 1694 782 pudor

220 803 341 830 meus
382 787 530 840 coegit
567 789 660 828 sive
702 785 902 826 officium
941 785 1033 826 sive
1073 785 1267 825 fortuna.
1327 785 1460 834 Quod
1498 784 1695 825 officium

221 850 357 896 tuum,
387 843 505 897 quod
535 843 729 882 studium
758 842 829 882 vel
860 842 905 880 in
935 842 1160 882 absentem
1203 854 1273 880 me
1303 841 1374 881 vel
1414 841 1459 879 in
1488 852 1693 893 praesen-

220 904 289 941 tes
318 911 439 939 meos
469 897 641 939 defuit?
682 910 810 951 quem
851 909 986 950 porro
1025 909 1175 937 omnes
1205 895 1291 936 mei
1323 901 1368 936 et
1396 894 1506 935 mihi
1538 898 1582 936 et
1611 894 1696 935 sibi

221 960 266 997 te
309 954 567 995 amiciorem
614 952 947 993 iudicaverunt?
1021 951 1139 991 Veni
1190 950 1490 992 Brundisium.
1572 949 1698 991 Obli-

221 1015 366 1053 tumne
395 1023 465 1049 me
494 1013 638 1062 putas,
668 1021 756 1062 qua
786 1007 1026 1057 eeleritate,
1063 1010 1112 1046 ut
1150 1007 1339 1060 primum
1379 1005 1592 1057 audieris,
1641 1004 1699 1046 ad

221 1080 292 1106 me
320 1066 517 1106 Tarento
547 1063 795 1104 advolaris?
840 1075 950 1116 quae
989 1065 1067 1102 tua
1107 1060 1246 1102 fuerit
1288 1063 1494 1112 assessio,
1534 1061 1694 1111 oratio,

223 1120 505 1162 confirmatio
553 1119 692 1158 animi
738 1117 825 1157 mei
883 1116 1020 1157 fracti
1072 1117 1368 1157 communium
1417 1116 1697 1157 miseriarum

224 1176 367 1217 metu?
425 1174 626 1215 Tandem
666 1172 904 1227 aliquando
934 1171 1107 1212 Romae
1146 1185 1241 1212 esse
1280 1172 1518 1226 coepimus.
1577 1170 1699 1220 Quid

222 1231 366 1273 defuit
403 1234 580 1272 nostrae
619 1227 946 1269 familiaritati?
1003 1227 1058 1267 In
1097 1228 1307 1268 maximis
1346 1229 1474 1268 rebus
1512 1240 1700 1282 quonam

220 1288 353 1329 modo
383 1298 585 1340 gererem
614 1298 684 1324 me
714 1284 927 1325 adversus
959 1282 1209 1335 Caesarem,
1251 1296 1353 1323 usus
1393 1287 1468 1324 tuo
1515 1283 1699 1324 consilio

222 1462 418 1496 Caesarem
445 1459 541 1492 mihi
568 1470 646 1492 esse
680 1458 855 1491 amicum.
903 1478 945 1483 —
997 1468 1168 1492 commun.
1202 1457 1285 1490 sint.
1337 1457 1400 1491 Sic
1434 1457 1506 1490 Md.
1540 1457 1637 1491 Vict.
1666 1459 1694 1493 2⁴

222 1509 355 1544 Bened.
382 1512 461 1540 sunt
488 1508 583 1541 Cett.
622 1506 818 1540 ORELLI.
868 1523 910 1528 -
948 1516 1058 1547 grav.
1087 1507 1180 1538 enim
1206 1516 1298 1538 cons.
1327 1516 1368 1547 s.‚
1404 1505 1503 1538 denn
1524 1504 1586 1539 das
1611 1505 1700 1540 Fol-

223 1557 344 1606 gende
368 1568 451 1589 war
476 1555 575 1588 noch
600 1565 672 1588 von
694 1554 787 1588 weit
815 1554 1011 1601 grosserer
1034 1553 1266 1600 Bedeutung‚

319 1620 352 1653 3.
402 1617 460 1650 Et.
493 1616 551 1649 An
576 1615 732 1648 etenim?
775 1614 968 1648 ORELLI.
1013 1634 1060 1640 —
1099 1614 1133 1647 in
1160 1613 1406 1655 Formianum,
1439 1613 1701 1648 vermuthlich

224 1667 291 1699 auf
313 1666 439 1699 Casars
464 1663 754 1709 Veraniassung,
795 1662 969 1695 welcher
1005 1662 1078 1695 den
1115 1662 1250 1695 Cicero
1284 1673 1331 1694 an
1367 1661 1450 1695 sich
1482 1674 1529 1695 zu
1563 1662 1700 1696 ziehen

223 1713 301 1747 und
328 1725 374 1746 zu
399 1712 599 1755 gewinnen
632 1709 774 1746 suchte.
820 1709 854 1743 S.
894 1709 938 1742 ad
974 1710 1086 1744 Attio.
1115 1710 1178 1751 IX,
1208 1712 1248 1743 ll
1277 1711 1395 1751 (352)2
1433 1710 1545 1743 Venit
1569 1710 1615 1743 ad
1640 1721 1700 1744 me

224 1761 356 1795 Matius
383 1765 452 1793 cet.
502 1759 580 1792 Auf
601 1757 743 1791 diesem
768 1756 976 1803 Landgute‚
1012 1758 1144 1791 dessen
1170 1756 1370 1790 Triimmer
1402 1756 1502 1790 noch
1536 1757 1638 1790 Villa
1662 1758 1701 1791 di

225 1809 406 1843 Cicerone
439 1806 604 1846 heissen‚
650 1805 780 1839 wurde
816 1805 950 1839 Cicero
990 1804 1110 1838 durch
1143 1804 1377 1852 Abgesandte
1413 1804 1477 1838 des
1516 1805 1700 1839 Antonius

225 1856 405 1904 getiidtet‚
435 1873 477 1878 -
504 1853 638 1898 quanti,
665 1853 740 1887 wie
766 1852 869 1886 hoch
894 1856 1023 1886 musst'
1051 1852 1116 1885 ioh
1142 1852 1204 1885 das
1230 1852 1412 1886 rochnen!
1464 1851 1558 1899 Erg.
1590 1853 1700 1887 aesti-

227 1904 405 1938 mandum
432 1908 497 1943 est,
526 1907 618 1935 erat.
662 1921 703 1927 —
750 1901 966 1944 temporibus
990 1901 1082 1941 illis,
1107 1906 1219 1933 unter
1244 1900 1356 1933 ienen
1381 1900 1699 1934 Zeitverh‘altnis-

227 1964 305 1991 sen,
333 1956 435 1984 tanto
458 1956 560 1982 aestu
585 1960 626 1981 ac
653 1954 767 1986 motu,
796 1959 910 1991 quum
938 1960 1099 1982 essemus
1125 1946 1260 1980 hostes.
1276 1966 1313 1972 -
1342 1948 1513 1981 interesse
1539 1949 1698 1990 memini,

227 1998 361 2037 wobei,
401 2008 438 2031 so
467 1997 544 2030 viel
579 1996 642 2030 ich
674 1996 778 2028 mich
806 1996 990 2038 erinnem,
1019 1994 1214 2028 Trebatius
1248 2006 1421 2042 zugegen
1457 2007 1550 2030 war.
1598 1988 1701 2030 Uber

228 2045 426 2080 Trebatius
454 2057 478 2077 s.
508 2056 554 2077 zu
581 2056 637 2088 ep.
668 2045 745 2078 135.
774 2043 825 2076 im
850 2044 937 2076 Ans.
977 2062 1019 2068 --
1059 2043 1233 2076 venissem
1259 2042 1359 2076 Crat.
1389 2043 1514 2077 Lamb.
1541 2043 1640 2078 Vict.
1666 2046 1699 2079 2.

228 2101 358 2128 contra
375 2092 448 2125 Md.
482 2091 553 2124 Sed
579 2091 634 2124 sic
649 2092 782 2125 Cicero
809 2102 882 2124 non
909 2090 1089 2135 potuisset
1114 2089 1283 2124 dubitare
1311 2090 1354 2124 de
1381 2092 1474 2125 loco.
1504 2091 1699 2126 ORELLI.

229 2161 271 2167 --
300 2140 439 2175 Trebel.
484 2139 536 2171 im
570 2138 824 2186 Stadtgebiete
858 2150 929 2172 von
964 2137 1137 2176 Trebula,
1175 2138 1227 2170 im
1264 2138 1390 2172 Laude
1432 2139 1498 2172 der
1533 2138 1698 2181 Sabiner‚

226 2191 319 2224 ietzt
345 2190 471 2222 Monte
496 2185 611 2220 Lione
637 2186 734 2221 della
761 2185 905 2219 Sabina.
948 2185 1024 2218 Ein
1049 2185 1205 2220 anderes
1233 2185 1396 2219 Trebula
1420 2198 1501 2221 war
1526 2187 1567 2220 in
1593 2187 1699 2221 Cam-

224 2247 372 2284 pamen.

319 2298 355 2330 4.
405 2299 537 2338 tempus
563 2319 571 2325 .
597 2316 608 2326 .
636 2305 740 2338 quum
765 2307 814 2325 Ξ
840 2304 912 2337 quo
937 2300 1122 2338 tempore.
1170 2294 1207 2328 S.
1235 2293 1384 2330 Ramsh.
1411 2297 1440 2339 ξ.
1466 2296 1547 2338 203,
1574 2296 1638 2339 IV,
1667 2298 1698 2337 1,

224 2346 257 2378 b.
292 2363 340 2369 —
382 2344 510 2387 pudor,
537 2340 636 2386 quod
662 2353 721 2375 me
747 2341 907 2386 pudebat
932 2342 1106 2376 deserere
1130 2343 1312 2384 amicum;
1355 2343 1533 2386 officium,
1566 2354 1613 2377 ne
1638 2355 1698 2377 re-

227 2394 442 2436 linquerem
468 2389 684 2434 Pompeium
709 2389 804 2422 bene
829 2389 875 2423 de
901 2400 962 2423 me
989 2390 1177 2423 meritum.
1215 2411 1256 2416 -—
1295 2391 1332 2424 in
1358 2391 1550 2432 absentem,
1584 2403 1698 2436 quum

227 2451 344 2475 essem
371 2438 411 2471 in
437 2438 569 2471 castris
595 2436 691 2481 apud
716 2437 947 2481 Pompeium.
993 2458 1036 2463 —
1084 2448 1191 2478 meos,
1217 2437 1277 2471 die
1303 2439 1494 2486 Meinigen
1521 2451 1568 2472 zu
1592 2439 1696 2474 Rom.

228 2505 268 2511 -——
302 2487 395 2521 Veni
419 2485 655 2519 Brundisium
679 2489 762 2529 post
785 2495 950 2531 pugnam
984 2485 1245 2519 Pharsalicam.
1282 2506 1324 2512 —
1360 2490 1399 2518 ut
1420 2497 1480 2530 pr.
1507 2488 1604 2526 aud„
1638 2497 1696 2520 so-

227 2534 315 2569 bald
339 2535 399 2568 Du
425 2545 462 2567 es
488 2533 643 2566 hort-est.
681 2552 723 2558 —-
770 2532 970 2573 adnotaris,
1009 2544 1058 2566 zu
1082 2533 1158 2565 mir
1182 2532 1347 2567 hei-iiber
1371 2534 1527 2581 slogest,
1561 2545 1696 2579 appro-

228 2581 432 2628 peraverio.
477 2600 517 2606 —
563 2579 730 2620 assessu),
756 2580 830 2614 wie
854 2580 913 2613 Du
938 2581 984 2613 da
1009 2580 1069 2614 bei
1094 2580 1168 2613 mir
1193 2588 1337 2622 sassest‚
1372 2582 1448 2614 mix·
1472 2582 1696 2623 zuredetest,

226 2630 389 2665 meinem
417 2653 426 2661 .
453 2658 461 2665 ,
490 2653 499 2662 .
526 2627 792 2674 gebrochenen
817 2627 966 2663 Herzen
990 2628 1134 2663 wieder
1159 2628 1265 2663 Muah
1291 2628 1559 2674 einsprachest.
1600 2629 1695 2663 Sub-

224 2683 332 2713 stant.
357 2687 428 2722 pro
452 2676 596 2709 Verbis.

316 2726 349 2760 5.
399 2734 565 2766 gererem
589 2733 652 2756 me.
687 2721 750 2756 Sic
775 2722 848 2760 Md.
875 2723 972 2759 Vict.
1000 2725 1030 2759 1.
1058 2725 1088 2759 2.
1116 2733 1170 2757 me
1195 2734 1272 2766 ger.
1304 2725 1398 2759 Cett.
1427 2722 1619 2758 ORELLI.
1649 2743 1694 2749 --
