1795 3086
204 106 299 155 366
476 109 539 151 Μ.
571 109 628 152 Τ.
659 107 1005 154 CICERONIS
1035 107 1411 154 EPISTOLAE.

203 219 554 318 zlimantissimum
600 218 828 265 Servium:
887 235 968 265 nos
1013 235 1102 265 non
1150 222 1374 266 desumuS.
1447 237 1539 266 vm.
1579 223 1687 265 Idus

229 290 372 321 uniaS.

333 469 652 514 EPISTOLA
682 471 1076 517 DCCCXLVIII.
1134 473 1213 524 (ad
1243 474 1351 517 Div.
1380 472 1444 517 X.
1475 475 1559 522 23.)

202 545 285 580 Ser.
312 545 499 581 Cularone
533 557 579 582 ex
604 546 739 581 finibus
764 547 1028 638 Allczbrocgguxii3
1041 548 1151 640 )VIII.
1178 548 1234 584 Id.
1261 550 1343 584 Iun.
1378 549 1422 584 A.
1450 549 1495 584 U.
1522 550 1566 584 C.
1606 551 1684 585 711,

857 608 887 630 a.
947 622 956 630 .
1031 622 1037 629 .

201 661 366 696 Excusat
397 672 450 704 se,
484 663 584 706 quod
612 663 756 709 Lepido
788 664 1014 708 crediderit3
1052 671 1205 709 accepto
1241 664 1288 699 de
1321 664 1590 699 coniunctione.
1616 664 1686 697 Le-

200 709 283 754 pidi
309 715 346 744 et
371 709 529 744 Antonii
555 712 688 747 nuntio
715 724 796 746 suas
824 712 948 758 copias
971 713 1175 746 retraxisse
1201 713 1415 760 significat3
1442 713 1687 748 Octavianum

505 769 593 794 cum
625 761 797 795 exercitu
821 760 867 794 ad
892 771 931 794 se
957 760 1089 794 venire
1115 761 1233 805 cupit.
1277 763 1378 797 1-7.

689 825 913 861 PLANCUS
941 825 1191 861 CICERONI.

312 892 550 950 Nunquam
598 892 904 944 mehercules,
960 892 1023 934 mi
1073 892 1260 945 Cicero,
1321 907 1389 935 me
1440 891 1688 948 poenitebit

204 949 403 992 maxima
431 949 633 1005 pericula
660 964 741 1004 pro
771 949 921 1004 patria
947 948 1113 1002 subire,
1142 949 1261 1001 dum,
1301 949 1342 991 si
1371 950 1480 1005 quid
1509 949 1687 990 accide-

204 1006 268 1047 rit
297 1005 425 1052 mihi,
466 1018 492 1046 a
522 1005 869 1059 reprehensione
909 1005 1179 1046 temeritatis
1219 1005 1375 1046 absim.
1432 1005 1688 1047 Confiterer

201 1061 504 1116 imprudentia
551 1074 621 1102 me
668 1062 856 1114 lapsum,
907 1060 947 1100 si
997 1073 1192 1114 unquam
1229 1060 1406 1116 Lepido
1443 1075 1503 1102 ex
1539 1061 1688 1103 animo

201 1117 508 1158 credidissem.
586 1116 847 1158 Credulitas
894 1114 1011 1157 enim
1059 1129 1189 1156 error
1238 1121 1306 1157 est
1347 1117 1506 1171 magis,
1557 1130 1688 1172 quam

201 1174 358 1228 culpa:
407 1178 453 1214 et
490 1171 671 1227 quidem
708 1171 755 1212 in
786 1170 946 1227 optimi
987 1171 1198 1226 cuiusque
1236 1175 1428 1213 mentem
1465 1171 1687 1213 facillime

199 1228 375 1283 irrepit.
433 1227 524 1269 Sed
564 1241 648 1283 ego
698 1241 787 1268 non
834 1226 923 1268 hoc
969 1228 1083 1269 vitio
1131 1241 1270 1282 paene
1318 1241 1414 1269 sum
1452 1227 1686 1282 deceptus:

200 1285 424 1340 Lepidum
454 1283 574 1325 enim
613 1283 800 1338 pulchre
840 1296 1005 1324 noram.
1064 1282 1189 1332 Quid
1226 1297 1333 1338 ergo
1377 1284 1472 1325 est?
1529 1283 1687 1326 Pudor

199 1355 284 1387 me,
333 1341 412 1396 qui
450 1339 497 1380 in
535 1340 658 1381 bello
697 1338 899 1383 maxime,
934 1344 1002 1380 est
1038 1339 1328 1393 periculosus,
1377 1339 1499 1380 hunc
1534 1353 1686 1382 casum

199 1395 351 1451 coegit
389 1396 553 1438 subire.
618 1395 749 1446 Nam,
796 1395 885 1436 nisi
922 1408 1010 1435 uno
1044 1395 1145 1436 loco
1186 1408 1343 1441 essem,
1380 1396 1584 1448 verebar,
1630 1408 1685 1436 ne

200 1452 276 1494 cui
303 1453 653 1493 obtrectatorum
681 1451 861 1493 viderer
899 1454 944 1492 et
972 1450 1159 1491 nimium
1186 1451 1480 1504 pertinaciter
1508 1450 1686 1506 Lepido

200 1509 397 1552 offensus
425 1511 469 1549 et
498 1519 595 1549 mea
622 1506 840 1561 patientia
869 1506 1005 1549 etiam
1033 1505 1156 1548 alere
1184 1507 1365 1549 bellum.
1421 1506 1582 1562 Itaque
1611 1521 1685 1548 co-

197 1756 365 1841 {erciam
389 1754 499 1790 Bruti
525 1752 794 1789 consobrinum
821 1766 879 1801 ep.
905 1755 986 1791 779.
1041 1772 1082 1780 -
1134 1754 1236 1790 vm.
1267 1755 1325 1793 Id.
1351 1754 1498 1797 Iunias,
1537 1754 1609 1790 den
1647 1757 1681 1792 6.

221 1817 343 1841 umus.

297 1875 330 1909 1.
379 1872 414 1906 si
438 1870 526 1917 quid
549 1870 663 1905 occid.
691 1882 752 1912 m.‚
777 1870 867 1904 falls
893 1870 971 1904 mir
995 1870 1058 1904 ein
1081 1870 1264 1918 Ungliick
1289 1870 1491 1921 begegnet.
1525 1890 1563 1897 —
1601 1872 1682 1907 dum

201 1949 211 1958 .
239 1947 248 1956 .
275 1947 283 1955 .
311 1921 449 1962 absim,
473 1932 586 1955 wenn
612 1931 687 1953 nur
712 1945 721 1956 .
747 1943 756 1953 .
783 1945 792 1953 .
818 1919 921 1953 mich
939 1918 1048 1954 nicht
1072 1918 1141 1952 der
1157 1920 1338 1954 Vorwurf
1355 1920 1424 1954 der
1445 1921 1681 1955 Unvorsich-

199 1969 344 2018 tigkeit
375 1967 495 2011 trifft3
536 1968 737 2002 dummodo
763 1978 840 2001 non
878 1967 1008 2001 videar
1032 1968 1266 2002 temerarius.
1329 1987 1374 1994 ——
1435 1968 1592 2013 imprud.
1624 1981 1682 2003 me

202 2019 360 2063 lapsum,
393 2016 518 2051 durch
542 2015 787 2064 Unklugheit
811 2016 979 2063 gefallen
1004 2028 1052 2049 zu
1084 2016 1175 2050 sein.
1233 2035 1281 2041 —
1336 2016 1483 2060 irrepit.
1516 2016 1553 2050 h.
1583 2029 1614 2052 e.
1640 2025 1683 2052 ut

200 2066 362 2111 quisque
390 2072 447 2099 est
473 2064 638 2111 optimus
673 2071 710 2098 et
744 2064 1008 2098 candidissimo
1055 2064 1192 2104 animo,
1238 2064 1288 2099 ita
1315 2065 1477 2099 maxime
1501 2065 1682 2100 obnoxius

200 2120 258 2150 est
281 2113 511 2148 credulitati.
560 2131 609 2139 —
653 2113 833 2156 deceptus.
882 2111 1110 2157 Suspectum
1131 2123 1246 2156 paene
1269 2113 1367 2148 Ern.
1393 2123 1466 2147 om.
1491 2123 1562 2146 non
1588 2113 1679 2148 Cdd.

198 2162 290 2207 aliq.
319 2162 406 2196 Asc.
434 2164 466 2195 1.
515 2160 589 2195 Sed
624 2161 812 2195 sententia
847 2167 903 2195 est
927 2160 1182 2206 apertissima:
1218 2171 1380 2206 ‚‚paene‚
1418 2160 1556 2205 inquit,
1597 2173 1680 2195 sum

197 2212 393 2256 deceptus,
420 2219 494 2242 non
522 2209 747 2243 credulitate
771 2208 938 2254 quidem,
966 2207 1032 2243 sed
1056 2208 1236 2254 pudore.“
1264 2208 1458 2243 ORELLI.
1498 2227 1541 2233 —
1588 2210 1682 2245 Quid

198 2270 291 2302 ergo
316 2262 388 2299 est,
426 2256 526 2302 quod
557 2268 616 2291 me
652 2256 880 2297 commovit,
916 2262 958 2292 ut
981 2266 1041 2290 me
1067 2268 1152 2290 cum
1180 2256 1319 2302 Lepido
1346 2257 1575 2305 coniungere
1598 2257 1682 2292 vel-

197 2308 302 2342 lem?
346 2324 388 2331 -
434 2306 570 2346 Pudor,
595 2304 868 2348 Tadelscheue‚
893 2311 936 2339 ut
958 2315 1201 2338 occurrerem
1225 2304 1425 2339 calumniis
1451 2304 1680 2345 invidorum,

199 2355 279 2400 qui,
304 2355 336 2388 si
362 2365 449 2388 cum
472 2352 618 2399 Lepido
644 2353 861 2388 societatem
895 2352 996 2387 inire
1020 2352 1239 2396 noluissem,
1276 2352 1527 2398 pertinaciam
1559 2364 1681 2388 meam

198 2406 351 2438 fuerant
389 2400 600 2447 culpaturi,
645 2400 744 2446 quod
777 2401 835 2436 rei
866 2401 1041 2447 publicae
1074 2412 1182 2435 causa
1215 2401 1410 2446 privatum
1442 2401 1570 2436 odium
1602 2413 1680 2436 non

199 2451 389 2497 potuerim
415 2450 625 2496 deponere3
663 2448 802 2484 deinde
834 2448 934 2494 quod
971 2461 1041 2495 per
1067 2461 1126 2484 me
1151 2449 1314 2488 steterit.
1350 2460 1423 2494 quo
1450 2450 1573 2483 minus
1598 2450 1679 2484 bel-

200 2501 282 2534 lum
307 2505 438 2533 contra
465 2497 669 2533 Antonium
695 2497 958 2532 conficeretur.
1004 2497 1086 2531 Vid.
1113 2509 1172 2543 ep.
1198 2499 1280 2539 828,
1305 2499 1338 2534 2.
1367 2518 1410 2524 —
1442 2496 1532 2531 hunc
1557 2509 1680 2532 casum

200 2575 208 2582 .
237 2574 245 2582 .
271 2547 408 2586 subire,
435 2546 578 2581 diesem
603 2545 817 2594 Ungefabr‚
842 2546 1082 2592 Wagestiick
1106 2544 1210 2578 mich
1236 2552 1489 2580 auszusetzen.
1531 2565 1572 2570 -
1608 2546 1682 2580 nisi

197 2607 265 2629 uno
293 2596 315 2628 l.
343 2605 462 2628 essem.
513 2594 578 2629 Sic
603 2596 739 2628 Manut.
765 2593 893 2628 Lamb.
918 2593 1064 2628 Stroth.
1092 2593 1180 2628 sch.
1208 2593 1301 2626 Liin.
1327 2593 1363 2627 εἰ
1388 2594 1468 2628 Cet.
1495 2605 1580 2628 cum
1603 2594 1675 2627 Md.

199 2645 269 2677 cfr.
305 2654 415 2688 supra
451 2642 517 2686 Ep.
545 2644 588 2678 18
626 2641 679 2685 (h.
706 2641 762 2679 ed.
789 2644 871 2683 828,
896 2644 945 2686 3).
988 2642 1184 2676 ORELLI.
1233 2660 1279 2667 --
1324 2642 1520 2686 patientia,
1556 2641 1678 2675 durch

200 2692 326 2725 meine
352 2690 646 2738 Unth‘a'tigkeit‚
684 2690 784 2735 quod
807 2697 960 2736 paterer
992 2690 1199 2724 Antonium
1232 2690 1473 2731 confirmari,
1512 2701 1581 2723 nec
1616 2701 1678 2723 me

200 2740 341 2785 Lepido
367 2740 450 2772 sine
475 2739 714 2773 cunctatione
741 2738 952 2788 iungerem.
993 2738 1210 2773 WEISKE.
1239 2759 1280 2765 —
1309 2739 1420 2782 alere,
1454 2738 1676 2785 producere.

200 2788 332 2823 Latine
358 2787 519 2822 dicimus
546 2787 649 2822 alere
677 2801 724 2818 Ξ
749 2799 887 2835 augere
913 2787 1051 2830 odium,
1077 2788 1297 2823 simultates.

1784 1797 1795 2151 ι’ἶςκ-«η-α-ᾰᾼ*
