1795 3086
168 46 256 94 166
439 49 505 92 Μ.
536 51 592 94 Τ.
623 49 964 95 CICERONIS
993 53 1364 101 EPISTOLAE.

167 173 300 209 neos;
337 161 569 203 servitutis
608 166 734 216 putat
762 164 935 220 aliquid
964 165 1216 210 habituros:
1254 168 1303 209 id
1332 183 1402 211 me
1431 171 1519 212 iam
1550 173 1637 214 iam

172 216 294 257 nolle
324 230 464 270 neque
494 215 607 280 mihi
637 219 879 276 quidquam
916 235 1012 263 esse
1041 224 1180 273 tanti3
1219 224 1313 270 sed,
1351 230 1398 266 ut
1424 227 1537 268 mihi
1567 229 1638 270 di-

172 273 319 324 cebas,
349 286 480 326 quam
511 273 753 323 lenissime,
781 276 929 330 potius
959 283 1008 320 ut
1037 292 1144 320 cura
1172 279 1401 333 liberetur,
1431 296 1561 335 quam
1590 290 1641 326 ut

171 342 241 369 me
269 341 534 369 succensere
564 329 736 385 aliquid
765 333 1028 386 suspicetur.
1088 334 1204 376 Item
1234 336 1290 377 de
1320 337 1403 377 illo
1425 337 1641 380 Tulliano

174 385 320 438 capite
351 384 494 425 libere
523 397 620 425 cum
649 387 876 429 Cascellio
907 390 1103 445 loquare.
1145 391 1311 434 .Parva
1341 406 1411 434 res
1441 398 1531 434 est:
1561 396 1641 437 sed

173 445 222 501 tu
252 441 362 502 bene
393 439 646 493 attendisti:
684 443 816 484 nimis
855 445 1022 487 callide
1059 448 1283 501 agebatur.
1342 448 1443 503 Ego
1481 453 1644 502 autem,

174 507 213 535 ει
250 494 366 559 mihi
405 496 688 559 imposuisset
725 499 924 553 aliquid,
964 502 1080 556 quod
1113 517 1251 557 paene
1280 502 1411 550 fecit,
1449 505 1540 546 nisi
1569 511 1646 546 tua

175 551 350 592 malitia
388 552 612 604 affuisset,
653 554 803 596 animo
841 556 997 610 iniquo
1035 559 1249 600 tulissem.
1319 559 1491 614 Itaque,
1521 565 1571 601 ut
1598 566 1647 601 ut

174 606 278 658 erit,
308 620 402 648 rem
429 606 641 662 impediri
669 611 804 651 malo.
861 610 890 663 †
920 612 1140 653 Octavam
1178 619 1348 670 partem
1388 615 1491 658 tolli
1520 616 1646 656 lumi-

177 662 350 704 narium
380 663 555 705 aedium
585 665 640 706 ad
669 665 874 707 Streniae
903 668 1172 710 memineris.
1241 675 1268 721 †
1297 670 1383 712 Cui
1414 671 1648 717 Caerellia,

180 845 307 879 Horat.
334 846 404 893 Ep.
431 847 463 891 1,
489 848 548 890 20,
575 849 641 884 26:
681 859 806 882 meum
831 849 863 882 si
888 848 973 893 quis
1008 854 1046 882 te
1070 849 1354 893 percontabitur
1379 861 1526 883 aevum.
1574 861 1651 885 ser-

179 894 273 927 vitus
303 894 354 928 ist
391 895 476 929 eine
510 896 577 929 auf
609 896 733 931 einem
768 897 904 940 Hause,
939 896 1081 939 Acker‚
1117 897 1218 932 Gute
1251 897 1444 946 liegende‚
1470 897 1651 933 haftende

179 941 511 977 Verbindlichkeit
536 944 666 979 Etwas
692 957 738 978 zu
764 944 891 979 leiden
917 957 948 978 z.
973 946 1013 979 B.
1041 944 1211 985 luminis,
1237 957 1353 980 wenn
1377 946 1448 980 der
1471 946 1651 980 Nachbar

179 989 242 1023 das
268 990 384 1025 Licht
410 991 607 1029 verbauem
646 993 766 1040 tigilli
791 993 1036 1033 immittendi,
1068 1004 1181 1027 wenn
1207 1005 1250 1028 er
1275 994 1388 1028 einen
1413 993 1558 1028 Balken
1581 994 1652 1028 in’s

181 1037 281 1071 Hans
309 1039 516 1073 einsenken
541 1041 750 1082 (stillicidii
774 1053 808 1073 u.
820 1052 847 1073 ⁵.
860 1044 924 1082 w.)
951 1040 1046 1073 darf.
1100 1040 1136 1075 S.
1164 1041 1337 1077 Pandect.
1354 1042 1458 1084 VIII,
1484 1044 1519 1084 2,
1548 1045 1580 1076 l.
1606 1042 1652 1076 ad

181 1086 221 1128 Q.
247 1086 373 1122 Fratr.
400 1088 471 1128 111,
499 1090 528 1129 1,
556 1089 588 1122 2.
616 1107 658 1112 —
685 1090 762 1121 iam
783 1088 854 1121 iam
880 1088 990 1129 nolle,
1016 1089 1076 1121 fac
1103 1088 1196 1123 sciat
1223 1091 1314 1132 (was
1340 1090 1381 1122 in
1406 1100 1496 1122 cura
1515 1089 1651 1123 libera-

180 1135 236 1166 bis
260 1134 453 1169 versteckt
477 1135 589 1182 liegt)
632 1145 693 1169 me
726 1136 766 1168 id
803 1136 1004 1169 consilium
1030 1143 1205 1179 mutasse,
1242 1148 1312 1171 uec
1336 1137 1459 1169 ullum
1484 1148 1651 1171 comnio-

181 1181 270 1214 dum
296 1181 394 1214 mihi
418 1183 514 1216 tanti
540 1195 630 1222 esse,
655 1190 697 1217 ut
723 1183 768 1218 ob
795 1182 833 1217 id
859 1184 939 1217 eius
965 1184 1126 1231 gratiam
1151 1185 1333 1219 amittam.
1363 1184 1580 1219 GRONOV.
1608 1206 1649 1211 -—

181 1240 286 1273 quam
311 1230 494 1264 lenissime
519 1232 555 1265 ei
580 1231 693 1270 dicas,
726 1233 822 1274 „auf
844 1231 904 1265 die
930 1232 1146 1279 gelindeste
1172 1233 1287 1266 ΑΓΗ(
1323 1251 1366 1257 -
1402 1233 1445 1266 de
1470 1233 1539 1266 illo
1567 1233 1654 1279 Tu(-

181 1278 283 1311 lt'ano
318 1279 448 1321 capite,
485 1281 651 1321 nomine,
682 1280 856 1325 pecunia,
900 1279 1057 1314 Schuld.
1115 1282 1162 1314 M.
1201 1280 1350 1314 Tullius
1386 1281 1545 1324 Laurea,
1593 1281 1657 1315 ein

184 1325 303 1358 scriba
331 1326 538 1369 Ciceronis,
575 1327 680 1361 hatte
704 1328 758 1361 im
784 1327 1117 1362 Einverst'a'ndniss
1150 1328 1220 1361 mit
1245 1329 1329 1362 dem
1356 1330 1403 1362 M.
1430 1329 1654 1371 Cascellius,

181 1373 269 1412 (der
301 1373 340 1406 in
375 1372 592 1408 Kleinasien
629 1375 832 1409 Gesch‘aste
868 1375 1030 1410 n'iachte.
1082 1375 1118 1409 S.
1153 1376 1199 1409 ad
1234 1377 1274 1420 Q.
1301 1376 1426 1410 Fratr.
1454 1376 1484 1417 I,
1512 1378 1564 1419 2.)
1600 1376 1655 1409 als

184 1421 438 1468 Baubesorger
470 1423 542 1456 den
568 1423 703 1457 Cicero
730 1423 1045 1457 iibervortheilen
1079 1424 1236 1466 wollen,
1273 1435 1336 1457 um
1371 1424 1474 1457 seine
1509 1423 1655 1458 Schuld

183 1481 230 1502 an
253 1469 321 1502 ihu
348 1482 395 1502 zu
421 1470 550 1515 tilgen.
601 1470 637 1504 S.
666 1483 713 1504 zu
739 1482 795 1515 ep.
824 1471 905 1510 746,
933 1473 966 1505 1.
1018 1489 1060 1495 —
1113 1472 1221 1505 nimis
1253 1472 1385 1505 callide
1412 1472 1531 1513 ageli„
1568 1483 1655 1505 man

182 1517 316 1551 wollte
341 1517 403 1551 das
430 1529 499 1564 gar
524 1531 571 1551 zu
596 1518 676 1551 fein
702 1518 873 1552 macheu.
902 1537 945 1543 -
971 1517 1005 1551 si
1028 1530 1076 1553 m.
1102 1519 1189 1563 imp.
1216 1520 1319 1564 aliq„
1344 1530 1457 1554 wenn
1483 1529 1527 1553 er
1551 1519 1656 1553 mich

181 1562 279 1599 auch
304 1578 376 1598 nur
402 1576 465 1599 um
492 1566 618 1601 Etwas
644 1565 941 1614 hintergangem
967 1566 1151 1615 betrogen
1177 1566 1294 1601 hatte.
1329 1585 1374 1592 -
1403 1567 1504 1610 fecit
1527 1581 1577 1599 3-
1602 1568 1658 1601 fe-

184 1613 296 1656 cerit,
323 1614 484 1648 fecisset.
512 1633 554 1638 —
581 1614 654 1647 nisi
679 1618 742 1648 tna
768 1615 913 1648 malitia
938 1615 1123 1658 affuisset,
1148 1627 1263 1650 wenn
1289 1615 1409 1650 Deine
1434 1614 1659 1649 Schlauheit

182 1661 261 1694 mir
293 1661 402 1696 nicht
437 1662 704 1710 beigestanden
740 1662 856 1696 h'zitte.
905 1663 1050 1696 malitia
1082 1662 1177 1697 bono
1211 1674 1322 1698 sensu
1359 1669 1397 1697 et
1435 1674 1506 1709 per
1534 1663 1658 1697 iocum

182 1720 252 1755 pro
278 1709 418 1743 callido
445 1717 481 1744 et
505 1711 684 1756 prudenti
709 1710 878 1744 consilio.
927 1710 1039 1744 Auch
1063 1712 1141 1745 wir
1163 1722 1291 1756 sagen,
1326 1722 1437 1745 wenn
1463 1712 1523 1745 Du
1548 1710 1660 1745 nicht

183 1769 223 1791 so
248 1757 310 1791 ein
336 1757 489 1792 Schelm
516 1769 690 1802 gewesen
716 1761 867 1793 w'drest.
896 1777 938 1783 —
987 1763 1027 1793 ut
1052 1763 1100 1792 ut.
1152 1759 1231 1794 cfr.
1264 1770 1378 1804 supra
1402 1759 1471 1803 Ep.
1498 1760 1554 1794 25.
1583 1759 1657 1793 ΟΒ.

184 1826 227 1832 -
254 1816 329 1839 rem
353 1806 536 1850 impediri,
572 1806 654 1840 dass
687 1808 758 1841 mit
793 1806 860 1839 der
885 1817 1032 1854 ganzen
1058 1805 1178 1841 Sache
1208 1806 1462 1852 eingehalteu,
1497 1806 1558 1840 die
1583 1806 1657 1840 Ar-

183 1853 261 1887 beit
286 1854 503 1901 eingestellt
529 1854 669 1889 werde.
698 1875 740 1881 —
767 1853 792 1896 †
818 1855 1120 1890 Octavam...ad
1142 1855 1321 1892 Streniae,
1347 1853 1521 1903 „vergiss
1546 1854 1659 1888 nicht

182 1902 255 1935 den
280 1901 418 1935 achten
445 1902 560 1937 Theil
585 1902 653 1937 der
671 1903 831 1936 Fenster
858 1903 898 1935 in
924 1903 1090 1936 nminem
1111 1904 1236 1946 Hause
1260 1902 1384 1937 neben
1409 1902 1479 1937 der
1503 1902 1658 1948 Capelle

182 1950 251 1984 der
277 1948 425 1984 strenia
452 1962 659 1984 zumauern
685 1963 733 1984 zu
760 1951 924 1984 lassen.“
965 1969 1005 1976 —
1045 1950 1205 1992 Strenia,
1232 1949 1378 1993 strena,
1403 1949 1576 1993 Strenua,
1603 1956 1660 1984 et-

182 2010 241 2032 wa
261 1998 422 2032 Gettinn
447 1999 516 2033 der
540 1999 780 2046 Tapferkeit‚
808 1999 918 2042 (quae
944 2004 1139 2033 strenuum
1165 1999 1266 2032 facit.
1283 1998 1483 2046 Augustin.
1511 1997 1557 2037 de
1576 1997 1658 2031 Civ.

182 2046 254 2081 Dei
280 2046 343 2084 lv,
370 2048 444 2087 16.)
479 2047 583 2082 hatte
617 2047 700 2082 eine
735 2047 890 2092 Capelle
926 2047 966 2079 in
1000 2046 1158 2081 Carinis.
1210 2046 1305 2080 Hier
1340 2047 1460 2080 besass
1486 2045 1586 2078 nach
1612 2045 1658 2079 ad

182 2094 223 2138 Q.
249 2094 371 2128 Fratr.
399 2094 450 2137 11,
475 2097 508 2130 3.
535 2094 745 2143 eigenllich
762 2094 918 2137 Quintus
938 2094 1073 2129 Cicero
1101 2095 1162 2127 ein
1188 2093 1526 2141 grossv'a‘terliches
1546 2094 1658 2132 Hans,

182 2153 260 2177 was
285 2144 449 2184 Mar-cus,
485 2142 616 2176 dessen
650 2143 790 2176 Pallast
826 2143 892 2175 auf
920 2142 1004 2175 dem
1037 2142 1317 2176 Palatinischen
1342 2143 1467 2190 Berge
1491 2141 1562 2186 lag,
1596 2142 1660 2174 fuir

183 2191 268 2225 eine
293 2189 649 2237 Schuldforderung
688 2201 764 2225 von
796 2189 879 2223 ihm
917 2189 1069 2224 mochte
1100 2200 1375 2236 angenommen
1407 2189 1541 2222 haben.
1590 2188 1662 2222 Ca-

183 2237 343 2273 scellius
368 2238 506 2273 wollte
532 2238 584 2272 im
611 2236 943 2272 Einverstandniss
969 2237 1040 2271 mit
1057 2236 1208 2271 Tullius
1235 2249 1271 2271 es
1298 2249 1344 2271 zu
1370 2236 1561 2285 glanzend
1575 2248 1668 2270 aus-

184 2287 321 2330 bauen,
358 2297 423 2318 um
454 2286 562 2320 dabei
599 2287 709 2321 einen
740 2285 895 2320 Schnitt
926 2297 975 2319 zu
1000 2285 1170 2319 machen.
1220 2285 1284 2319 Sic
1312 2297 1331 2319 e
1352 2285 1417 2319 cd.
1443 2285 1535 2332 Reg.
1563 2284 1665 2326 (for—

183 2342 280 2370 tasse
307 2345 327 2367 e
354 2334 509 2368 Cor-rad.
538 2335 649 2374 coni„
689 2345 783 2377 quae
810 2333 938 2368 eadem
964 2340 1020 2368 est
1056 2333 1143 2376 (nisi
1176 2333 1273 2377 quod
1307 2334 1339 2366 is
1375 2333 1542 2375 Sirenae)
1572 2343 1661 2367 cora

184 2388 302 2425 recto,
330 2382 442 2424 hall.)
475 2382 562 2416 tolli
594 2382 826 2416 luminarium
857 2382 897 2415 in
932 2382 1080 2415 aedibus
1112 2382 1162 2415 ad
1196 2381 1364 2415 Streniae
1395 2381 1488 2415 item
1519 2380 1660 2427 partim

184 2442 271 2466 cum
298 2430 451 2464 Corrad.
478 2429 565 2464 Sch.
593 2429 687 2464 coni.
714 2430 807 2463 Liin.
837 2429 899 2463 Or.
927 2450 969 2456 —-—
996 2429 1102 2472 †cuz·
1121 2429 1319 2463 Caerellia.
1346 2430 1447 2463 Haec
1472 2434 1664 2473 corrupta.

186 2479 250 2513 Sic
278 2479 381 2515 Vict.
408 2479 440 2513 l.
467 2480 500 2514 2.
528 2478 662 2513 Graev.
689 2478 780 2513 ΕΓΗ.
808 2487 875 2510 cur
899 2488 969 2524 pro
996 2478 1054 2511 cui
1077 2478 1162 2512 Asc.
1182 2480 1211 2512 l.
1240 2476 1339 2511 Crat.
1360 2489 1432 2512 om.
1461 2477 1519 2511 cui
1542 2477 1663 2511 Her-w

186 2527 281 2571 qnod
345 2537 386 2560 ro
420 2528 479 2560 cui
515 2527 642 2561 nescio
679 2525 744 2570 qui
775 2525 875 2570 apud
911 2525 1065 2560 Cor-rad.
1123 2526 1224 2559 Hinc
1257 2525 1302 2560 de
1335 2526 1364 2560 1.
1403 2525 1444 2560 F.
1473 2522 1658 2558 Gronovii

186 2587 287 2620 susp.
313 2539 400 2608 geli.
428 2575 542 2608 hiim:
581 2575 681 2611 Quod
707 2574 907 2616 Caerellia,
943 2574 1080 2608 videris
1110 2574 1291 2616 mancipio
1323 2574 1418 2608 ‹lm-i.
1465 2572 1538 2606 Sed
1562 2582 1659 2603 nun-

185 2634 295 2666 quam
321 2623 375 2656 sic
402 2628 457 2657 est
481 2623 617 2656 videris
642 2632 714 2668 pro
739 2623 890 2655 curabis
916 2628 952 2655 et
976 2622 1163 2656 similibus
1191 2622 1231 2655 in
1257 2621 1317 2655 his
1335 2622 1435 2667 ΕΝ).
1464 2618 1659 2655 ORELLI.

183 2670 326 2704 Schiitz
351 2670 518 2705 erkl'a'rt:
554 2671 655 2716 quod
680 2670 864 2704 Caerellia
898 2670 1128 2715 proscripsit
1163 2669 1374 2716 praedium,
1410 2667 1556 2703 curabis
1589 2666 1660 2700 tibi

183 2718 372 2765 mancipio
406 2717 487 2756 dari
523 2730 608 2755 meo
642 2717 793 2754 nominc
829 2729 900 2764 pro
935 2730 974 2753 ea
1010 2718 1188 2765 pecunia,
1235 2729 1346 2765 quam
1379 2717 1589 2752 licitatores
1622 2714 1660 2748 iu
