1795 3086
494 80 810 126 EPISTOLA
840 81 1200 127 DCCXXVIII.
1494 78 1573 125 141

237 212 549 256 EPISTOLA
580 210 945 254 DCCXXVIII.
1004 213 1083 265 (ad
1111 214 1201 255 Λα.
1231 210 1338 254 XV.
1369 211 1454 255 15.)

109 287 187 319 Ser.
213 287 252 319 in
278 288 367 322 vina
392 288 437 321 aa
464 285 668 320 Lucrinum
695 286 794 331 prid.
820 285 877 322 Id.
904 285 987 320 lun.
1013 287 1055 322 A.
1082 289 1127 323 U.
1155 289 1195 324 c.
1222 288 1305 322 710.
1357 286 1406 329 (a.
1430 287 1473 322 c.
1500 288 1579 328 44.)

111 356 167 387 De
193 355 315 387 numis
343 352 576 399 Arpinatium
604 352 780 397 depositis
807 351 920 385 Fadio
946 353 1167 397 reddendis3
1200 354 1245 388 de
1271 354 1493 400 Cleopatrae
1518 365 1579 387 re·

110 402 219 448 ginae
246 402 443 446 iniquitate
469 406 506 434 et
532 401 576 434 de
601 400 711 434 Sarae
737 400 952 440 insolentia3
978 401 1023 434 de
1049 403 1261 436 nominibus
1285 403 1356 436 suis
1380 401 1580 448 expedien-

313 449 368 484 dis
394 455 430 483 et
455 448 499 482 de
533 448 696 493 pecunia
720 448 800 482 filio
824 448 988 482 Athenas
1013 451 1270 493 permutando.
1299 451 1380 485 1-4.
1542 449 1546 453 ’

618 528 800 564 CICERO
833 527 1021 564 ATTICO
1040 528 1076 562 S.

221 596 272 636 L.
303 597 497 638 Antonio
536 596 650 637 male
680 597 758 637 sit!
798 598 839 637 si
877 596 1057 651 quidem
1092 594 1338 637 Buthrotiis
1373 598 1580 640 molestus

109 656 192 694 est.
250 653 349 706 Ego
378 652 680 694 testimonium
709 654 958 706 composui:
998 652 1137 708 quod,
1174 665 1307 706 quum
1334 654 1477 705 voles,
1507 655 1581 695 ob-

109 709 318 761 signabis.
392 709 465 751 Tu
494 721 694 750 nummos
732 709 1015 763 Arpinatum‚
1053 709 1092 750 si
1128 707 1179 748 L.
1219 707 1384 748 Fadius
1422 710 1581 749 aedilis

109 767 249 817 petet,
279 764 347 806 vel
376 777 525 806 omnes
556 763 741 806 reddito.
809 764 906 818 Ego
936 765 992 804 ad
1021 768 1064 805 te
1092 765 1179 805 alia
1207 764 1397 817 epistola
1423 765 1581 818 scripsi

111 819 166 860 de
194 819 375 871 HScx.,
406 833 516 874 quae
547 819 688 860 Statio
719 824 987 861 curarentur.
1041 820 1095 861 Si
1123 833 1228 874 ergo
1256 823 1375 873 petet
1402 819 1582 872 Fadius,

110 875 152 915 ei
180 876 280 916 volo
309 875 458 925 reddi3
500 878 678 930 praeter
716 874 904 916 Fadium
949 876 1129 917 nemini.
1201 875 1330 930 Apud
1368 888 1438 915 me
1476 876 1582 916 item

111 936 216 983 puto
252 930 508 984 depositum.
588 929 667 981 Id,
718 930 876 984 scripsi
913 930 970 971 ad
1017 932 1225 982 Erotem,
1269 936 1318 971 ut
1361 929 1580 972 redderet.

110 985 328 1040 Reginam
357 986 442 1027 odi.
498 986 573 1026 Me
590 985 686 1026 iure
717 986 866 1028 facere
895 987 991 1027 scit.
1049 986 1245 1041 Sponsor
1264 987 1580 1040 promissorum
1639 1022 1643 1026 .

112 1043 204 1084 eius
239 1042 520 1092 Ammonius;
561 1054 672 1096 quae
708 1042 884 1096 quidem
912 1045 1034 1084 erant
1061 1042 1250 1095 φιλόλογα
1279 1046 1326 1084 et
1353 1042 1581 1102 dignitatis

207 1203 241 1238 1,
275 1199 320 1237 L.
356 1199 514 1234 Antonio
554 1200 608 1234 M.
639 1200 770 1244 fratri,
812 1202 878 1245 qui
916 1201 1066 1236 videtur
1108 1201 1302 1236 decretum
1341 1202 1382 1236 in
1420 1203 1583 1250 gratiam

111 1248 400 1283 Buthrotiorum
427 1249 570 1281 factum
595 1249 778 1294 impedire
803 1249 976 1283 voluisse.
1024 1249 1113 1283 Fuit
1136 1250 1236 1284 enim
1255 1252 1460 1295 septemvir
1485 1252 1584 1299 agris

112 1296 342 1331 dividundis.
372 1294 454 1329 Vid.
481 1295 644 1341 Philipp.
671 1297 722 1329 11.
748 1297 855 1330 SOH.
880 1296 916 1331 S.
945 1307 1004 1342 ep.
1032 1299 1112 1333 725.
1139 1316 1184 1322 —
1217 1299 1477 1337 testimonium,
1510 1310 1584 1343 quo

110 1350 228 1379 testor
252 1355 312 1385 ea,
347 1354 440 1387 quae
465 1343 511 1376 de
536 1344 753 1378 Buthrotiis
777 1355 838 1378 me
863 1351 1060 1389 praesente
1087 1356 1172 1379 cum
1201 1347 1353 1379 Caesare
1379 1352 1464 1380 sunt
1488 1353 1583 1381 acta.

110 1392 311 1427 MANUT.
362 1392 453 1425 Rem
484 1398 617 1425 narrat
648 1392 687 1424 in
713 1403 771 1437 ep.
803 1394 873 1428 739
898 1393 944 1426 ad
980 1393 1171 1427 Plancum.
1204 1412 1248 1418 —
1282 1394 1483 1437 composui,
1520 1394 1586 1428 ich

110 1441 204 1474 habe
228 1440 444 1484 aufgesetzt.
472 1457 516 1463 —
550 1440 764 1482 obsignabz's
793 1440 928 1487 „signo
953 1443 1084 1483 meo;“
1117 1441 1217 1485 quod
1242 1441 1388 1475 Atticus
1412 1440 1586 1476 habuisse

110 1489 275 1527 videtur,
303 1496 376 1531 quo
402 1486 459 1520 uti
482 1493 626 1532 posset,
653 1499 769 1532 quum
797 1498 889 1533 opus
905 1494 1009 1522 esset.
1057 1487 1114 1523 Eo
1132 1489 1280 1523 videtur
1295 1489 1330 1522 ei
1349 1499 1440 1534 opus
1456 1490 1585 1531 fuisse,

111 1550 147 1571 v.
175 1547 206 1570 c.
234 1546 349 1580 quum
374 1534 501 1568 literas
527 1535 721 1570 Ciceronis
756 1536 908 1569 nomine
942 1537 1068 1578 daret,
1107 1537 1208 1580 quod
1240 1537 1439 1581 aliquoties
1474 1550 1586 1583 supra

112 1584 275 1619 vidimus
300 1583 454 1616 factum.
482 1582 597 1617 ERN.
623 1602 666 1608 —-
690 1593 846 1616 nummos
869 1583 1065 1627 Arpinat.,
1092 1584 1155 1619 das
1182 1585 1298 1627 Geld,
1324 1596 1399 1618 was
1424 1585 1486 1619 ich
1513 1587 1585 1619 den

111 1632 318 1677 Arpinaten
342 1629 516 1677 schuldig
539 1630 616 1664 bin.
643 1649 687 1655 -—
724 1631 856 1664 aedilis
888 1632 1148 1676 Arpinatium,
1181 1633 1248 1666 der
1282 1633 1428 1678 einzige
1461 1634 1586 1682 Magi-

113 1686 206 1714 strat
230 1691 276 1713 zu
300 1677 502 1723 Arpinum,
538 1678 604 1712 der
637 1678 758 1712 durch
791 1678 919 1713 Wahl
950 1680 1088 1714 besetzt
1113 1681 1256 1715 wurde.
1289 1681 1323 1715 S.
1349 1692 1407 1726 ep.
1432 1682 1513 1716 481.
1540 1700 1585 1707 «-

112 1728 188 1769 vel,
213 1737 325 1760 wenn
351 1737 388 1759 es
413 1725 489 1758 sein
515 1737 623 1759 muss.
649 1745 693 1750 —
720 1737 860 1769 omnes,
892 1726 953 1760 die
980 1738 1097 1775 ganze
1123 1727 1286 1762 Summe.
1314 1745 1356 1752 --
1384 1730 1426 1761 de
1451 1729 1515 1763 HS
1526 1741 1585 1771 cx,

113 1776 266 1816 110‚000
297 1774 500 1808 Sestertien
525 1787 575 1804 z
602 1776 729 1816 11,000
762 1775 917 1809 Gulden.
954 1791 995 1799 -—
1033 1775 1163 1810 Statio.
1201 1776 1237 1810 S.
1262 1787 1321 1820 ep.
1349 1777 1428 1812 726.
1477 1777 1585 1811 Viel-

110 1821 230 1857 leicht
255 1821 360 1855 hatte
387 1822 520 1856 cicero
545 1822 686 1855 seinem
712 1823 858 1855 Bruder
894 1821 1052 1864 Quintus
1078 1823 1194 1857 damit
1219 1823 1413 1858 aushelfen
1436 1825 1586 1860 wollen.

112 1890 156 1897 —-
182 1869 393 1914 depositam,
431 1869 511 1902 dass
543 1870 686 1916 einiges
713 1870 809 1904 Geld
834 1870 901 1904 der
925 1871 1129 1916 Arpinaten
1154 1872 1214 1906 bei
1239 1872 1315 1905 mir
1338 1871 1378 1905 in
1403 1873 1585 1907 Vei-wall·-

112 1930 210 1967 rung
234 1918 424 1965 gegeben,
447 1917 709 1965 niedergelegt
733 1918 795 1953 ist.

208 1968 241 2002 2.
266 1965 442 2008 Reginam
474 1965 728 2011 Cleopatram.
761 1965 796 2000 S.
825 1977 883 2012 ep.
908 1968 991 2010 688,
1026 1969 1057 2002 1.
1086 1969 1164 2008 704,
1199 1969 1234 2002 2.
1270 1985 1316 1993 —
1348 1968 1429 2002 iure
1451 1970 1586 2012 sat-erc

112 2015 137 2048 i.
164 2025 196 2049 e.
225 2014 345 2048 odisse
371 2023 463 2047 eam.
488 2014 582 2052 ‚‚odi.
630 2014 677 2046 Id
700 2024 751 2047 me
775 2025 850 2047 meo
876 2014 955 2049 iure
974 2017 1111 2058 facere
1135 2016 1250 2060 possis
1267 2016 1449 2061 suspicari
1470 2029 1489 2051 e
1505 2018 1583 2051 Md,

114 2063 195 2096 Asc.
224 2064 256 2097 1.
286 2062 384 2097 Crat.
422 2061 524 2095 Vict.
549 2064 582 2096 1.
616 2061 733 2095 Oxon.
771 2064 812 2098 2:
845 2062 932 2096 odit.
970 2062 1165 2098 ORELLI.
1197 2082 1242 2088 ·—
1277 2064 1438 2108 Sponsor
1467 2076 1584 2109 prom.

114 2111 211 2153 eius,
246 2109 314 2143 der
345 2107 426 2142 sich
457 2109 524 2143 fiir
555 2109 620 2144 ihr
643 2109 900 2156 Versprechen
926 2111 987 2145 bei
1012 2111 1088 2144 mir
1112 2112 1330 2158 verbiirgte.
1355 2131 1402 2137 —
1436 2113 1585 2147 Ammo-

113 2158 196 2191 nius
220 2157 298 2192 scil.
324 2157 395 2190 scit
420 2158 478 2191 vel
511 2157 594 2190 fuit.
643 2158 718 2192 Ein
750 2159 847 2193 alter
881 2158 1025 2193 Diener
1058 2160 1121 2193 des
1153 2157 1383 2202 Ptolemiius‚
1419 2161 1481 2194 des
1515 2163 1587 2194 Va-

111 2211 189 2240 tex-s
215 2206 282 2240 der
305 2204 511 2252 K'dniginn.
570 2205 626 2239 Er
649 2206 779 2239 wurde
811 2217 886 2241 von
911 2207 990 2240 ihm
1016 2205 1116 2240 nach
1140 2207 1236 2241 Rom
1269 2207 1486 2255 geschickt,
1522 2220 1587 2241 um

113 2253 198 2287 dort
229 2253 290 2287 die
327 2252 716 2300 VViedereinsetzung·
753 2254 797 2287 in-
828 2255 906 2288 sein
941 2254 1061 2289 Reich
1097 2266 1140 2289 zu
1176 2255 1466 2291 unterhandeln.
1522 2256 1587 2289 Bei

115 2299 387 2348 Gelegenheit,
421 2300 501 2335 ‹lass
527 2302 727 2345 Cleopatra
752 2301 835 2336 sich
861 2302 1058 2337 vielleicht
1081 2301 1180 2337 noch
1206 2315 1254 2336 zu
1281 2305 1406 2338 C'aisars
1431 2303 1587 2337 Lebzei-

114 2354 178 2382 ten
203 2349 288 2383 dem
310 2347 445 2383 Cicero
470 2349 660 2394 empfah1‚
700 2349 804 2383 hatte
835 2350 956 2384 dieser
989 2351 1040 2384 als
1065 2349 1381 2385 Kunstliebhaber
1405 2351 1480 2384 und
1507 2352 1586 2385 Ge-

113 2394 259 2430 lehi-ter
283 2395 362 2429 sich
389 2397 527 2430 seltene
552 2395 969 2446 Merkwiirdigkeiten‚
1003 2404 1099 2433 etwa
1124 2398 1346 2444 'agyptische
1372 2398 1585 2432 Bildsziulen

114 2442 207 2476 oder
229 2443 524 2477 Handschrit'ten
550 2455 614 2478 aus
639 2444 708 2478 der
739 2445 1101 2481 Alexandrinischen
1137 2446 1375 2489 Bibliothek‚
1425 2456 1498 2480 von
1524 2446 1586 2480 ihr

114 2490 278 2525 erbeten.
337 2491 402 2524 Ihr
426 2491 712 2539 Legationsrath
737 2493 957 2528 Ammonius
980 2495 1184 2540 versprach
1210 2494 1323 2527 dafiir
1358 2506 1401 2526 zu
1436 2503 1583 2541 soi-gen.

115 2539 212 2572 Ietzt
243 2538 350 2580 aber,
383 2538 427 2572 ‹la
459 2540 557 2574 nach
593 2541 722 2575 Casars
754 2542 999 2588 Ermordung-
1029 2543 1098 2577 der
1122 2540 1323 2588 politische
1348 2540 1476 2574 Wind
1503 2542 1584 2575 sich

114 2586 156 2618 in
182 2587 279 2619 Rom
312 2586 539 2633 umgedreht
570 2586 697 2630 hatte,
728 2589 857 2623 schien
890 2600 932 2623 er
963 2589 1072 2624 nicht
1105 2589 1216 2623 mehr
1247 2590 1338 2622 Lust
1370 2600 1415 2622 zu
1447 2587 1581 2630 haben,

114 2633 191 2666 sein
216 2633 446 2667 Ehrenwort
470 2645 513 2667 zu
539 2634 679 2670 halten.
732 2637 839 2671 Diess
864 2637 911 2670 ist
935 2648 992 2677 es,
1026 2638 1204 2671 woriiber
1239 2636 1372 2670 Cicero
1406 2635 1486 2669 sich
1520 2637 1584 2670 be-

115 2681 292 2716 schwert.
324 2700 371 2706 -—
409 2679 651 2727 φιλόλογα,
690 2684 863 2732 gelehrte
903 2685 1223 2726 Liebhabereien5
1264 2683 1292 2716 il
1325 2684 1503 2730 s'agissait
1536 2686 1582 2718 de

113 2727 263 2771 cho-es,
297 2729 363 2773 qui
389 2731 632 2766 eonvenaient
657 2733 676 2765 a
701 2744 752 2766 un
777 2731 932 2768 homme
957 2733 1002 2767 de
1034 2733 1179 2771 lettres.
1212 2731 1372 2770 MONG.
1426 2733 1583 2778 Cleopa-
