1795 3086
465 39 782 83 EPISTULA
819 42 1000 83 DCLV.
1043 43 1256 84 DCLVI.
1578 42 1608 88 7

124 152 372 207 sexaginta3
418 151 529 192 hacc
557 151 641 192 nisi
671 152 819 194 omnia
848 167 1072 208 expugno,
1117 154 1154 194 si
1186 154 1290 194 mihi
1323 154 1608 209 supplicatio—

123 223 198 250 nes
229 223 315 249 non
345 208 665 258 decernimtur,
712 208 841 261 longe
878 211 968 250 ulia
997 209 1249 252 conditione
1282 223 1364 264 ego
1393 224 1515 262 sum,
1556 225 1611 253 ac

123 266 262 307 ceteri
293 265 595 318 imperatores.

320 497 637 539 EPISTOLA
672 495 884 537 DCLVI.
944 496 1021 545 (ad
1053 497 1159 539 Div.
1190 499 1302 540 ΧΠ.
1335 502 1420 550 19.)

256 573 340 609 scr.
369 575 510 607 Romae
532 583 658 606 mense
685 571 893 605 Februario
921 572 960 605 Α.
990 573 1030 605 υ.
1059 574 1104 621 e.
1129 575 1208 607 710.
1260 575 1307 614 (a.
1338 578 1379 609 e.
1406 575 1482 616 411.)

125 641 346 674 Gratulatur
383 641 591 676 Cornificio
623 639 863 685 provinciam
895 640 1043 684 Syriam
1070 652 1090 672 a
1117 641 1275 675 Caesare
1301 641 1494 677 tributam,
1523 644 1613 678 1-3,

574 727 758 762 CICERO
799 726 1094 762 CORNIFICIO
1126 726 1162 761 S.

234 795 550 838 Libentissime
590 795 679 849 legi
710 799 806 836 tuas
837 795 1017 835 literas:
1061 794 1108 834 in
1148 794 1309 849 quibus
1348 795 1615 840 iucundissi-

123 866 241 893 mum
279 853 391 893 mihi
431 851 543 903 snit,
588 851 707 905 quod
746 851 935 904 cognovi
971 864 1092 892 ineas
1132 852 1214 892 tibi
1259 851 1458 895 redditas
1503 868 1613 896 esse.

123 907 225 949 Non
264 909 380 950 enim
419 908 702 958 dubitabam,
751 908 857 962 quin
898 919 972 947 eas
1016 907 1217 948 lubenter
1245 909 1438 951 lecturus
1469 923 1614 952 esses:

124 966 333 1014 verebar,
382 968 430 1005 ut
471 963 773 1004 redderentur.
852 962 1062 1015 Bellum,
1108 964 1227 1018 quod
1269 969 1337 1006 est
1376 966 1423 1006 in
1464 967 1616 1020 Syria,

122 1021 394 1076 Syriamque
433 1020 712 1074 provinciam
752 1019 834 1060 tibi
865 1020 1079 1060 tributam
1108 1034 1206 1061 esse
1237 1035 1263 1061 a
1292 1020 1513 1075 Caesare,
1556 1036 1615 1063 ex

122 1078 211 1118 tuis
242 1078 389 1118 literis
419 1077 621 1131 cognovi.
680 1076 795 1118 Eam
827 1089 920 1116 rem
950 1076 1032 1116 tibi
1063 1077 1168 1117 volo
1198 1078 1311 1119 bene
1339 1081 1385 1119 et
1413 1077 1616 1119 feliciter

123 1133 327 1174 evenire:
374 1133 493 1186 quod
531 1134 597 1173 ita
646 1131 745 1173 fore
787 1131 990 1184 confido,
1041 1132 1181 1173 fretus
1226 1137 1270 1174 et
1306 1134 1531 1176 industria
1571 1137 1617 1175 et

121 1189 358 1243 prudentia
395 1197 483 1230 tua.
558 1188 649 1229 Sed
689 1188 744 1229 de
784 1187 994 1229 Parthici
1040 1189 1151 1230 belli
1200 1190 1456 1244 suspicione
1493 1191 1616 1246 quod

119 1247 307 1296 scribis,
346 1258 453 1285 sane
483 1258 551 1284 me
581 1245 837 1286 commovit.
897 1244 1122 1292 Quantum
1152 1246 1381 1299 copiarum
1410 1246 1615 1300 haberes,

118 1316 254 1356 quum
284 1302 380 1355 ipse
409 1301 668 1342 coniectura
696 1301 905 1354 consequi
935 1305 1158 1354 poteram,
1190 1306 1283 1343 tum
1312 1316 1366 1343 ex
1395 1304 1483 1344 tuis
1512 1305 1614 1345 lite-

121 1359 185 1399 ris
224 1357 427 1412 cognovi.
500 1357 662 1411 Itaque
703 1360 832 1411 opto,
870 1370 924 1397 ne
963 1370 1011 1396 se
1048 1357 1125 1397 illa
1164 1371 1271 1410 gens
1312 1363 1490 1400 moveat
1528 1358 1615 1400 hoc

118 1419 343 1468 tempore,
372 1413 478 1453 dum
507 1412 565 1454 ad
594 1417 639 1453 te
668 1412 865 1467 legiones
892 1427 969 1454 eae
991 1413 1315 1467 perducantur,
1346 1429 1457 1469 quas
1479 1415 1615 1457 audio

120 1471 240 1511 duci.
301 1469 435 1518 Quod
464 1469 503 1510 si
533 1482 662 1522 pares
684 1471 838 1524 copias
861 1469 919 1510 ad
946 1469 1278 1525 confligendum
1308 1485 1396 1512 non
1415 1471 1614 1524 habebis,

120 1541 207 1568 non
236 1529 280 1567 te
310 1526 453 1580 fugiet
480 1526 547 1566 uti
576 1525 764 1568 consilio
795 1525 860 1567 M.
893 1525 1068 1579 Bibuli,
1099 1527 1179 1582 qui
1209 1540 1256 1569 se
1276 1527 1442 1582 oppido
1465 1529 1612 1570 muni-

117 1684 175 1719 bis
207 1684 365 1718 inimica
397 1684 558 1718 merenti.
607 1683 644 1718 S.
683 1685 787 1719 Voss.
821 1685 868 1719 de
893 1686 1046 1732 Analog.
1082 1687 1151 1727 1V,
1178 1688 1244 1731 233
1285 1688 1526 1722 Brouckhus.
1562 1689 1611 1722 ad

116 1733 258 1767 Tibull.
291 1733 314 1766 l.
350 1732 417 1769 cit.
452 1732 608 1766 Ramsh.
637 1734 846 1768 Grammat.
882 1736 910 1778 §.
939 1736 1021 1774 206,
1048 1736 1090 1776 A,
1116 1737 1152 1771 6.
1178 1748 1213 1770 u.
1239 1735 1275 1769 4.
1304 1737 1391 1778 158,
1418 1738 1454 1771 3.
1503 1736 1610 1771 Auch

117 1782 166 1815 nd
191 1782 327 1815 Famil.
368 1779 416 1822 V,
453 1783 497 1817 18
522 1782 645 1815 findet
680 1782 762 1816 sich
794 1783 866 1826 ipsi
891 1783 963 1815 sibi
986 1789 1078 1816 statt
1103 1784 1177 1817 sz'bi
1200 1784 1276 1827 ipsi
1308 1785 1468 1828 gestent.
1515 1788 1610 1820 Man

112 1831 247 1874 glaube
273 1830 412 1863 iedoch
438 1830 562 1872 nicht,
590 1830 673 1864 dass
699 1831 777 1874 ipsi
801 1843 870 1876 per
897 1832 1043 1875 synesin
1069 1838 1162 1865 statt
1187 1832 1271 1877 ipsa
1295 1833 1505 1876 gebraucht
1539 1837 1607 1877 sei,

115 1879 244 1913 indem
278 1880 316 1912 in
341 1879 476 1923 oppida
502 1879 569 1912 der
595 1880 740 1924 Begriff
769 1881 866 1913 cives
903 1881 1095 1914 versteckt
1129 1880 1237 1925 liege.
1287 1880 1396 1914 Denn
1425 1883 1490 1915 der
1515 1883 1606 1916 Sinn

114 1931 180 1963 ist:
204 1928 302 1961 sich
327 1926 470 1960 selbst
495 1926 570 1960 und
596 1928 756 1961 Keinem
782 1927 936 1961 andern.
972 1928 1009 1962 S.
1039 1929 1195 1962 Ramsh.
1224 1929 1260 1971 ᾗ.
1292 1931 1370 1972 158,
1397 1932 1429 1966 2.
1457 1931 1490 1963 d.
1518 1932 1606 1974 „die

112 1977 213 2011 noch
238 1976 345 2010 mehr
375 1976 429 2009 als
454 1977 500 2012 60
526 1976 665 2011 andere
691 1977 761 2010 mit
785 1976 866 2010 sich
893 1978 1107 2010 verbundet
1123 1977 1293 2010 haben&
1313 1999 1354 2004 —
1383 1980 1494 2022 longe
1522 2008 1530 2014 .
1559 2007 1565 2013 .
1596 2006 1607 2015 .

111 2027 373 2069 imperatores,
406 2036 447 2057 so
474 2024 674 2059 behandelt
695 2037 780 2059 man
807 2025 911 2061 mich
944 2025 984 2061 in
1019 2026 1084 2060 der
1111 2025 1216 2063 That
1239 2038 1331 2071 ganz
1356 2028 1508 2070 anders,
1548 2030 1603 2063 als

110 2075 172 2108 die
198 2073 359 2117 iibrigen
386 2073 656 2120 Imperatorem

253 2160 565 2198 CORNIFICIO.
601 2161 635 2194 S.
663 2174 709 2195 zu
735 2174 790 2206 ep.
818 2164 887 2198 641
915 2163 966 2196 im
993 2163 1077 2196 Ans.
1107 2164 1190 2198 646.

206 2210 236 2242 1.
267 2219 363 2242 meas
388 2208 454 2242 tibi
478 2210 580 2243 redd.
608 2221 695 2247 esse,
746 2213 799 2245 Er
824 2211 942 2245 meint
969 2212 1040 2244 den
1068 2213 1149 2247 646.
1178 2212 1240 2244 Br.
1268 2211 1389 2244 dieser
1414 2208 1596 2257 Ausgabe.

108 2275 151 2281 —-
179 2257 352 2298 verebar,
385 2262 423 2291 ut
448 2258 511 2291 ich
537 2257 735 2292 furchtete
753 2272 843 2301 nur,
871 2261 950 2294 dass
977 2261 1039 2295 Du
1066 2261 1135 2294 ihu
1161 2259 1274 2292 nicht
1300 2259 1472 2293 erhalten
1501 2265 1598 2294 wiir-

106 2305 199 2338 dest.
227 2303 381 2338 Ramsh.
409 2304 445 2349 §.
475 2307 557 2346 193,
586 2310 616 2347 I,
644 2308 677 2341 4.
706 2308 856 2342 Grotef.
885 2312 915 2353 ᾗ.
942 2310 1021 2344 402.
1056 2328 1103 2333 —
1141 2309 1287 2343 Bellum
1314 2335 1322 2341 .
1351 2333 1363 2343 .
1394 2332 1403 2340 .
1432 2309 1598 2352 Syriam-

105 2363 170 2395 que
192 2364 296 2396 prov.
323 2359 367 2386 st.
399 2354 489 2388 belli
513 2355 554 2388 in
593 2356 699 2400 Syria
737 2356 896 2402 gerendi
933 2358 1182 2403 provinciam.
1234 2356 1328 2389 Eine
1364 2357 1595 2404 Hendiadys,

105 2401 270 2436 Cacilius
294 2402 425 2437 Bassus
451 2402 558 2438 hatte
585 2404 673 2439 dort
697 2406 782 2439 sich
807 2409 969 2451 empott.

201 2470 236 2504 2.
270 2469 314 2503 de
348 2468 476 2503 Parth.
513 2471 545 2504 b.
577 2483 675 2517 susp.
710 2484 741 2516 q.
777 2473 887 2507 scrib.
916 2481 962 2510 st.
997 2474 1097 2521 qnod
1123 2474 1322 2519 suspicaris
1346 2474 1508 2506 Parthos
1535 2475 1592 2506 in-

105 2517 317 2551 eux-sionem
342 2530 422 2552 esse
448 2519 618 2553 facturos
645 2522 684 2554 in
712 2522 871 2566 Syriam.
909 2542 949 2548 --
987 2524 1198 2563 commovit,
1233 2523 1489 2562 conturbavit,
1524 2521 1594 2555 hat

105 2566 213 2598 mich
241 2566 479 2611 beunruhigt.
507 2587 548 2594 -
577 2570 671 2603 coni.
698 2571 887 2615 consequi,
914 2574 1112 2610 ettamen,
1140 2572 1375 2605 ven-muthen.
1398 2591 1443 2597 -—-
1470 2571 1592 2613 legio-

103 2624 165 2647 nes
190 2625 274 2655 eae,
301 2615 381 2651 Md,
410 2616 508 2650 vict.
531 2619 562 2650 1.
590 2620 623 2653 2.
649 2618 727 2652 hae.
755 2638 798 2643 -—-
837 2620 939 2654 Quod
961 2622 995 2653 ,ςί
1019 2631 1130 2664 pares
1155 2644 1162 2650 .
1191 2643 1197 2650 .
1226 2630 1295 2652 non
1322 2619 1486 2658 habebis,
1521 2620 1595 2653 bist

103 2663 163 2694 Du
201 2662 312 2697 nicht
345 2665 448 2698 stark
489 2677 612 2711 genng
648 2679 694 2700 an
721 2669 919 2713 Trnppen,
955 2671 1067 2702 einen
1093 2667 1232 2712 Kampf
1259 2668 1517 2711 cinzugehmw,
1553 2681 1593 2702 so

104 2711 207 2745 wirst
230 2712 294 2746 Du
319 2712 428 2747 nicht
454 2725 677 2759 vergesscn,
712 2716 796 2750 dem
829 2718 965 2765 bingen
991 2716 1176 2763 Bei'spiele
1202 2717 1265 2750 des
1291 2718 1345 2751 M.
1373 2717 1524 2752 Bibulus
1551 2729 1593 2751 zu
