1795 3086
207 81 262 128 14
480 81 542 125 M.
574 82 629 125 T.
661 78 1005 124 CICERONIS
1045 80 1416 125 EPISTOLAE.

283 194 354 238 ita
379 207 451 237 me
483 192 702 236 destituit
727 191 920 235 medum.
948 217 1003 223 —

199 254 319 293 totus
359 255 428 293 est
467 264 613 292 sermo
649 249 798 290 verbis
843 253 1013 301 tectus,
1058 261 1108 290 re
1148 248 1474 304 impudentior,
1517 274 1568 282 —
1615 251 1691 293 sed

200 309 334 349 etiam
365 308 410 347 in
439 305 709 360 tragoediis:
748 305 854 360 quid
884 310 952 348 est
981 305 1099 347 enim
1129 305 1264 347 illud?
1293 330 1347 336 --

287 363 422 415 Quae
447 363 615 404 melier
641 373 753 403 mm.
782 384 836 390 —

199 419 330 474 quid,
360 419 559 472 inquam,
589 417 681 459 est?
709 440 764 446 —

282 473 551 570 veie'urpaffo]
584 472 763 528 dupleae
792 470 960 515 cubile.

199 531 307 581 Qui(
337 532 347 570 '.
380 554 435 559 —

281 584 421 627 leuius
448 582 656 628 Pheraei
685 583 760 626 hic
791 582 944 626 cubile
972 583 1099 628 inire
1129 587 1205 628 est
1233 597 1395 628 ausus.
1426 609 1479 616 —-

196 641 303 697 quid
334 642 424 682 est?

287 696 529 751 Viiyz'nem
555 707 629 737 me
658 695 893 750 quondam
920 695 1116 738 invitam
1140 708 1230 750 per
1255 697 1346 740 vim
1385 695 1532 740 violat
1573 694 1692 750 Iup-

1085 753 1191 794 iter.

198 809 318 851 Bene
345 808 515 851 violat.-
550 808 673 862 atqui
703 807 822 848 idem
853 765 1099 862 significa⁷t⁹3
1139 808 1217 849 sed
1247 808 1434 850 alterum
1463 822 1594 849 nemo
1624 812 1691 848 tu-

198 867 335 907 lisset.
395 864 540 905 Vides
570 865 735 918 igitur,
765 877 898 918 quum
927 864 1079 905 eadem
1105 879 1174 906 res
1198 864 1278 919 sit,
1309 865 1412 918 quia
1440 865 1576 904 verba
1603 878 1691 905 non

197 923 310 974 siut,
340 920 449 961 nihil
478 920 619 961 videri
650 925 789 974 turpe.
848 920 972 973 Ergo
1002 921 1046 961 in
1087 935 1136 962 re
1173 934 1259 961 non
1297 926 1386 962 est:
1430 920 1568 960 multo
1611 920 1692 959 mi-

197 992 279 1019 nus
308 979 354 1018 in
382 977 544 1018 verbis.
604 975 653 1017 Si
683 977 799 1016 enim
829 976 945 1029 quod
975 976 1109 1018 verbo
1140 976 1443 1031 significatur,
1482 976 1530 1016 id
1559 979 1690 1030 turpe

196 1048 284 1075 non
314 1037 404 1086 est,
436 1034 644 1084 verbum,
675 1031 792 1086 quod
821 1030 1072 1086 significat,
1119 1036 1248 1087 turpe
1289 1046 1386 1074 esse
1414 1045 1500 1072 non
1531 1036 1690 1086 potest.

196 1089 353 1134 Anum
390 1089 582 1143 appellas
621 1088 771 1130 alieno
812 1088 1018 1129 nomine:
1063 1101 1142 1128 cur
1179 1103 1266 1130 non
1306 1102 1385 1130 suo
1421 1088 1593 1143 potius?
1643 1087 1693 1128 Si

196 1255 259 1289 Sic
284 1255 414 1288 locum
439 1254 643 1296 constitui,
677 1260 720 1288 ut
745 1254 905 1299 Turpilii
933 1252 1007 1286 sint
1031 1253 1120 1286 ista:
1154 1254 1270 1287 DIodo
1287 1255 1401 1296 sorte
1424 1253 1479 1287 ita
1504 1264 1557 1287 me
1582 1255 1693 1287 desti-

198 1304 267 1338 tuit
292 1304 434 1336 nudum.
486 1303 610 1336 Ceteri
637 1303 741 1336 modo
759 1305 872 1345 forte
896 1313 967 1348 pro
1000 1302 1196 1336 Ciceronis
1227 1302 1351 1335 verbis
1380 1301 1562 1335 habentes
1598 1304 1693 1335 mire

195 1363 236 1386 se
260 1357 461 1385 torserunt.
488 1363 519 1384 v.
548 1362 580 1384 c.
606 1351 712 1386 Vict.
739 1353 772 1386 2.
799 1351 892 1386 Ern.
918 1350 1056 1384 Bened.
1084 1350 1139 1383 ita
1167 1351 1416 1394 distinguunt:
1458 1350 1494 1383 in
1521 1350 1692 1384 Demiur-

196 1412 249 1443 go
275 1400 381 1433 modo
416 1399 542 1442 (forte
576 1399 675 1432 nosti
701 1424 708 1431 .
736 1424 745 1434 .
774 1424 782 1431 .
812 1400 866 1442 .),
902 1399 1005 1444 quasi
1031 1399 1143 1440 sorte
1175 1398 1276 1431 idem
1312 1405 1407 1431 esset
1436 1410 1479 1431 ac
1504 1401 1691 1441 sortasse.

196 1449 288 1484 Sch.
316 1449 433 1489 L'un„
475 1447 577 1492 quod
603 1447 884 1493 paratissimum
917 1458 1064 1492 semper
1089 1454 1145 1480 est
1177 1447 1406 1487 remedium,
1442 1446 1520 1483 det,
1555 1459 1586 1480 v.
1616 1447 1690 1480 dif-

196 1497 327 1531 ficilia.
376 1496 512 1530 Nobbe
539 1496 611 1528 sic:
647 1495 684 1528 in
711 1495 935 1538 Demiurgo.-
969 1495 1107 1539 [sorte]
1133 1496 1243 1529 nosti.
1275 1494 1469 1528 ORELLI.
1497 1514 1541 1520 --
1577 1496 1689 1536 nosti,

196 1546 270 1579 wie
297 1544 343 1578 de
367 1544 518 1578 Finibb.
545 1545 594 1587 ΙΙ,
620 1545 676 1579 22.
703 1555 758 1589 ep.
785 1545 866 1580 472.
893 1562 938 1568 -
963 1542 1160 1576 meministi
1184 1543 1352 1576 Roscium
1378 1543 1471 1576 illud
1499 1544 1690 1577 canticum

197 1599 369 1639 agentem
394 1605 421 1628 s.
451 1599 573 1637 gestus
599 1594 633 1625 ei
658 1592 1025 1628 accommodantem.
1046 1611 1090 1616 —-
1116 1592 1152 1624 in
1182 1592 1388 1633 tragoediis
1413 1591 1493 1627 scil.
1523 1603 1580 1625 res
1609 1592 1689 1636 ipsa

197 1648 389 1676 narratur.
437 1640 652 1687 Sequuntur
690 1648 870 1687 quattuor
903 1640 1072 1686 exempla
1104 1640 1276 1673 locorum
1310 1651 1331 1672 e
1363 1640 1517 1685 tragicis
1552 1641 1687 1685 poetis,

196 1691 237 1724 in
271 1690 404 1732 quibus
437 1690 485 1722 de
520 1689 713 1723 adulteriis
745 1696 783 1723 et
822 1689 958 1735 stupris
990 1689 1137 1733 agitur,
1184 1688 1351 1722 honestis
1386 1695 1512 1721 tamen
1553 1689 1688 1723 verbis.

197 1739 305 1773 SCH.
332 1757 379 1763 -
414 1738 512 1772 Quae
536 1737 668 1771 mulier
692 1748 776 1771 unct.
832 1739 900 1771 Est
932 1748 976 1770 ex
1009 1738 1131 1771 Attio:
1167 1747 1300 1781 nempe
1336 1736 1489 1781 integer
1522 1740 1690 1771 versicu-

196 1788 251 1821 lus
279 1793 378 1820 erat:
413 1797 502 1830 qnae
536 1785 665 1819 mulier
696 1797 767 1819 ema
800 1785 904 1820 (lustin
939 1784 1069 1820 viram.
1105 1783 1193 1819 Vid.
1228 1786 1306 1819 Cic.
1342 1785 1447 1818 Orat.
1483 1796 1516 1818 c.
1557 1786 1614 1821 46.
1643 1804 1688 1810 —

196 1834 417 1880 usurpat[o].
470 1835 532 1868 Sic
559 1833 707 1868 Nobbe.
739 1839 915 1878 usurpato
948 1834 1029 1868 Md.
1063 1835 1181 1878 Neap.
1217 1835 1301 1867 Asc.
1337 1835 1369 1867 l.
1405 1833 1547 1869 Bened.
1582 1845 1688 1867 usur-

194 1888 287 1928 pala
313 1883 410 1916 Vict.
439 1885 470 1917 1.
498 1884 529 1917 2.
557 1883 689 1916 Lamb.
718 1883 855 1916 Graev.
889 1884 982 1917 Ern.
1009 1885 1158 1925 usurpat
1191 1883 1329 1928 Margo
1358 1883 1458 1915 Crat.
1489 1881 1688 1918 ORELLI.

196 1931 385 1977 Rescripsi
417 1935 567 1975 usurpat
601 1942 644 1964 ea
677 1931 808 1975 duplex
840 1931 974 1973 cubile,
1019 1930 1117 1975 quod
1151 1937 1205 1963 est
1241 1941 1326 1975 pars
1360 1930 1496 1963 senarii
1530 1931 1687 1964 iambici

197 1981 395 2028 agiturque
436 1979 481 2012 de
522 1979 694 2016 moecha,
732 1979 843 2013 SCH.
884 1982 1085 2022 usurparat
1119 1978 1251 2011 Graev.
1288 1989 1387 2023 susp.
1425 1996 1467 2004 —
1513 1978 1687 2014 Pheraei.

194 2029 398 2075 Accipiunt
424 2028 496 2061 hoc
524 2028 571 2060 de
596 2028 806 2061 Alexandro
832 2027 1025 2067 Pheraeo,
1058 2038 1170 2071 quem
1196 2038 1289 2069 uxor
1315 2026 1472 2067 Thebe,
1509 2027 1687 2061 adiuvan-

194 2078 297 2111 tibus
325 2077 526 2115 fratribus‚
554 2076 601 2109 ob
628 2077 879 2122 suspicionem
905 2076 1101 2121 pellicatus
1128 2075 1281 2109 occidit.
1307 2093 1355 2098 —
1385 2074 1577 2117 Virginem
1603 2101 1611 2109 .
1639 2100 1647 2108 .
1676 2101 1685 2110 .

193 2126 373 2169 Iuppiter.
426 2125 609 2170 Loquitur
634 2136 710 2158 una
735 2125 952 2166 mulierum,
990 2135 1078 2169 quas
1104 2124 1273 2169 Iuppiter
1299 2123 1451 2156 amavit.
1479 2136 1512 2158 v.
1541 2135 1576 2160 c,
1631 2124 1688 2163 Io,

195 2175 366 2209 Callisto.
391 2173 473 2208 Vid.
503 2172 610 2208 ovid.
637 2174 796 2207 Metam.
825 2175 853 2215 Ι,
879 2174 961 2208 588.
988 2174 1034 2211 11,
1063 2172 1143 2206 409.
1195 2172 1264 2205 Est
1298 2183 1421 2205 versus
1455 2171 1686 2205 octonarius.

194 2219 287 2255 vid.
325 2223 372 2255 G.
399 2225 459 2257 Fr.
486 2222 635 2255 Grotef.
666 2222 836 2255 Gramm.
877 2221 927 2255 11.
955 2220 992 2265 β’.
1019 2221 1076 2255 96.
1109 2239 1154 2244 -
1192 2220 1350 2253 alterum
1387 2230 1490 2253 nemo
1530 2220 1686 2257 tulisset.

194 2269 328 2304 Sensus
362 2276 437 2302 est:
472 2271 503 2303 si
536 2282 605 2316 pro
638 2270 708 2303 illo
742 2270 857 2303 violat
884 2270 1031 2303 dictum
1058 2275 1154 2301 esset
1179 2268 1388 2310 subagitat,
1424 2268 1498 2301 hoc
1525 2268 1687 2302 alterurn

193 2330 307 2353 nemo
333 2319 496 2359 tulisset3
530 2318 635 2363 atqui
662 2318 765 2352 idem
791 2318 1003 2363 significat,
1041 2317 1138 2362 quod
1174 2316 1270 2349 illud
1304 2316 1432 2349 violat.
1465 2317 1572 2351 SOH.
1623 2316 1686 2350 Sic

193 2368 276 2402 Md.
302 2367 436 2400 Bened.
461 2367 547 2401 Seh.
575 2367 721 2402 Nobbe.
748 2366 875 2400 violat.
925 2365 1091 2410 Iuppiter
1117 2365 1224 2407 bone,
1252 2365 1364 2397 ¹violat
1393 2366 1494 2401 Crat.
1524 2366 1621 2400 Vict.
1654 2367 1685 2399 l.

194 2417 228 2451 2.
255 2416 385 2450 Lamb.
415 2416 550 2449 Gracv.
577 2416 667 2451 Ern.
695 2415 826 2449 violat:
860 2414 927 2448 sed
948 2415 1100 2448 alterum
1125 2424 1225 2446 nemo
1253 2412 1404 2446 tulisset.
1454 2413 1568 2456 Atqui
1592 2413 1686 2446 idem

193 2464 386 2507 signfiticat
411 2464 496 2498 Sch.
525 2465 628 2500 coni.
658 2462 857 2498 ORELLI.
885 2464 982 2496 Li'in.
1008 2462 1063 2495 ita
1087 2461 1332 2507 transposuit.

290 2515 323 2548 2⁷.
353 2512 461 2546 verba
486 2523 555 2546 uon
580 2512 652 2546 sint
677 2512 813 2557 turpia.
846 2521 943 2554 „non
967 2509 1070 2544 sint“
1104 2510 1186 2546 scil.
1217 2509 1419 2552 „eademf‘
1469 2509 1592 2543 Locus
1629 2522 1688 2543 sa-

192 2570 260 2594 nus
287 2568 357 2595 est.
388 2560 586 2595 ORELLI.
613 2579 658 2585 -—
684 2561 791 2602 Ergo
816 2559 849 2592 sz'
873 2559 910 2592 in
935 2570 987 2593 re.
1014 2557 1155 2592 Sch'utz
1173 2570 1270 2602 susp.
1291 2577 1334 2582 —-
1362 2557 1488 2590 Anum
1507 2558 1687 2602 appellas·

191 2609 340 2656 Nempe
368 2609 443 2642 hoc
470 2610 697 2643 vocabulum
722 2608 917 2641 honestius
944 2613 1024 2641 erat
1051 2613 1088 2640 et
1114 2619 1134 2640 a
1160 2606 1317 2639 medicis
1336 2612 1566 2651 usurpatum.
1617 2607 1688 2640 Illa

191 2669 282 2691 vero
309 2657 411 2690 culus
437 2664 475 2691 et
498 2658 619 2701 podex
645 2657 866 2692 obsceniora
892 2663 1000 2690 erant
1025 2655 1185 2701 ideoque
1223 2666 1243 2687 a
1281 2655 1500 2699 Satyrarum
1531 2661 1568 2687 et
1605 2654 1687 2700 epi-

193 2712 448 2754 grammatum
473 2707 724 2752 scriptoribus
748 2706 1050 2750 frequentantur.
1110 2703 1281 2737 Alienum
1315 2709 1440 2736 autem
1469 2702 1567 2748 quod
1594 2703 1688 2736 dicit

193 2754 257 2789 ani
280 2765 436 2798 nomen,
469 2755 688 2801 significare
719 2754 868 2789 videtur
901 2753 941 2788 id
966 2763 1085 2800 nuper
1114 2752 1263 2786 demum
1295 2751 1469 2797 usurpari
1506 2757 1687 2798 coeptum
