1795 3086
620 93 932 136 EPISTULA
966 95 1141 137 DCCL.
1518 98 1593 144 {Sl

344 199 657 246 EPISTOL'A
689 204 867 245 DCCL.
927 207 1003 257 (ad
1033 208 1124 248 Au.
1154 205 1287 249 XVI.
1321 209 1378 255 ts.)

217 276 296 311 scr.
325 277 364 311 in
389 278 588 312 Puteolano
614 278 674 310 vi.
702 279 754 312 m.
790 279 912 322 Quint.
953 279 995 312 Α.
1023 281 1066 313 U.
1094 282 1133 314 c.
1161 285 1239 317 710.
1274 284 1322 324 (a.
1350 282 1389 316 c.
1416 282 1492 324 44.)

126 346 276 386 Narrat,
303 345 393 389 quid
420 343 515 390 apud
541 345 695 377 Brutum
729 344 775 378 de
801 344 914 379 Sexto
954 346 1126 389 Pompeio
1160 348 1357 382 audiverit.
1393 351 1494 384 1—2.
1546 350 1591 383 de

125 391 333 426 Buthrotiis
361 404 398 427 se
425 392 525 425 nihil
551 392 646 425 certi
674 393 862 437 reperisse
889 393 1031 428 scribit.
1057 396 1089 426 3.
1118 394 1276 440 denique
1295 396 1340 431 de
1355 397 1592 443 navigatione

550 451 614 472 sua
640 450 733 483 quae
758 440 900 487 cogitet
926 441 1091 486 exponit.
1126 442 1157 475 4.

631 519 807 553 CICERO
834 519 1015 553 ATTICO
1042 519 1079 554 S.

228 588 298 629 Ita
326 590 374 629 ut
403 585 501 627 heri
531 586 612 627 tibi
641 587 820 628 narravi
860 588 930 628 vel
973 587 1163 628 sortasse
1202 587 1338 629 hodie
1368 615 1419 621 —
1449 592 1589 641 Quin-

117 646 186 684 tus
216 643 331 684 enim
359 643 500 684 altero
530 642 604 682 die
633 656 679 683 se
710 643 976 684 aiebat—in
1004 642 1176 684 Nesida
1204 656 1297 686 viu.
1328 645 1447 687 Idus.
1518 649 1587 687 Ibi

120 699 298 740 Brutus.
357 697 504 747 Quam
534 697 614 738 ille
643 698 788 739 doluit
826 698 882 738 de
911 698 1054 739 Nonis
1084 697 1237 739 Iuliis!
1296 700 1491 742 Mirifice
1522 708 1590 743 est

115 755 415 795 conturbatus.
473 753 632 807 Itaque
662 767 757 794 sese
795 754 1063 806 scripturum
1102 755 1279 803 aiebat‚⁹
1305 760 1354 796 ut
1391 759 1587 797 venatio-

114 824 214 850 nem
254 822 364 862 eam,
411 822 523 863 quae
563 808 780 862 postridie
823 809 952 850 ludos
992 809 1274 862 Apollinares
1316 810 1465 851 futura
1506 817 1587 864 est,

116 865 445 919 proscriberent
475 879 536 906 111.
568 864 651 904 ID.
685 863 897 913 QUINT.
955 864 1070 905 Libo
1100 864 1352 906 intervenit.
1411 866 1458 906 Is
1473 867 1586 908 Phi—

114 922 278 972 lonem,
324 920 531 973 Pompeii
572 919 794 971 libertum,
837 924 881 960 et
921 920 1146 969 Hilarum,
1197 934 1323 962 suuni
1363 921 1586 974 libertum,

113 977 287 1017 venisse
326 990 352 1016 a
390 975 529 1016 Sexto
571 987 669 1014 cuin
708 974 856 1015 literis
896 975 953 1015 ad
993 977 1199 1017 consules
1238 977 1331 1016 sive
1369 991 1455 1030 quo
1494 979 1587 1019 alio

112 1031 290 1073 nomine
320 1033 431 1071 sunt.
488 1031 656 1071 Earum
686 1030 937 1084 exemplum
976 1032 1102 1072 nobis
1133 1032 1259 1085 legit,
1298 1032 1337 1072 si
1377 1032 1482 1086 quid
1520 1034 1586 1074 vi-

111 1087 304 1127 deretur.
362 1086 515 1127 Pauca
543 1089 654 1133 παρεὲ
678 1086 789 1139 λέξιν,
830 1086 1063 1141 ceteroqui
1101 1091 1145 1128 et
1174 1088 1283 1128 satis
1312 1087 1512 1140 graviter
1540 1093 1587 1130 et

112 1156 200 1183 non
222 1140 554 1182 contumaciter.
604 1141 796 1181 Tantum
819 1141 926 1180 addi
950 1141 1129 1194 placuit,
1159 1143 1279 1195 quod
1303 1146 1401 1182 erat
1420 1143 1582 1185 COSS.

110 1198 269 1247 solum,
297 1200 346 1237 ut
373 1200 501 1242 esset,
529 1194 801 1238 PRAETT.
833 1196 1040 1237 TRIBB.
1069 1196 1250 1239 PLEB.
1282 1196 1582 1248 SENATUI;

110 1267 165 1294 ne
194 1253 380 1293 illinon
408 1251 659 1306 proferrent
688 1264 774 1299 eas,
818 1264 929 1307 quae
969 1253 1025 1292 ad
1063 1252 1183 1306 ipsos
1220 1251 1380 1294 missae
1419 1258 1579 1296 essent.

203 1416 236 1449 1.
290 1412 439 1449 Quintus
464 1411 566 1450 enim,
603 1412 661 1445 cui
696 1424 755 1448 eas
789 1413 920 1448 literas
954 1413 1169 1458 (epistolam
1203 1415 1300 1457 749.)
1331 1415 1430 1459 dedi,
1464 1417 1580 1452 altero

107 1463 164 1497 die
188 1473 226 1495 se
250 1461 388 1495 Romae
412 1461 583 1493 futurum
610 1461 746 1495 aiebat.
774 1480 817 1486 —
843 1463 880 1494 in
906 1461 1045 1496 Nesida
1070 1462 1170 1496 veni.
1211 1462 1293 1496 vid.
1317 1475 1374 1508 ep.
1403 1465 1471 1500 748
1496 1465 1580 1499 init.

108 1531 151 1537 —
180 1509 237 1543 lbi
259 1509 360 1542 enim
386 1509 525 1542 Brutus
549 1513 638 1541 erat.
672 1527 719 1533 —-
751 1510 794 1542 de
817 1509 933 1543 Nonis
960 1510 1072 1543 Iuliis
1097 1509 1122 1543 i.
1161 1521 1191 1543 e.
1219 1511 1315 1554 quod
1340 1512 1379 1544 in
1406 1512 1580 1546 ludorum

107 1568 260 1591 suorum
285 1555 566 1602 proscriptione
592 1556 708 1589 Nonis
731 1557 840 1591 Iuliis
872 1567 943 1601 pro
969 1557 1086 1591 Nonis
1112 1557 1337 1599 Quintilibus
1370 1559 1578 1607 legeretur.

107 1606 185 1640 cfr.
213 1615 269 1648 ep.
297 1604 375 1638 7⁴8.
409 1603 516 1636 SCH.
542 1620 583 1627 -
612 1605 789 1643 conturb..
816 1615 944 1638 ausser
967 1605 1136 1651 Fassung
1162 1605 1334 1640 dar-iiber.
1367 1625 1414 1632 —
1447 1609 1577 1652 Itaque

106 1680 114 1688 .
142 1679 150 1687 .
176 1678 184 1685 .
210 1652 279 1685 ID.
308 1650 490 1689 QUINT„
529 1649 605 1682 und
638 1661 677 1684 so
708 1658 811 1698 sagte
838 1663 880 1684 er
905 1652 1017 1692 denn,
1059 1663 1101 1685 er
1133 1654 1252 1687 welle
1283 1653 1573 1689 hinschreiben:

103 1713 191 1735 man
226 1699 323 1733 solle
361 1698 420 1731 die
453 1697 701 1740 Thierhetze,
745 1699 805 1732 die
843 1699 958 1744 Tages
996 1699 1094 1733 nach
1135 1700 1206 1733 den
1237 1702 1573 1746 Apollinarisclien

102 1748 258 1794 Spielen
283 1746 452 1793 gegeben
477 1745 588 1787 wird,
613 1746 882 1780 ausdriicklich
914 1749 982 1781 auf
1011 1748 1082 1780 (len
1108 1748 1258 1782 Drittcn
1290 1761 1359 1783 vor
1390 1749 1461 1782 den
1487 1750 1571 1783 Idus

102 1797 165 1830 des
194 1795 376 1834 Quintilis,
410 1792 518 1826 nicht
542 1793 646 1833 Iulii,
684 1794 939 1841 ankiindigen.
986 1795 1202 1828 renationem
1234 1806 1312 1829 eam
1345 1796 1388 1830 de
1421 1797 1570 1830 Ernest.

98 1855 200 1889 susp.
227 1841 315 1876 sch.
340 1841 449 1875 etiam
476 1841 573 1875 Cett.
602 1853 688 1875 cum
715 1842 804 1876 Cdd.
832 1842 939 1876 notis.
968 1841 1042 1876 ΟΕ.
1069 1847 1129 1876 est.
1152 1843 1245 1876 Ern.
1272 1855 1369 1888 susp.
1397 1848 1497 1877 essee.
1523 1862 1571 1870 —

99 1893 141 1926 L.
166 1890 271 1932 Libo,
298 1900 405 1924 socer
429 1888 534 1923 Sexti
560 1890 737 1934 Pompeii.
780 1890 861 1923 Vid.
899 1890 944 1923 ad
975 1890 1111 1923 Famil.
1144 1891 1172 1932 Ι,
1200 1893 1231 1924 1.
1267 1891 1350 1932 vll,
1376 1892 1407 1926 4.
1446 1892 1510 1931 XI,
1535 1895 1568 1930 7.

99 1940 145 1973 ad
169 1938 284 1973 Attio.
310 1938 394 1977 vn,
421 1938 476 1973 12.
529 1953 573 1961 --
622 1938 662 1971 Is
698 1938 869 1971 nuntium
903 1938 1043 1979 attulit,
1078 1948 1211 1972 wovon
1236 1938 1303 1971 der
1326 1939 1421 1985 folg.
1447 1951 1567 1972 accus.

98 2000 131 2021 c.
159 1986 297 2020 infinit.
324 1984 500 2031 abhangt.
531 2002 577 2010 -—
613 1995 713 2018 sunm
738 1986 915 2020 libertum.
941 1985 1014 2019 del.
1045 1984 1117 2020 hoc
1149 1986 1313 2020 libertum
1344 1988 1439 2019 Man.
1471 1986 1567 2021 Ern.

96 2034 188 2070 Sch.
215 2034 324 2075 Lim,
347 2032 451 2078 prius
477 2032 604 2067 Lamb.
637 2040 766 2068 contra
799 2033 1105 2068 consuetudinem
1131 2033 1316 2075 Latinam,
1345 2034 1567 2078 Inscriptio-

94 2095 186 2117 num
211 2087 325 2115 certe.
359 2079 553 2115 ORELLI.
599 2099 645 2106 —·
686 2093 708 2114 a
732 2081 842 2115 Sexto
869 2081 1057 2125 Pompeio,
1090 2081 1242 2115 Libonis
1267 2091 1420 2128 genem,
1452 2088 1493 2116 ut
1520 2093 1567 2115 ex

94 2131 214 2166 Dione
237 2129 482 2173 cognoscitur.
515 2128 717 2163 MANUT.
769 2129 903 2163 Sextus
929 2140 1012 2162 war
1036 2129 1076 2161 in
1101 2128 1275 2173 Spanien.
1311 2148 1359 2155 —
1397 2129 1472 2162 sive
1497 2140 1566 2172 quo

92 2179 171 2213 alio
196 2177 336 2210 nomine
359 2179 453 2218 sunt,
487 2175 578 2210 oder
603 2177 677 2210 wie
701 2188 786 2210 man
812 2177 864 2210 sie
891 2187 1040 2209 nennen
1063 2176 1169 2211 solIe.
1216 2177 1282 2210 Als
1307 2188 1421 2212 wenn
1445 2177 1564 2211 Anto-

95 2227 180 2259 nius
205 2224 279 2258 und
306 2223 503 2258 Dolabella
536 2224 646 2257 nicht
672 2224 838 2259 Consuln
870 2224 1023 2258 diirften
1060 2230 1227 2272 genannt
1259 2225 1428 2266 werden,
1469 2224 1563 2258 weil

94 2274 149 2308 sie
173 2271 447 2318 eigenm'zichtig
473 2282 558 2304 vom
583 2272 693 2306 C‘a'sar
718 2272 794 2305 und
829 2271 936 2306 nicht
967 2271 1067 2305 nach
1092 2271 1164 2305 den
1187 2272 1444 2320 gesetzlichen
1470 2271 1562 2305 For-

93 2332 180 2355 men
206 2326 368 2353 ernannt
391 2330 532 2361 waren,
557 2319 654 2353 auch
680 2319 785 2354 nicht
809 2320 863 2353 als
889 2320 1068 2354 Consules
1094 2319 1310 2354 handelten.
1338 2340 1381 2346 -—
1415 2319 1449 2352 si
1475 2319 1564 2362 quid

93 2368 273 2401 videretur
297 2367 321 2399 i.
348 2378 378 2400 e·
403 2372 456 2407 ut,
494 2367 526 2400 si
558 2367 650 2411 quid
679 2368 878 2401 videretur
909 2367 1125 2408 notandum,
1166 2367 1401 2409 diceremus3
1445 2367 1560 2406 „falls

95 2414 194 2449 noch
217 2414 312 2449 Was
337 2413 450 2446 daran
474 2422 714 2448 auszusetzen
738 2417 850 2449 w'a're.
879 2434 922 2440 —-
959 2414 1076 2461 παρὰ
1102 2413 1226 2454 λέξιν
1250 2422 1379 2449 contra
1403 2413 1560 2458 proprie.

92 2461 273 2506 loquendi
295 2461 479 2495 rationem
511 2462 546 2498 d,
573 2462 627 2496 i.“
663 2462 782 2495 allein
813 2474 940 2497 ausser
972 2463 1033 2496 ein
1068 2464 1160 2496 Paar
1183 2462 1352 2496 Fehlern
1385 2461 1439 2493 im
1464 2461 1557 2494 Aus-

90 2509 213 2544 druck
237 2519 317 2543 war
328 2508 431 2542 Alles
451 2509 680 2545 mitWiirde
707 2510 782 2543 und
807 2509 907 2543 ohne
925 2511 1177 2558 Beleidigung·
1200 2509 1370 2557 gesagt.“
1393 2526 1437 2533 —·
1465 2509 1555 2541 Tan-

91 2563 165 2592 tum
192 2582 200 2589 .
227 2582 233 2588 .
262 2581 270 2590 .
297 2556 426 2589 missae
451 2562 585 2598 essent,
626 2557 701 2592 wir
740 2556 950 2600 beliebten,
986 2558 1030 2591 da
1063 2552 1100 2592 es
1135 2558 1232 2592 bloss
1264 2568 1315 2589 an
1341 2555 1415 2589 die
1442 2556 1500 2589 Co
1514 2567 1557 2588 n-

89 2605 196 2640 nuln
221 2602 512 2637 iiberschrieben
538 2616 632 2645 war,
660 2616 744 2638 man
769 2605 882 2638 sollte
908 2605 1007 2639 noch
1033 2606 1300 2646 hinzusctzen5
1327 2603 1412 2636 wie
1438 2602 1555 2636 auch

91 2665 145 2687 an
171 2652 249 2685 die
276 2652 528 2690 Pr'zitoren,
564 2652 951 2686 Volkstribunen
990 2653 1078 2685 und
1115 2652 1205 2686 (len
1238 2650 1400 2691 Senat,
1439 2650 1557 2684 damit

91 2701 152 2733 dic
179 2699 341 2733 consulu
370 2710 405 2731 es
432 2699 539 2732 nicht
571 2700 625 2731 als
661 2700 721 2733 ein
754 2700 889 2733 blosses
915 2698 1242 2733 Privatschrciben
1278 2698 1556 2733 unterdriicken

92 2747 274 2791 kunnum,
299 2746 464 2781 sondcrn
490 2747 712 2794 genothiget
737 2750 878 2789 wib-en,
904 2758 941 2782 es
966 2745 1168 2781 offentlicb
1195 2746 1436 2793 vorzulegen.
