1795 3086
466 93 782 138 EPISTOLA
823 93 1094 138 DCCCLII.
1157 116 1160 120 ·
1457 91 1548 139 377

59 207 215 251 itionis
259 206 540 263 praebendo,
592 219 734 260 neque
782 220 974 262 unquam
1015 221 1103 249 non
1143 203 1421 251 decedendo,
1470 220 1550 247 no-

59 266 243 307 vissime
272 263 499 320 Corycum
545 275 592 303 se
632 263 826 304 contulit
864 268 909 304 et
946 264 1100 305 clauso
1139 266 1273 317 portu
1310 274 1357 302 se
1395 265 1550 302 tenere

61 322 220 376 coepit.
279 320 389 370 Nos,
420 319 502 359 illa
529 318 703 370 relicta,
742 318 862 372 quod
893 323 938 360 et
967 320 1014 360 in
1045 322 1193 360 castra
1222 317 1452 372 pervenire
1481 330 1550 357 sa-

62 376 153 418 tius
191 389 286 418 esse
324 376 582 430 putabamus
621 378 666 414 et
705 375 973 429 sequebatur
1012 375 1173 416 classis
1209 375 1368 425 altera,
1419 381 1552 428 quam

64 446 180 473 anno
211 431 361 486 priore
388 432 433 470 in
461 428 687 485 Bithynia
715 431 889 472 Tillius
921 431 1105 472 Cimber
1134 433 1434 483 compararat,
1476 429 1552 470 cui

64 488 287 529 Turulius
317 490 526 541 quaestor
556 489 774 540 praeerat,
805 485 1007 542 Cyprum
1038 484 1291 540 petivimus.
1337 485 1409 526 Ibi
1438 497 1552 539 quae

67 543 375 598 cognovimus,
420 543 619 582 scribere
650 541 708 581 ad
744 554 824 582 vos
864 555 994 596 quam
1034 541 1268 582 celerrime
1317 539 1552 582 voluimus.

66 599 372 650 Dolabellam,
410 602 460 638 ut
489 596 763 649 Tarsenses,
804 597 989 652 pessimi
1019 597 1154 643 socii,
1193 597 1260 636 ita
1287 595 1554 648 Laodiceni,

65 655 206 696 multo
236 653 505 695 amentiores
536 654 656 694 ultro
688 654 1012 694 arcessierunt:
1062 665 1115 693 ex
1154 652 1313 706 quibus
1353 653 1556 706 utrisque

67 710 342 762 civitatibus,
382 709 658 751 Graecorum
697 709 893 749 militum
924 721 1109 749 numero
1147 707 1343 763 speciem
1379 709 1556 750 exerci-

67 771 138 808 tus
168 766 334 807 effecit.
393 765 557 807 Castra
586 764 721 805 habet
749 769 850 806 ante
880 763 1092 819 oppidum
1108 762 1382 805 Laodiceam
1410 765 1558 818 posita

67 827 113 864 et
140 826 312 876 partem
341 820 456 862 muri
484 821 723 862 demolitus
753 825 821 860 est
865 826 911 861 et
939 823 1088 861 castra
1116 820 1282 875 oppido
1312 821 1560 861 coniunxit.

69 878 251 920 Cassius
282 880 436 918 noster
474 891 575 918 cum
615 876 771 916 decem
809 875 1060 929 legionibus
1100 881 1145 916 et
1183 874 1445 916 cohortibus
1489 876 1559 917 vi-

67 934 184 988 ginti
212 932 467 974 auxiliariis
496 936 553 973 'et
590 934 802 986 quattuor
831 932 1022 972 millium
1058 930 1260 985 equitatu
1298 944 1325 972 a
1362 931 1559 972 millibus

68 987 467 1044 passuum'viginti
496 990 642 1028 castra
671 985 808 1027 habet
835 988 996 1043 posita
1024 986 1197 1038 Πάλτῳε
1248 990 1293 1029 et
1333 987 1560 1028 existimat

69 1059 116 1086 se
146 1045 240 1085 sine
270 1043 447 1098 proelio
485 1056 616 1098 posse
645 1042 838 1083 vincere.
917 1043 1035 1086 Nam
1084 1044 1176 1084 iam
1227 1044 1369 1084 ternis
1420 1047 1561 1084 tetra-

68 1099 298 1142 drachmis
326 1099 531 1140 triticum
561 1098 1001 1153 apudDolabellan'r
1024 1103 1106 1141 est.
1132 1122 1134 1124 v
1165 1097 1268 1148 Nisi
1297 1098 1406 1154 quid
1436 1099 1562 1141 navi-

68 1157 150 1197 bus
178 1155 540 1196 Laodicenorum
570 1155 860 1209 supportarit,
901 1156 992 1196 cito
1022 1155 1140 1197 fame
1170 1160 1338 1209 pereat,
1378 1168 1562 1196 necesse

73 1216 166 1253 est:
197 1225 253 1252 ne
281 1215 550 1266 supportare*
575 1212 733 1267 possit,
779 1215 825 1252 et
855 1209 1002 1252 Cassii
1043 1211 1349 1253 classis'bene
1390 1222 1563 1266 magna,

71 1267 146 1308 cui
173 1272 350 1323 praeest
379 1266 597 1308 Sextilius
626 1265 790 1318 Rufus,
819 1271 865 1307 et
893 1271 1000 1320 tres,
1031 1279 1140 1321 quas
1168 1280 1252 1309 nos
1279 1266 1566 1313 adduximus,

73 1337 172 1379 ego,
211 1323 257 1366 T
261 1323 449 1376 urulius,
493 1322 731 1369 Patiscus,
778 1321 916 1364 facile
962 1324 1261 1379 praestabunt.
1301 1331 1304 1333 ’
1340 1323 1427 1377 Te,
1456 1323 1565 1365 volo

73 1480 263 1527 placebat,
291 1480 354 1514 vel
380 1480 421 1515 L.
448 1452 603 1522 Figulus
629 1478 836 1527 leg-endum
861 1479 1025 1514 videtur.
1051 1480 1160 1515 SCH.
1188 1499 1230 1505 —
1258 1491 1357 1526 spem
1385 1507 1393 1515 .
1413 1507 1421 1515 .
1451 1458 1566 1516 trans,

1 1521 3 1573 ζ
70 1530 276 1574 praebendo
304 1528 330 1562 i.
356 1539 388 1563 e.
417 1527 630 1562 simulando
668 1519 876 1562 identidem
903 1540 986 1563 sese
1011 1529 1086 1562 iam
1113 1529 1331 1563 dediturum
1365 1537 1402 1564 et
1428 1529 1473 1563 ad
1499 1542 1568 1564 nos

74 1588 323 1612 accessurum.
364 1595 407 1601 -—
439 1586 549 1620 neque
572 1587 727 1620 unquam
752 1587 822 1610 non
847 1576 1065 1616 decedendo,
1098 1577 1176 1611 und
1202 1577 1300 1612 doch
1326 1577 1568 1622 gleichwohl

75 1637 145 1659 uns
171 1627 311 1660 immer
335 1624 518 1658 auswich.
571 1645 613 1651 —
665 1625 865 1658 recedendo
891 1624 935 1659 de
963 1624 1149 1660 Gronovii
1181 1637 1281 1672 susp.
1315 1626 1403 1660 Sch.
1430 1627 1470 1659 in
1493 1627 1568 1662 Ed.

74 1673 161 1706 mai.
187 1674 282 1707 Liin.
310 1671 507 1707 ORELLI.
552 1691 595 1698 —
631 1673 775 1716 noviss„
800 1673 955 1707 zuletzt.
1008 1691 1050 1698 —-
1103 1674 1294 1718 Corycum,
1320 1674 1502 1720 oppidum
1530 1681 1569 1708 et

74 1728 228 1767 portum
254 1720 423 1756 Ciliciae.
475 1741 517 1747 -
566 1720 606 1754 in
638 1725 762 1754 castra
789 1720 927 1763 cassii,
954 1720 1024 1755 in’s
1052 1722 1291 1770 Hauptlager
1314 1722 1380 1757 des
1407 1722 1568 1758 Cassius.

80 1788 120 1795 —
152 1769 289 1803 Tillius
316 1768 477 1810 Cimber,
515 1768 584 1802 ille
621 1769 790 1803 Caesaris
828 1780 1054 1813 percussor,
1099 1770 1165 1813 qui
1196 1776 1328 1816 postea
1364 1771 1570 1815 Bithyniae

76 1817 256 1864 praefuit.
316 1816 400 1850 Vid.
428 1828 486 1862 ep.
514 1818 598 1858 514,
627 1819 660 1852 2.
689 1834 731 1842 —
774 1817 832 1850 cui
860 1824 914 1852 est
940 1829 986 1852 ex
1011 1819 1138 1864 suppl.
1167 1829 1242 1853 om.
1268 1819 1343 1854 Md.
1372 1819 1570 1854 ORELLJ.

77 1884 124 1891 —
152 1865 338 1906 Tarutius,
366 1864 512 1899 Cimbri
539 1871 725 1910 quaestor.
764 1865 891 1900 Valer.
925 1867 1023 1900 Max.
1061 1865 1212 1901 erzahlt
1236 1878 1309 1901 von
1345 1866 1448 1910 ihm,
1486 1867 1569 1902 dass

8 1935 13 1965 'a
78 1925 122 1949 er
146 1913 343 1959 spaterhin
367 1914 436 1947 auf
457 1912 586 1948 Seiten
621 1913 685 1948 des
710 1913 898 1948 Antonius
924 1926 1046 1963 geg-en
1072 1914 1146 1949 den
1172 1916 1344 1950 Octavius
1371 1915 1493 1949 focht.
1525 1934 1569 1946 -‚

174 1964 206 1997 Δ.
259 1962 468 2003 Tarsenses,
494 1961 556 1995 die
582 1960 821 1996 Einwohner
846 1973 921 1996 von
948 1963 1085 1997 Tarsus
1110 1963 1151 1996 in
1177 1964 1362 2007 Cilicien,
1397 1964 1468 1997 der
1503 1964 1570 1998 be-

11 2029 14 2034 ·
78 2010 246 2044 kanmen
273 2009 538 2043 Geburtsstadt
569 2010 632 2044 des
656 2009 828 2056 Apostels
854 2011 999 2045 Paulus.
1054 2029 1095 2035 -
1147 2023 1315 2055 numero,
1339 2013 1572 2059 wenigstens

10 2075 15 2101 ¹3
78 2059 147 2092 der
172 2057 273 2091 Zahl
298 2057 408 2091 nach.
443 2068 610 2092 numeros
634 2058 680 2092 de
705 2058 909 2093 Guilielmi
936 2059 1034 2093 coni.
1070 2059 1170 2094 Lall.
1219 2059 1293 2095 Sed
1327 2054 1469 2095 excidit
1503 2071 1571 2107 po-

13 2108 16 2149 ]
80 2108 154 2140 tius
181 2112 268 2140 nota
295 2105 502 2139 numeralis
529 2113 614 2140 ante
648 2118 685 2141 v.
718 2117 889 2150 numer03
925 2109 997 2141 cfr.
1033 2108 1084 2141 ad
1107 2108 1255 2142 Divers.
1284 2108 1325 2143 L.
1355 2111 1411 2143 11.
1440 2110 1508 2153 Ep.
1534 2111 1569 2144 9.

81 2153 281 2189 ORELLI.
310 2174 353 2180 —
380 2164 479 2197 spec.
506 2164 619 2196 exer„
645 2165 684 2188 so
712 2155 796 2188 eine
823 2155 894 2189 Art
918 2167 992 2190 von
1021 2157 1168 2190 Armee.
1197 2175 1243 2182 —
1271 2158 1505 2191 Laodiceam.
1530 2156 1570 2191 S.

12 2199 17 2205 ”
80 2215 137 2247 ep.
165 2204 247 2243 817,
272 2202 306 2238 5.
334 2203 417 2242 843,
443 2203 476 2237 7.
503 2203 585 2241 844,
613 2203 646 2236 4.
683 2220 725 2229 ·—
767 2203 917 2237 Cassius
941 2208 1077 2247 noster,
1102 2204 1144 2239 C.
1174 2205 1323 2239 Cassius
1350 2205 1573 2250 proconsul.

82 2250 125 2284 Si
150 2250 249 2283 hanc
277 2249 475 2294 epistolam
501 2251 543 2283 L.
572 2250 717 2284 Cassius
744 2243 783 2285 C'.
811 2253 931 2285 frater
957 2253 1191 2298 scripsisset,
1229 2265 1303 2287 non
1332 2255 1483 2287 Cassius
1508 2265 1572 2286 no-

15 2311 19 2340 g
79 2302 169 2340 seer,
196 2297 259 2332 sed
287 2298 328 2332 C.
347 2299 482 2340 stater
507 2299 718 2344 scripturus
735 2300 888 2343 fuisset.
914 2300 1023 2335 SCH.
1051 2320 1098 2326 —
1124 2301 1297 2346 equitatu,
1332 2303 1470 2336 Lamb..
1487 2302 1572 2334 mil-

81 2347 176 2380 libus
201 2345 366 2391 equitum.
390 2364 434 2371 —
462 2357 485 2380 a
510 2347 605 2381 mill.
631 2357 729 2390 pasS.
755 2348 843 2390 vig„
870 2348 909 2381 in
936 2350 1043 2383 einer
1068 2350 1315 2397 Entfernung
1341 2361 1415 2384 von
1442 2351 1574 2392 20,00⁰

83 2393 282 2428 Schritten
308 2393 442 2428 davon.
477 2393 515 2428 S.
542 2393 693 2428 Ramsh.
721 2395 749 2437 ξ.
781 2397 862 2437 150,
892 2399 923 2431 1.
951 2415 997 2422 —
1023 2394 1195 2443 Πὰλτῳ,
1224 2409 1271 2431 zu
1297 2398 1440 2441 Paltos,
1468 2398 1575 2431 einer

83 2442 255 2477 Seestadt
280 2441 320 2474 in
345 2441 500 2486 Syrien,
526 2443 713 2477 siidw‘eirts
738 2454 814 2477 von
839 2445 1041 2489 Laodicea3
1068 2446 1195 2480 Paltus
1214 2445 1349 2490 Syriae
1375 2446 1574 2491 oppidum,

84 2490 290 2524 Laodiceae
315 2490 540 2533 proximum.
574 2490 684 2525 SCH.
736 2510 778 2516 —-
830 2494 947 2526 ternis
974 2495 1130 2529 tetradia
1160 2520 1168 2528 .
1198 2521 1205 2527 .
1234 2498 1299 2534 est,
1326 2495 1427 2528 denn
1453 2493 1574 2527 sehon

85 2538 161 2586 gilt
183 2539 253 2571 der
278 2537 446 2572 Weizen
471 2539 532 2572 bei
558 2538 753 2573 Dolabella
788 2539 871 2573 drei
898 2542 1336 2576 Vierdrachmenstiicke
1363 2555 1412 2572 z
1439 2543 1459 2577 4
1479 2542 1575 2576 Gul-

19 2597 23 2633 ξ
86 2588 170 2620 den.
221 2585 428 2619 Medimnus
470 2587 592 2621 tritici
633 2587 866 2622 vendebatur
902 2589 1081 2624 duodenis
1120 2590 1313 2631 ‚drachmis
1347 2604 1375 2624 s.
1407 2591 1577 2624 denariis

21 2640 25 2688 ξ
88 2634 278 2668 Romanis.
331 2635 464 2678 ltaque
505 2635 535 2669 si
574 2635 620 2668 ad
656 2642 822 2670 nostram
863 2648 1079 2671 mensuram
1117 2644 1154 2671 et
1189 2640 1387 2683 pecuniam
1432 2639 1575 2686 exigas,

23 2691 25 2704 l

87 2683 325 2723 medimnus,
362 2683 429 2727 qui
461 2684 576 2729 paulo
612 2684 735 2717 maior
773 2690 854 2718 erat
885 2686 1012 2720 modio
1046 2686 1310 2730 Berolinensi,
1344 2687 1576 2721 vendebatur

87 2730 228 2764 duobus
255 2730 416 2764 thaleri·
441 2742 484 2765 ac
510 2731 668 2764 dimidio
694 2733 816 2766 nostri
850 2735 1009 2780 arg-enti.
1049 2734 1159 2768 SCH.
1211 2754 1253 2759 -
1304 2736 1405 2769 Sext.
1443 2736 1575 2775 Rufus.

24 2786 27 2831 j
90 2779 127 2813 5.
156 2790 202 2812 zu
227 2790 286 2825 ep.
311 2780 382 2814 675
407 2779 461 2812 im
487 2779 574 2814 Ans.
608 2799 649 2805 -—
677 2781 858 2816 Patiscus.
890 2780 926 2817 S.
954 2794 1012 2829 cp.
1040 2783 1123 2822 8⁴13,
1150 2784 1184 2819 2.
1224 2803 1268 2810 -
1307 2785 1355 2819 Te
1381 2785 1461 2819 volo
1490 2783 1576 2817 bene
