1795 3086
180 99 266 145 100
450 99 511 141 M.
545 99 599 140 T.
634 94 976 139 CICERONIS
1005 92 1375 138 EPISTOLAE.

407 207 719 251 EPISTOLA
750 206 933 248 DCCX.
992 205 1067 257 (ad
1099 206 1190 248 Att.
1222 205 1329 247 XV.
1361 206 1421 255 3.)

324 288 399 321 Ser.
430 288 467 320 in
495 287 638 321 Atinati
664 286 725 320 XI.
752 285 833 319 Kal.
860 286 939 319 Iun.
967 286 1009 318 A.
1038 285 1079 318 U.
1109 284 1148 319 C.
1175 286 1257 322 71⁰.
1290 285 1336 327 (a.
1363 283 1401 318 C.
1431 284 1504 326 44.)

472 358 685 404 Respondet
709 357 844 391 duabus
870 356 989 391 Attici
1014 356 1196 401 epistolis.
1236 357 1361 392 1—2.

622 416 634 421 ’“
687 429 863 464 menno
890 427 1069 462 ATT1co
1095 428 1132 462 5.

288 511 349 537 xi.
389 495 580 537 Kalend.
629 497 783 550 accepi
824 497 867 535 in
909 494 1083 536 Atinati
1128 495 1239 537 duas
1279 496 1495 550 epistolas
1534 497 1646 539 tuas,

180 552 339 606 quibus
369 552 536 593 duabus
564 552 674 602 meis
706 550 990 605 respondisti.
1047 551 1148 591 Una
1177 555 1275 592 erat
1311 565 1388 593 xv.
1420 551 1541 602 Kal„
1580 551 1645 591 al-

180 614 278 648 tera
305 621 385 649 xn.
415 607 533 648 data.
593 607 665 648 Ad
693 607 966 661 superiorem
996 606 1138 661 igitur
1155 606 1292 660 prius.
1350 607 1572 648 Accurres
1600 607 1647 645 in

180 663 498 708 Tusculanum,
533 666 584 702 ut
611 662 786 708 scribis,
824 675 911 715 quo
941 675 1010 702 me
1038 676 1097 703 vi.
1129 662 1232 703 Kal.
1262 668 1501 705 venturum
1529 661 1645 702 arbi-

179 720 344 760 trabar.
403 717 537 766 Quod
578 718 737 758 scribis
787 717 1031 772 parendum
1080 717 1347 759 victoribus:
1398 731 1486 758 non
1534 715 1647 757 mihi

180 774 372 828 quidem,
402 772 474 813 cui
503 777 605 813 sunt
633 774 773 813 multa
812 772 1001 826 potiora.
1058 771 1173 813 Nam
1211 772 1306 820 illa,
1346 787 1459 828 quae
1496 785 1647 814 recor-

180 828 316 876 daris,
344 828 538 869 Lentulo
569 832 614 869 et
641 828 861 869 Marcello
891 828 1145 869 consulibus
1174 832 1278 869 acta
1306 828 1351 869 in
1380 829 1489 869 aede
1511 828 1647 881 Apol-

182 884 304 936 linis,
332 898 416 925 nec
445 897 576 925 causa
606 884 759 924 eadem
787 888 856 924 est
884 897 966 924 nec
994 883 1140 924 simile
1169 888 1354 937 tempus,
1382 882 1648 937 praesertim

183 954 315 995 quum
344 940 612 981 Marcellum
641 940 810 980 scribas
840 939 1039 993 aliosque
1069 939 1317 980 discedere.
1374 939 1481 980 Erit
1508 938 1650 992 igitur

179 995 306 1036 nobis
336 1008 485 1036 coram
521 995 795 1035 odorandum
824 999 868 1035 et
898 994 1268 1047 constituendum,
1299 998 1452 1036 tutone
1479 993 1651 1043 Romae

181 1065 278 1092 esse
307 1050 536 1105 possimus.
595 1049 715 1091 Novi
743 1053 988 1091 conventus
1016 1049 1295 1091 habitatores
1323 1064 1429 1091 sane
1457 1055 1646 1090 movent.

178 1106 234 1147 In
261 1107 436 1159 magnis
466 1105 581 1146 enim
611 1117 837 1147 versamur
865 1106 1095 1159 angustiis,
1155 1105 1245 1146 Sed
1274 1104 1350 1156 [si]
1381 1106 1467 1147 ista
1497 1106 1649 1159 parvi:

278 1264 309 1296 l.
349 1273 403 1294 xt.
432 1258 518 1293 Kal.
544 1259 638 1298 Iun„
663 1269 722 1292 am
748 1260 803 1294 22.
830 1259 914 1291 Mai.
963 1277 1009 1283 —
1055 1258 1095 1292 in
1118 1258 1264 1293 Atinati
1289 1269 1432 1304 campo,
1457 1269 1563 1306 agro,
1589 1258 1654 1291 auf

180 1309 342 1343 meinem
366 1307 561 1354 Landgute
587 1307 646 1340 bei
671 1306 796 1348 Atina,
823 1306 931 1340 einer
956 1305 1063 1340 stadt
1088 1306 1140 1340 im
1154 1306 1280 1340 Laride
1304 1307 1373 1340 der
1398 1307 1527 1340 Volsci
1553 1306 1650 1339 nahe

180 1357 241 1392 bei
266 1356 466 1401 Arpinum.
494 1372 533 1379 -
570 1366 635 1388 xv.
663 1354 750 1388 Kal.
775 1365 863 1388 vom
891 1355 966 1397 18.;
990 1366 1062 1387 ΧΠ.
1088 1364 1173 1387 vom
1199 1357 1259 1390 21.
1287 1374 1330 1380 —-
1365 1355 1471 1398 prius
1496 1365 1650 1400 respon-

181 1405 287 1439 debo.
313 1422 352 1428 —-
392 1415 444 1437 vs.
471 1402 571 1440 Kal„
596 1413 656 1435 am
682 1403 738 1437 27.
765 1401 847 1435 Mai.
876 1420 918 1426 -
971 1401 1187 1435 arbitrabar
1211 1416 1260 1434 ..τ
1285 1402 1459 1435 arbitror.
1488 1419 1534 1427 -—-
1581 1412 1651 1434 non

180 1452 270 1487 milti
295 1452 433 1496 quidem
458 1451 509 1483 ita
535 1449 699 1492 videtur,
727 1460 765 1482 so
792 1450 840 1482 ist
860 1449 957 1483 diess
973 1450 1203 1498 wenigstens
1229 1449 1340 1483 nicht
1364 1449 1490 1484 ineine
1516 1450 1649 1484 Partie.

182 1520 224 1526 —
250 1500 418 1543 potiora,
454 1498 526 1540 „da
551 1497 616 1531 ich
641 1497 760 1531 vieles
786 1497 935 1530 Andere
961 1497 1084 1531 lieber
1109 1497 1302 1545 ergreifen
1327 1497 1481 1539 wiirde;
1515 1509 1649 1544 nempe

181 1547 369 1586 exsilium,
397 1552 560 1580 mortem
586 1551 622 1578 et
648 1544 796 1588 quidvis
822 1544 925 1578 aliud
951 1545 1125 1578 servituti
1150 1551 1342 1591 antepono,
1370 1545 1569 1580 MANUT.
1606 1564 1647 1570 -

181 1596 253 1629 illa
271 1594 368 1639 quod
384 1594 520 1628 attinet
537 1597 622 1626 acta
640 1593 679 1626 in
694 1593 778 1625 aede
788 1592 976 1637 Apollinis
994 1593 1018 1625 i.
1030 1604 1061 1629 e.
1089 1592 1188 1626 illud
1209 1593 1582 1636 senatusconsultum,
1609 1600 1650 1626 ut

182 1655 310 1679 omnes
333 1643 421 1676 boni
440 1642 540 1675 cives
552 1641 708 1675 Romam
731 1647 1013 1681 concurrerent,
1033 1640 1282 1686 viderentque
1302 1642 1485 1682 consules,
1502 1653 1546 1674 ne
1560 1641 1649 1685 quid

181 1690 404 1725 detrimenti
426 1690 549 1734 capiat
568 1699 625 1722 res
643 1688 807 1734 publica,
825 1688 933 1722 initio
947 1688 1042 1723 belli
1059 1689 1195 1723 civilis.
1226 1689 1338 1722 ERN.
1376 1689 1529 1723 Damals
1545 1691 1649 1721 n‘a'm-

181 1738 275 1781 lich,
300 1738 354 1771 als
381 1737 493 1771 casar
519 1736 621 1771 seine
645 1736 784 1770 Armee
816 1735 924 1769 nicht
949 1736 1137 1770 entlassen
1162 1736 1308 1770 wollte.
1360 1754 1403 1760 —-
1454 1747 1517 1771 nec
1542 1748 1651 1770 causa

181 1813 188 1820 .
215 1811 224 1820 .
252 1813 260 1819 .
288 1790 433 1829 tempus.
485 1784 583 1818 Tum
607 1784 789 1831 agebatur
812 1783 859 1818 de
886 1784 967 1817 iure
993 1784 1160 1819 Caesaris
1186 1796 1205 1818 e
1230 1784 1316 1832 lege
1342 1785 1487 1830 populi,
1523 1791 1564 1819 ut
1587 1785 1651 1818 ab-

181 1846 264 1869 sens
291 1834 424 1867 consul
450 1832 573 1867 creari
599 1838 746 1877 posset;
771 1843 870 1865 nunc
898 1832 1028 1880 agitur
1053 1832 1100 1866 de
1125 1832 1204 1877 ipsa
1220 1832 1409 1874 libertate,
1436 1844 1546 1877 quam
1569 1843 1651 1866 ere-

181 1889 289 1928 ptum
316 1888 405 1915 eunt
431 1879 663 1922 Caesariani3
699 1886 737 1913 et
762 1886 841 1914 tum
868 1881 1029 1914 meliora
1054 1886 1236 1925 tempora,
1262 1880 1411 1913 nullum
1435 1881 1649 1925 periculum

179 1929 356 1975 capitisp.
373 1939 472 1962 nunc
499 1928 606 1962 nulla
631 1927 810 1962 securitas
836 1934 891 1962 est
915 1928 1052 1962 Romae
1078 1928 1196 1962 nobis.
1247 1928 1479 1962 ERNESTI.
1540 1930 1651 1962 C‘asar

180 1977 286 2011 hatte
313 1975 383 2009 den
408 1988 553 2024 ganzen
581 1975 696 2010 Senat
719 1987 842 2024 gegen
867 1975 971 2018 sich;
1004 1976 1045 2009 in
1069 1975 1162 2010 Rom
1196 1975 1275 2009 also
1307 1986 1381 2009 nur
1406 1976 1489 2011 eine
1515 1977 1648 2011 Partei.

180 2026 278 2059 Ietzt
302 2023 412 2057 ihrer
437 2024 531 2057 drei.
587 2024 658 2058 Die
693 2024 774 2058 eine
808 2023 1049 2072 begiinstigte
1083 2023 1154 2057 den
1187 2023 1384 2068 Antonius,
1419 2024 1478 2058 die
1510 2024 1649 2058 andere

179 2072 252 2107 den
279 2071 466 2111 Octavius,
493 2072 553 2104 die
578 2071 695 2105 dritte
719 2071 791 2105 den
816 2073 953 2105 Brutus
979 2071 1053 2104 und
1079 2070 1210 2105 dessen
1226 2071 1390 2119 Anhang
1414 2072 1488 2105 und
1518 2071 1648 2106 Sache.

178 2120 309 2154 Mehre
336 2119 524 2153 Consulen
549 2130 678 2153 waren
706 2119 824 2153 sehon
859 2118 1136 2167 weg-geschafft
1172 2119 1249 2152 und
1282 2119 1352 2153 der
1375 2120 1467 2154 Rest
1497 2120 1649 2154 bestand

177 2181 242 2202 aus
267 2167 529 2202 Biisewichten
555 2167 649 2200 oder
672 2166 1017 2212 Schwachkopfen.
1041 2187 1084 2193 —-
1110 2168 1344 2202 Marcellum.
1369 2167 1407 2201 S.
1434 2181 1482 2201 zu
1508 2180 1566 2214 ep.
1580 2170 1650 2204 216

179 2216 232 2249 im
260 2216 346 2250 Ans.
376 2234 418 2240 --
468 2225 592 2248 coram
617 2216 848 2257 odorandum,
873 2216 950 2249 wir
973 2215 1131 2250 werden
1157 2215 1379 2260 pers'onlich
1403 2215 1436 2249 d.
1467 2216 1492 2249 i.
1516 2216 1556 2249 in
1581 2216 1650 2250 ‹ler

177 2263 286 2298 Nahe
309 2263 534 2297 auswittern
560 2262 635 2296 und
663 2263 909 2297 entscheiden
934 2265 1096 2297 miissen.
1136 2281 1177 2287 —
1229 2267 1358 2305 tutone,
1383 2263 1428 2297 da
1455 2275 1541 2297 man
1568 2263 1649 2298 Sol-

178 2312 289 2345 daten
315 2310 414 2344 nach
439 2311 533 2345 Rom
559 2310 735 2345 kommen
759 2311 861 2345 raisst.
910 2312 1020 2345 iatine
1046 2312 1088 2344 R.
1112 2311 1173 2344 Cd.
1192 2311 1232 2344 in
1252 2322 1301 2345 m.
1322 2312 1425 2347 1584.
1454 2312 1650 2348 ORELLI.

177 2379 224 2384 —-
256 2359 355 2393 Novi
379 2370 476 2392 conv.
503 2384 511 2391 .
539 2384 546 2390 .
574 2384 582 2390 .
611 2364 762 2401 movent,
797 2359 857 2392 ‹lie
888 2370 1011 2393 neuen
1044 2359 1405 2407 vertragsm‘assigen
1437 2359 1650 2394 Bewohner

178 2407 430 2452 Campaniens
455 2413 584 2440 setzen
610 2406 713 2439 mich
747 2408 785 2439 in
813 2407 940 2454 einige
967 2407 1145 2449 Unruhe;
1177 2407 1213 2440 d.
1243 2407 1267 2439 i.
1292 2404 1354 2440 die
1379 2418 1448 2441 vor
1473 2408 1648 2455 wenigen

177 2456 308 2502 Tagen
334 2454 373 2487 in
397 2454 470 2488 den
495 2454 600 2502 Ager
627 2456 835 2499 Campanus
868 2466 956 2488 vom
988 2455 1172 2489 Antonius
1210 2454 1514 2503 eingewiesenen
1540 2456 1647 2490 Vete-

178 2514 307 2537 mnen.
361 2501 398 2536 S.
425 2501 592 2547 Philipp.
619 2502 671 2541 ΙΙ,
697 2512 728 2535 c.
748 2504 804 2537 39.
841 2503 937 2536 Not-i
962 2507 1168 2542 conventus,
1203 2502 1265 2536 des
1292 2509 1469 2536 neuesten
1494 2504 1649 2537 Vertra-

178 2562 241 2598 ges
269 2551 302 2583 d.
320 2549 345 2583 i.
371 2550 430 2584 die
455 2549 611 2584 neulich
632 2549 753 2582 durch
774 2550 885 2583 einen
895 2551 1057 2598 Vertrag
1073 2563 1120 2583 zu
1143 2550 1382 2584 Bewohnern
1405 2551 1648 2596 Campaniens

178 2597 354 2645 gemacht
380 2597 476 2632 sind.
530 2617 572 2622 —-
623 2599 820 2641 angustiis,
847 2598 947 2643 quod
973 2599 1046 2631 iam
1074 2609 1195 2643 neque
1231 2598 1271 2631 in
1297 2598 1356 2632 his
1393 2599 1485 2633 locis
1517 2598 1649 2632 videor

177 2653 256 2680 tuto
289 2657 368 2679 esse
403 2657 512 2691 posse
543 2651 702 2690 propter
733 2657 849 2680 novos
876 2646 1104 2680 habitatores
1129 2646 1294 2680 Antonio
1321 2647 1543 2688 benevolos3
1580 2657 1646 2678 ne-

178 2706 250 2738 que
276 2694 417 2728 Romae
445 2700 603 2738 propter
634 2693 777 2727 milites
810 2705 883 2728 non
916 2695 1039 2728 solum
1065 2694 1218 2727 Antonii
1255 2694 1319 2727 sed
1346 2695 1459 2728 etiam
1486 2694 1647 2732 Octavii,

176 2753 335 2785 quorum
362 2742 488 2775 neutri
514 2739 650 2780 σκοπὸς
679 2748 735 2775 est
768 2741 867 2775 salus
906 2742 963 2775 rei
996 2740 1179 2787 publicae.
1229 2743 1426 2776 MANUT.
1477 2741 1559 2774 Vid.
1587 2753 1643 2786 ep.
