<?xml version="1.0" encoding="UTF-8"?>
<!DOCTYPE html PUBLIC "-//W3C//DTD XHTML 1.0 Transitional//EN"
    "http://www.w3.org/TR/xhtml1/DTD/xhtml1-transitional.dtd">
<html xmlns="http://www.w3.org/1999/xhtml" xml:lang="en" lang="en">
 <head>
  <title>
</title>
<meta http-equiv="Content-Type" content="text/html;charset=utf-8" />
  <meta name='ocr-system' content='tesseract 3.04.00' />
  <meta name='ocr-capabilities' content='ocr_page ocr_carea ocr_par ocr_line ocrx_word'/>
</head>
<body>
  <div class='ocr_page' id='page_1' title='image "./epistolaeadattic04ciceuoft_0091.png"; bbox 0 0 1795 3086; ppageno 0'>
   <div class='ocr_carea' id='block_1_1' title="bbox 0 117 38 2275">
    <p class='ocr_par' dir='ltr' id='par_1_1' title="bbox 0 117 38 2275">
     <span class='ocr_line' id='line_1_1' title="bbox 0 117 38 2275; baseline 0 0"><span class='ocrx_word' id='word_1_1' title='bbox 0 117 38 2275; x_wconf 95' lang='lat' dir='ltr'> </span> 
     </span>
    </p>
   </div>
   <div class='ocr_carea' id='block_1_2' title="bbox 439 79 1533 126">
    <p class='ocr_par' dir='ltr' id='par_1_2' title="bbox 439 79 1533 126">
     <span class='ocr_line' id='line_1_2' title="bbox 439 79 1533 126; baseline 0.001 -3"><span class='ocrx_word' id='word_1_2' title='bbox 439 79 753 123; x_wconf 74' lang='lat' dir='ltr'><strong>EPISTOLA</strong></span> <span class='ocrx_word' id='word_1_3' title='bbox 785 80 949 123; x_wconf 88' lang='lat' dir='ltr'>DCCI.</span> <span class='ocrx_word' id='word_1_4' title='bbox 981 79 1169 123; x_wconf 89' lang='lat' dir='ltr'>DCCII.</span> <span class='ocrx_word' id='word_1_5' title='bbox 1279 87 1281 89; x_wconf 84' lang='grc'><strong>’</strong></span> <span class='ocrx_word' id='word_1_6' title='bbox 1475 79 1533 126; x_wconf 80' lang='lat' dir='ltr'>Sl</span> 
     </span>
    </p>
   </div>
   <div class='ocr_carea' id='block_1_3' title="bbox 0 190 1535 370">
    <p class='ocr_par' dir='ltr' id='par_1_3' title="bbox 0 173 1535 370">
     <span class='ocr_line' id='line_1_3' title="bbox 63 190 1534 247; baseline -0.003 -12.193"><span class='ocrx_word' id='word_1_7' title='bbox 63 200 152 235; x_wconf 77' lang='lat' dir='ltr'>tam</span> <span class='ocrx_word' id='word_1_8' title='bbox 200 191 357 234; x_wconf 73' lang='lat' dir='ltr'>villam</span> <span class='ocrx_word' id='word_1_9' title='bbox 407 192 657 245; x_wconf 85' lang='lat' dir='ltr'>cellamque</span> <span class='ocrx_word' id='word_1_10' title='bbox 707 190 899 239; x_wconf 81' lang='lat' dir='ltr'>tradidi3</span> <span class='ocrx_word' id='word_1_11' title='bbox 951 206 1134 247; x_wconf 84' lang='lat' dir='ltr'>eamque</span> <span class='ocrx_word' id='word_1_12' title='bbox 1183 191 1432 246; x_wconf 73' lang='lat' dir='ltr'>cogitabam</span> <span class='ocrx_word' id='word_1_13' title='bbox 1476 191 1534 231; x_wconf 72' lang='lat' dir='ltr'>V.</span> 
     </span>
     <span class='ocr_line' id='line_1_4' title="bbox 0 243 1535 296; baseline -0.002 -7"><span class='ocrx_word' id='word_1_14' title='bbox 0 243 8 296; x_wconf 45' lang='grc' dir='ltr'>ἢ</span> <span class='ocrx_word' id='word_1_15' title='bbox 61 250 172 289; x_wconf 88' lang='lat' dir='ltr'>Idus</span> <span class='ocrx_word' id='word_1_16' title='bbox 202 248 372 289; x_wconf 86' lang='lat' dir='ltr'>videre.</span> <span class='ocrx_word' id='word_1_17' title='bbox 430 247 503 288; x_wconf 87' lang='lat' dir='ltr'>Tu</span> <span class='ocrx_word' id='word_1_18' title='bbox 532 247 709 289; x_wconf 77' lang='lat' dir='ltr'>Atticae</span> <span class='ocrx_word' id='word_1_19' title='bbox 740 246 928 287; x_wconf 83' lang='lat' dir='ltr'>salutem</span> <span class='ocrx_word' id='word_1_20' title='bbox 958 248 1096 290; x_wconf 85' lang='lat' dir='ltr'>dices.</span> <span class='ocrx_word' id='word_1_21' title='bbox 1147 247 1240 289; x_wconf 87' lang='lat' dir='ltr'>Nos</span> <span class='ocrx_word' id='word_1_22' title='bbox 1270 247 1437 289; x_wconf 85' lang='lat' dir='ltr'>Piliam</span> <span class='ocrx_word' id='word_1_23' title='bbox 1466 247 1535 286; x_wconf 80' lang='lat' dir='ltr'>‹li-</span> 
     </span>
     <span class='ocr_line' id='line_1_5' title="bbox 6 302 520 370; baseline -0.008 -24"><span class='ocrx_word' id='word_1_24' title='bbox 6 364 9 370; x_wconf 93' lang='lat'>.</span> <span class='ocrx_word' id='word_1_25' title='bbox 64 306 259 360; x_wconf 83' lang='lat' dir='ltr'>ligenter</span> <span class='ocrx_word' id='word_1_26' title='bbox 287 302 520 345; x_wconf 83' lang='lat' dir='ltr'><strong>tuebimur.</strong></span> 
     </span>
    </p>
   </div>
   <div class='ocr_carea' id='block_1_4' title="bbox 110 477 1490 601">
    <p class='ocr_par' dir='ltr' id='par_1_4' title="bbox 110 477 1490 601">
     <span class='ocr_line' id='line_1_6' title="bbox 262 477 1336 530; baseline -0.003 -6"><span class='ocrx_word' id='word_1_27' title='bbox 262 478 574 524; x_wconf 86' lang='lat' dir='ltr'><strong>EPISTOLA</strong></span> <span class='ocrx_word' id='word_1_28' title='bbox 603 478 794 521; x_wconf 86' lang='lat' dir='ltr'>DCCII.</span> <span class='ocrx_word' id='word_1_29' title='bbox 856 478 932 529; x_wconf 83' lang='lat' dir='ltr'>(ad</span> <span class='ocrx_word' id='word_1_30' title='bbox 961 478 1055 519; x_wconf 84' lang='lat' dir='ltr'>Att.</span> <span class='ocrx_word' id='word_1_31' title='bbox 1085 477 1220 519; x_wconf 83' lang='lat' dir='ltr'>XIV.</span> <span class='ocrx_word' id='word_1_32' title='bbox 1251 481 1336 530; x_wconf 80' lang='lat'>18.)</span> 
     </span>
     <span class='ocr_line' id='line_1_7' title="bbox 110 551 1490 601; baseline -0.001 -11"><span class='ocrx_word' id='word_1_33' title='bbox 110 555 190 590; x_wconf 76' lang='lat' dir='ltr'>scr.</span> <span class='ocrx_word' id='word_1_34' title='bbox 216 555 257 589; x_wconf 78' lang='lat' dir='ltr'>in</span> <span class='ocrx_word' id='word_1_35' title='bbox 282 554 502 601; x_wconf 81' lang='lat' dir='ltr'>Pompeiano</span> <span class='ocrx_word' id='word_1_36' title='bbox 528 566 558 587; x_wconf 77' lang='lat' dir='ltr'>a.</span> <span class='ocrx_word' id='word_1_37' title='bbox 587 552 622 586; x_wconf 86' lang='lat' dir='ltr'>d.</span> <span class='ocrx_word' id='word_1_38' title='bbox 649 553 750 588; x_wconf 80' lang='lat' dir='ltr'>vm.</span> <span class='ocrx_word' id='word_1_39' title='bbox 777 552 820 586; x_wconf 77' lang='lat' dir='ltr'>m</span> <span class='ocrx_word' id='word_1_40' title='bbox 846 551 928 586; x_wconf 64' lang='lat' dir='ltr'>mai.</span> <span class='ocrx_word' id='word_1_41' title='bbox 957 553 1000 586; x_wconf 90' lang='lat' dir='ltr'>A.</span> <span class='ocrx_word' id='word_1_42' title='bbox 1027 551 1070 586; x_wconf 88' lang='lat' dir='ltr'>U.</span> <span class='ocrx_word' id='word_1_43' title='bbox 1099 551 1137 586; x_wconf 88' lang='lat' dir='ltr'>c.</span> <span class='ocrx_word' id='word_1_44' title='bbox 1164 554 1242 586; x_wconf 87' lang='lat'>710.</span> <span class='ocrx_word' id='word_1_45' title='bbox 1275 555 1321 593; x_wconf 74' lang='lat' dir='ltr'>(a.</span> <span class='ocrx_word' id='word_1_46' title='bbox 1349 554 1388 587; x_wconf 79' lang='lat' dir='ltr'>e.</span> <span class='ocrx_word' id='word_1_47' title='bbox 1415 553 1490 596; x_wconf 73' lang='lat'>44.)</span> 
     </span>
    </p>
   </div>
   <div class='ocr_carea' id='block_1_5' title="bbox 9 624 1536 681">
    <p class='ocr_par' dir='ltr' id='par_1_5' title="bbox 9 624 1536 681">
     <span class='ocr_line' id='line_1_8' title="bbox 9 624 1536 681; baseline -0.005 -11"><span class='ocrx_word' id='word_1_48' title='bbox 9 624 11 657; x_wconf 52' lang='lat'>3</span> <span class='ocrx_word' id='word_1_49' title='bbox 63 637 116 670; x_wconf 87' lang='lat' dir='ltr'>De</span> <span class='ocrx_word' id='word_1_50' title='bbox 142 634 333 670; x_wconf 85' lang='lat' dir='ltr'>Dolabella</span> <span class='ocrx_word' id='word_1_51' title='bbox 359 635 402 670; x_wconf 92' lang='lat' dir='ltr'>ob</span> <span class='ocrx_word' id='word_1_52' title='bbox 428 645 509 668; x_wconf 79' lang='lat' dir='ltr'>rem</span> <span class='ocrx_word' id='word_1_53' title='bbox 544 639 686 681; x_wconf 80' lang='lat' dir='ltr'>gestam</span> <span class='ocrx_word' id='word_1_54' title='bbox 719 644 738 666; x_wconf 89' lang='lat' dir='ltr'>a</span> <span class='ocrx_word' id='word_1_55' title='bbox 763 643 800 666; x_wconf 87' lang='lat' dir='ltr'>se</span> <span class='ocrx_word' id='word_1_56' title='bbox 827 632 988 674; x_wconf 82' lang='lat' dir='ltr'>laudato,</span> <span class='ocrx_word' id='word_1_57' title='bbox 1025 631 1070 665; x_wconf 93' lang='lat' dir='ltr'>ob</span> <span class='ocrx_word' id='word_1_58' title='bbox 1102 633 1297 677; x_wconf 83' lang='lat' dir='ltr'>pecuniam</span> <span class='ocrx_word' id='word_1_59' title='bbox 1333 644 1423 666; x_wconf 89' lang='lat' dir='ltr'>vero</span> <span class='ocrx_word' id='word_1_60' title='bbox 1461 643 1536 666; x_wconf 82' lang='lat' dir='ltr'>nou</span> 
     </span>
    </p>
   </div>
   <div class='ocr_carea' id='block_1_6' title="bbox 62 680 1535 727">
    <p class='ocr_par' dir='ltr' id='par_1_6' title="bbox 62 680 1535 727">
     <span class='ocr_line' id='line_1_9' title="bbox 62 680 1535 727; baseline -0.004 -9"><span class='ocrx_word' id='word_1_61' title='bbox 62 684 221 718; x_wconf 79' lang='lat' dir='ltr'>solutam</span> <span class='ocrx_word' id='word_1_62' title='bbox 246 683 391 727; x_wconf 70' lang='lat' dir='ltr'>odins-03</span> <span class='ocrx_word' id='word_1_63' title='bbox 426 683 471 717; x_wconf 86' lang='lat' dir='ltr'>de</span> <span class='ocrx_word' id='word_1_64' title='bbox 504 681 590 715; x_wconf 76' lang='lat' dir='ltr'>aliis</span> <span class='ocrx_word' id='word_1_65' title='bbox 628 681 737 714; x_wconf 84' lang='lat' dir='ltr'>rebus</span> <span class='ocrx_word' id='word_1_66' title='bbox 765 681 965 713; x_wconf 80' lang='lat' dir='ltr'>maximam</span> <span class='ocrx_word' id='word_1_67' title='bbox 994 686 1142 725; x_wconf 82' lang='lat' dir='ltr'>partem</span> <span class='ocrx_word' id='word_1_68' title='bbox 1168 680 1397 715; x_wconf 83' lang='lat' dir='ltr'>domesticis.</span> <span class='ocrx_word' id='word_1_69' title='bbox 1436 681 1535 714; x_wconf 61' lang='lat'>1-4.</span> 
     </span>
    </p>
   </div>
   <div class='ocr_carea' id='block_1_7' title="bbox 174 745 1537 872">
    <p class='ocr_par' dir='ltr' id='par_1_7' title="bbox 174 745 1537 872">
     <span class='ocr_line' id='line_1_10' title="bbox 582 745 1027 781; baseline -0.004 0"><span class='ocrx_word' id='word_1_70' title='bbox 582 747 758 781; x_wconf 86' lang='lat' dir='ltr'>CICERO</span> <span class='ocrx_word' id='word_1_71' title='bbox 785 745 966 781; x_wconf 83' lang='lat' dir='ltr'>ATTICO</span> <span class='ocrx_word' id='word_1_72' title='bbox 994 745 1027 780; x_wconf 88' lang='lat' dir='ltr'>S.</span> 
     </span>
     <span class='ocr_line' id='line_1_11' title="bbox 174 814 1537 872; baseline -0.004 -13"><span class='ocrx_word' id='word_1_73' title='bbox 174 817 358 872; x_wconf 80' lang='lat' dir='ltr'>Saepius</span> <span class='ocrx_word' id='word_1_74' title='bbox 388 830 457 856; x_wconf 86' lang='lat' dir='ltr'>me</span> <span class='ocrx_word' id='word_1_75' title='bbox 487 817 576 857; x_wconf 88' lang='lat' dir='ltr'>iam</span> <span class='ocrx_word' id='word_1_76' title='bbox 606 815 764 868; x_wconf 81' lang='lat' dir='ltr'>agitas,</span> <span class='ocrx_word' id='word_1_77' title='bbox 796 814 914 867; x_wconf 89' lang='lat' dir='ltr'>quod</span> <span class='ocrx_word' id='word_1_78' title='bbox 946 827 1039 854; x_wconf 86' lang='lat' dir='ltr'>rem</span> <span class='ocrx_word' id='word_1_79' title='bbox 1069 818 1240 868; x_wconf 81' lang='lat' dir='ltr'>gestam</span> <span class='ocrx_word' id='word_1_80' title='bbox 1269 814 1537 855; x_wconf 81' lang='lat' dir='ltr'>Dolabellae</span> 
     </span>
    </p>
   </div>
   <div class='ocr_carea' id='block_1_8' title="bbox 11 864 1538 924">
    <p class='ocr_par' dir='ltr' id='par_1_8' title="bbox 11 864 1538 924">
     <span class='ocr_line' id='line_1_12' title="bbox 11 864 1538 924; baseline -0.003 -10"><span class='ocrx_word' id='word_1_81' title='bbox 11 864 12 895; x_wconf 74' lang='lat'>1</span> <span class='ocrx_word' id='word_1_82' title='bbox 63 874 196 914; x_wconf 85' lang='lat' dir='ltr'>nimis</span> <span class='ocrx_word' id='word_1_83' title='bbox 227 874 273 913; x_wconf 91' lang='lat' dir='ltr'>in</span> <span class='ocrx_word' id='word_1_84' title='bbox 303 873 477 913; x_wconf 90' lang='lat' dir='ltr'>caelum</span> <span class='ocrx_word' id='word_1_85' title='bbox 506 871 663 912; x_wconf 86' lang='lat' dir='ltr'>videar</span> <span class='ocrx_word' id='word_1_86' title='bbox 691 870 865 910; x_wconf 89' lang='lat' dir='ltr'>efferre.</span> <span class='ocrx_word' id='word_1_87' title='bbox 919 870 1018 924; x_wconf 80' lang='lat' dir='ltr'>Ego</span> <span class='ocrx_word' id='word_1_88' title='bbox 1060 874 1222 922; x_wconf 84' lang='lat' dir='ltr'>autem,</span> <span class='ocrx_word' id='word_1_89' title='bbox 1274 882 1538 924; x_wconf 85' lang='lat' dir='ltr'>quamquam</span> 
     </span>
    </p>
   </div>
   <div class='ocr_carea' id='block_1_9' title="bbox 64 925 1541 1024">
    <p class='ocr_par' dir='ltr' id='par_1_9' title="bbox 64 925 1541 1024">
     <span class='ocr_line' id='line_1_13' title="bbox 64 925 1539 983; baseline -0.003 -14"><span class='ocrx_word' id='word_1_90' title='bbox 64 942 168 970; x_wconf 87' lang='lat' dir='ltr'>sane</span> <span class='ocrx_word' id='word_1_91' title='bbox 199 929 338 983; x_wconf 86' lang='lat' dir='ltr'>probo</span> <span class='ocrx_word' id='word_1_92' title='bbox 368 927 551 978; x_wconf 81' lang='lat' dir='ltr'>factum,</span> <span class='ocrx_word' id='word_1_93' title='bbox 581 930 743 977; x_wconf 84' lang='lat' dir='ltr'>tamen,</span> <span class='ocrx_word' id='word_1_94' title='bbox 781 930 831 965; x_wconf 82' lang='lat' dir='ltr'>ut</span> <span class='ocrx_word' id='word_1_95' title='bbox 859 929 984 966; x_wconf 82' lang='lat' dir='ltr'>tanto</span> <span class='ocrx_word' id='word_1_96' title='bbox 1016 939 1150 980; x_wconf 88' lang='lat' dir='ltr'>opere</span> <span class='ocrx_word' id='word_1_97' title='bbox 1180 926 1423 977; x_wconf 82' lang='lat' dir='ltr'>laudarem,</span> <span class='ocrx_word' id='word_1_98' title='bbox 1462 925 1539 966; x_wconf 87' lang='lat' dir='ltr'>ad-</span> 
     </span>
     <span class='ocr_line' id='line_1_14' title="bbox 64 980 1541 1024; baseline -0.003 1"><span class='ocrx_word' id='word_1_99' title='bbox 64 985 223 1024; x_wconf 86' lang='lat' dir='ltr'>ductus</span> <span class='ocrx_word' id='word_1_100' title='bbox 253 997 348 1024; x_wconf 91' lang='lat' dir='ltr'>sum</span> <span class='ocrx_word' id='word_1_101' title='bbox 378 983 467 1022; x_wconf 83' lang='lat' dir='ltr'>tuis</span> <span class='ocrx_word' id='word_1_102' title='bbox 499 987 543 1021; x_wconf 85' lang='lat' dir='ltr'>et</span> <span class='ocrx_word' id='word_1_103' title='bbox 573 982 671 1021; x_wconf 88' lang='lat' dir='ltr'>unis</span> <span class='ocrx_word' id='word_1_104' title='bbox 701 986 744 1021; x_wconf 86' lang='lat' dir='ltr'>et</span> <span class='ocrx_word' id='word_1_105' title='bbox 774 981 929 1021; x_wconf 85' lang='lat' dir='ltr'>alteris</span> <span class='ocrx_word' id='word_1_106' title='bbox 961 982 1122 1022; x_wconf 82' lang='lat' dir='ltr'>literis.</span> <span class='ocrx_word' id='word_1_107' title='bbox 1190 980 1280 1022; x_wconf 86' lang='lat' dir='ltr'>Sed</span> <span class='ocrx_word' id='word_1_108' title='bbox 1319 986 1463 1022; x_wconf 90' lang='lat' dir='ltr'>totum</span> <span class='ocrx_word' id='word_1_109' title='bbox 1494 994 1541 1020; x_wconf 86' lang='lat' dir='ltr'>se</span> 
     </span>
    </p>
   </div>
   <div class='ocr_carea' id='block_1_10' title="bbox 8 1037 1542 1099">
    <p class='ocr_par' dir='ltr' id='par_1_10' title="bbox 8 1037 1542 1099">
     <span class='ocr_line' id='line_1_15' title="bbox 8 1037 1542 1099; baseline -0.002 -20"><span class='ocrx_word' id='word_1_110' title='bbox 8 1090 9 1094; x_wconf 12' lang='lat'>¹</span> <span class='ocrx_word' id='word_1_111' title='bbox 64 1053 88 1079; x_wconf 92' lang='lat' dir='ltr'>a</span> <span class='ocrx_word' id='word_1_112' title='bbox 117 1043 160 1079; x_wconf 90' lang='lat' dir='ltr'>te</span> <span class='ocrx_word' id='word_1_113' title='bbox 190 1038 463 1079; x_wconf 73' lang='lat' dir='ltr'>abalienavit</span> <span class='ocrx_word' id='word_1_114' title='bbox 491 1037 749 1087; x_wconf 81' lang='lat' dir='ltr'>Dolabella,</span> <span class='ocrx_word' id='word_1_115' title='bbox 795 1050 846 1077; x_wconf 83' lang='lat' dir='ltr'>ea</span> <span class='ocrx_word' id='word_1_116' title='bbox 875 1037 931 1077; x_wconf 87' lang='lat' dir='ltr'>de</span> <span class='ocrx_word' id='word_1_117' title='bbox 962 1050 1126 1099; x_wconf 30' lang='lat' dir='ltr'>causa&amp;</span> <span class='ocrx_word' id='word_1_118' title='bbox 1150 1051 1239 1090; x_wconf 87' lang='lat' dir='ltr'>qua</span> <span class='ocrx_word' id='word_1_119' title='bbox 1267 1051 1337 1077; x_wconf 87' lang='lat' dir='ltr'>me</span> <span class='ocrx_word' id='word_1_120' title='bbox 1367 1050 1542 1091; x_wconf 87' lang='lat' dir='ltr'>quoque</span> 
     </span>
    </p>
   </div>
   <div class='ocr_carea' id='block_1_11' title="bbox 61 1091 1543 1371">
    <p class='ocr_par' dir='ltr' id='par_1_11' title="bbox 61 1091 1543 1371">
     <span class='ocr_line' id='line_1_16' title="bbox 63 1091 1541 1146; baseline -0.002 -11"><span class='ocrx_word' id='word_1_121' title='bbox 63 1096 150 1135; x_wconf 83' lang='lat' dir='ltr'>sibi</span> <span class='ocrx_word' id='word_1_122' title='bbox 199 1094 558 1134; x_wconf 87' lang='lat' dir='ltr'>inimicissimum</span> <span class='ocrx_word' id='word_1_123' title='bbox 608 1091 821 1133; x_wconf 79' lang='lat' dir='ltr'>reddidit.</span> <span class='ocrx_word' id='word_1_124' title='bbox 909 1092 950 1132; x_wconf 90' lang='lat' dir='ltr'>O</span> <span class='ocrx_word' id='word_1_125' title='bbox 1004 1092 1231 1133; x_wconf 83' lang='lat' dir='ltr'>hommem</span> <span class='ocrx_word' id='word_1_126' title='bbox 1282 1092 1541 1146; x_wconf 82' lang='lat' dir='ltr'>pudentem!</span> 
     </span>
     <span class='ocr_line' id='line_1_17' title="bbox 61 1147 1541 1201; baseline -0.001 -12"><span class='ocrx_word' id='word_1_127' title='bbox 61 1151 166 1190; x_wconf 82' lang='lat' dir='ltr'>Kal.</span> <span class='ocrx_word' id='word_1_128' title='bbox 199 1150 290 1189; x_wconf 84' lang='lat' dir='ltr'>Ian.</span> <span class='ocrx_word' id='word_1_129' title='bbox 322 1148 503 1195; x_wconf 78' lang='lat' dir='ltr'>debuit3</span> <span class='ocrx_word' id='word_1_130' title='bbox 556 1147 704 1188; x_wconf 82' lang='lat' dir='ltr'>adhuc</span> <span class='ocrx_word' id='word_1_131' title='bbox 732 1160 821 1187; x_wconf 90' lang='lat' dir='ltr'>non</span> <span class='ocrx_word' id='word_1_132' title='bbox 851 1148 1002 1193; x_wconf 85' lang='lat' dir='ltr'>solvit,</span> <span class='ocrx_word' id='word_1_133' title='bbox 1044 1149 1302 1200; x_wconf 81' lang='lat' dir='ltr'>praesertim</span> <span class='ocrx_word' id='word_1_134' title='bbox 1332 1162 1465 1201; x_wconf 90' lang='lat' dir='ltr'>quum</span> <span class='ocrx_word' id='word_1_135' title='bbox 1494 1161 1541 1188; x_wconf 87' lang='lat' dir='ltr'>se</span> 
     </span>
     <span class='ocr_line' id='line_1_18' title="bbox 63 1202 1542 1257; baseline -0.001 -12"><span class='ocrx_word' id='word_1_136' title='bbox 63 1205 260 1246; x_wconf 86' lang='lat' dir='ltr'>maximo</span> <span class='ocrx_word' id='word_1_137' title='bbox 290 1218 392 1245; x_wconf 87' lang='lat' dir='ltr'>aere</span> <span class='ocrx_word' id='word_1_138' title='bbox 423 1203 571 1244; x_wconf 82' lang='lat' dir='ltr'>alieno</span> <span class='ocrx_word' id='word_1_139' title='bbox 600 1203 783 1243; x_wconf 85' lang='lat' dir='ltr'>Faberii</span> <span class='ocrx_word' id='word_1_140' title='bbox 822 1216 953 1242; x_wconf 86' lang='lat' dir='ltr'>manu</span> <span class='ocrx_word' id='word_1_141' title='bbox 993 1202 1201 1243; x_wconf 84' lang='lat' dir='ltr'>liberarit</span> <span class='ocrx_word' id='word_1_142' title='bbox 1239 1209 1283 1244; x_wconf 91' lang='lat' dir='ltr'>et</span> <span class='ocrx_word' id='word_1_143' title='bbox 1321 1217 1449 1257; x_wconf 89' lang='lat' dir='ltr'>opem</span> <span class='ocrx_word' id='word_1_144' title='bbox 1488 1205 1542 1243; x_wconf 86' lang='lat' dir='ltr'>ab</span> 
     </span>
     <span class='ocr_line' id='line_1_19' title="bbox 63 1257 1542 1314; baseline -0.003 -12"><span class='ocrx_word' id='word_1_145' title='bbox 63 1275 115 1302; x_wconf 87' lang='lat' dir='ltr'>eo</span> <span class='ocrx_word' id='word_1_146' title='bbox 145 1260 341 1314; x_wconf 87' lang='lat' dir='ltr'>petierit.</span> <span class='ocrx_word' id='word_1_147' title='bbox 398 1259 532 1299; x_wconf 80' lang='lat' dir='ltr'>Licet</span> <span class='ocrx_word' id='word_1_148' title='bbox 563 1259 681 1298; x_wconf 88' lang='lat' dir='ltr'>enim</span> <span class='ocrx_word' id='word_1_149' title='bbox 712 1257 868 1303; x_wconf 85' lang='lat' dir='ltr'>iocari,</span> <span class='ocrx_word' id='word_1_150' title='bbox 899 1272 950 1298; x_wconf 87' lang='lat' dir='ltr'>ne</span> <span class='ocrx_word' id='word_1_151' title='bbox 980 1272 1048 1298; x_wconf 88' lang='lat' dir='ltr'>me</span> <span class='ocrx_word' id='word_1_152' title='bbox 1078 1259 1211 1299; x_wconf 82' lang='lat' dir='ltr'>valde</span> <span class='ocrx_word' id='word_1_153' title='bbox 1236 1260 1542 1299; x_wconf 83' lang='lat' dir='ltr'>conturbatum</span> 
     </span>
     <span class='ocr_line' id='line_1_20' title="bbox 64 1313 1543 1371; baseline -0.001 -15"><span class='ocrx_word' id='word_1_154' title='bbox 64 1321 203 1371; x_wconf 88' lang='lat' dir='ltr'>putes.</span> <span class='ocrx_word' id='word_1_155' title='bbox 260 1316 408 1368; x_wconf 80' lang='lat' dir='ltr'>Atque</span> <span class='ocrx_word' id='word_1_156' title='bbox 439 1328 519 1368; x_wconf 84' lang='lat' dir='ltr'>ego</span> <span class='ocrx_word' id='word_1_157' title='bbox 550 1314 606 1354; x_wconf 88' lang='lat' dir='ltr'>ad</span> <span class='ocrx_word' id='word_1_158' title='bbox 638 1326 735 1353; x_wconf 89' lang='lat' dir='ltr'>eum</span> <span class='ocrx_word' id='word_1_159' title='bbox 764 1325 856 1353; x_wconf 81' lang='lat' dir='ltr'>v111.</span> <span class='ocrx_word' id='word_1_160' title='bbox 870 1313 978 1354; x_wconf 86' lang='lat' dir='ltr'>Idus</span> <span class='ocrx_word' id='word_1_161' title='bbox 1010 1314 1166 1354; x_wconf 81' lang='lat' dir='ltr'>literas</span> <span class='ocrx_word' id='word_1_162' title='bbox 1197 1313 1405 1354; x_wconf 86' lang='lat' dir='ltr'>dederam</span> <span class='ocrx_word' id='word_1_163' title='bbox 1433 1314 1543 1354; x_wconf 87' lang='lat' dir='ltr'>bene</span> 
     </span>
    </p>
   </div>
   <div class='ocr_carea' id='block_1_12' title="bbox 14 1368 1543 1423">
    <p class='ocr_par' dir='ltr' id='par_1_12' title="bbox 14 1368 1543 1423">
     <span class='ocr_line' id='line_1_21' title="bbox 14 1368 1543 1423; baseline -0.003 -10"><span class='ocrx_word' id='word_1_164' title='bbox 14 1378 15 1383; x_wconf 77' lang='grc'>’</span> <span class='ocrx_word' id='word_1_165' title='bbox 65 1385 212 1413; x_wconf 87' lang='lat' dir='ltr'>mane:</span> <span class='ocrx_word' id='word_1_166' title='bbox 263 1371 418 1411; x_wconf 89' lang='lat' dir='ltr'>eodem</span> <span class='ocrx_word' id='word_1_167' title='bbox 452 1373 601 1411; x_wconf 85' lang='lat' dir='ltr'>autem</span> <span class='ocrx_word' id='word_1_168' title='bbox 640 1368 717 1409; x_wconf 89' lang='lat' dir='ltr'>die</span> <span class='ocrx_word' id='word_1_169' title='bbox 756 1372 853 1409; x_wconf 85' lang='lat' dir='ltr'>tuas</span> <span class='ocrx_word' id='word_1_170' title='bbox 884 1370 1041 1410; x_wconf 85' lang='lat' dir='ltr'>literas</span> <span class='ocrx_word' id='word_1_171' title='bbox 1070 1370 1245 1423; x_wconf 87' lang='lat' dir='ltr'>vesperi</span> <span class='ocrx_word' id='word_1_172' title='bbox 1285 1382 1543 1422; x_wconf 83' lang='lat' dir='ltr'>acceperam</span> 
     </span>
    </p>
   </div>
   <div class='ocr_carea' id='block_1_13' title="bbox 68 1423 1546 1480">
    <p class='ocr_par' dir='ltr' id='par_1_13' title="bbox 68 1423 1546 1480">
     <span class='ocr_line' id='line_1_22' title="bbox 68 1423 1546 1480; baseline -0.002 -12"><span class='ocrx_word' id='word_1_173' title='bbox 68 1430 115 1468; x_wconf 91' lang='lat' dir='ltr'>in</span> <span class='ocrx_word' id='word_1_174' title='bbox 143 1427 430 1480; x_wconf 82' lang='lat' dir='ltr'>Pompeiano,</span> <span class='ocrx_word' id='word_1_175' title='bbox 460 1439 565 1466; x_wconf 85' lang='lat' dir='ltr'>sane</span> <span class='ocrx_word' id='word_1_176' title='bbox 596 1423 820 1476; x_wconf 84' lang='lat' dir='ltr'>celeriter,</span> <span class='ocrx_word' id='word_1_177' title='bbox 861 1425 998 1465; x_wconf 87' lang='lat' dir='ltr'>tertio</span> <span class='ocrx_word' id='word_1_178' title='bbox 1030 1425 1106 1465; x_wconf 84' lang='lat' dir='ltr'>abs</span> <span class='ocrx_word' id='word_1_179' title='bbox 1136 1429 1180 1465; x_wconf 89' lang='lat' dir='ltr'>te</span> <span class='ocrx_word' id='word_1_180' title='bbox 1210 1424 1296 1465; x_wconf 90' lang='lat' dir='ltr'>die.</span> <span class='ocrx_word' id='word_1_181' title='bbox 1354 1424 1458 1469; x_wconf 85' lang='lat' dir='ltr'>Sed,</span> <span class='ocrx_word' id='word_1_182' title='bbox 1496 1429 1546 1465; x_wconf 87' lang='lat' dir='ltr'>ut</span> 
     </span>
    </p>
   </div>
   <div class='ocr_carea' id='block_1_14' title="bbox 10 1479 1544 1591">
    <p class='ocr_par' dir='ltr' id='par_1_14' title="bbox 10 1479 1544 1601">
     <span class='ocr_line' id='line_1_23' title="bbox 10 1479 1544 1535; baseline -0.001 -13"><span class='ocrx_word' id='word_1_183' title='bbox 10 1496 13 1510; x_wconf 66' lang='lat'>¹</span> <span class='ocrx_word' id='word_1_184' title='bbox 67 1483 123 1522; x_wconf 89' lang='lat' dir='ltr'>ad</span> <span class='ocrx_word' id='word_1_185' title='bbox 154 1488 195 1522; x_wconf 91' lang='lat' dir='ltr'>te</span> <span class='ocrx_word' id='word_1_186' title='bbox 226 1496 277 1523; x_wconf 86' lang='lat' dir='ltr'>eo</span> <span class='ocrx_word' id='word_1_187' title='bbox 307 1482 405 1535; x_wconf 87' lang='lat' dir='ltr'>ipso</span> <span class='ocrx_word' id='word_1_188' title='bbox 448 1481 520 1520; x_wconf 89' lang='lat' dir='ltr'>die</span> <span class='ocrx_word' id='word_1_189' title='bbox 560 1479 841 1533; x_wconf 82' lang='lat' dir='ltr'>scripseram,</span> <span class='ocrx_word' id='word_1_190' title='bbox 882 1480 993 1520; x_wconf 85' lang='lat' dir='ltr'>satis</span> <span class='ocrx_word' id='word_1_191' title='bbox 1035 1480 1260 1522; x_wconf 80' lang='lat' dir='ltr'>aculeatas</span> <span class='ocrx_word' id='word_1_192' title='bbox 1299 1479 1356 1520; x_wconf 86' lang='lat' dir='ltr'>ad</span> <span class='ocrx_word' id='word_1_193' title='bbox 1402 1481 1544 1520; x_wconf 86' lang='lat' dir='ltr'>Dola-</span> 
     </span>
     <span class='ocr_line' id='line_1_24' title="bbox 67 1534 1544 1591; baseline -0.002 -12.111"><span class='ocrx_word' id='word_1_194' title='bbox 67 1538 234 1579; x_wconf 82' lang='lat' dir='ltr'>bellam</span> <span class='ocrx_word' id='word_1_195' title='bbox 264 1536 419 1579; x_wconf 85' lang='lat' dir='ltr'>literas</span> <span class='ocrx_word' id='word_1_196' title='bbox 450 1536 579 1578; x_wconf 85' lang='lat' dir='ltr'>dedi:</span> <span class='ocrx_word' id='word_1_197' title='bbox 610 1548 722 1590; x_wconf 86' lang='lat' dir='ltr'>quae</span> <span class='ocrx_word' id='word_1_198' title='bbox 752 1534 793 1577; x_wconf 91' lang='lat' dir='ltr'>si</span> <span class='ocrx_word' id='word_1_199' title='bbox 821 1534 940 1578; x_wconf 90' lang='lat' dir='ltr'>nihil</span> <span class='ocrx_word' id='word_1_200' title='bbox 968 1535 1257 1591; x_wconf 85' lang='lat' dir='ltr'>profecerint,</span> <span class='ocrx_word' id='word_1_201' title='bbox 1295 1539 1401 1590; x_wconf 87' lang='lat' dir='ltr'>puto</span> <span class='ocrx_word' id='word_1_202' title='bbox 1432 1534 1544 1581; x_wconf 84' lang='lat' dir='ltr'>fore,</span> 
     </span>
    </p>
   </div>
   <div class='ocr_carea' id='block_1_15' title="bbox 180 1647 832 1656">
    <p class='ocr_par' dir='ltr' id='par_1_15' title="bbox 180 1647 832 1656">
     <span class='ocr_line' id='line_1_25' title="bbox 180 1647 832 1656; baseline 0 0"><span class='ocrx_word' id='word_1_203' title='bbox 180 1647 832 1656; x_wconf 95' lang='lat' dir='ltr'> </span> 
     </span>
    </p>
   </div>
   <div class='ocr_carea' id='block_1_16' title="bbox 11 1690 1545 1844">
    <p class='ocr_par' dir='ltr' id='par_1_16' title="bbox 11 1690 1545 1844">
     <span class='ocr_line' id='line_1_26' title="bbox 11 1690 1545 1754; baseline -0.001 -12"><span class='ocrx_word' id='word_1_204' title='bbox 11 1690 14 1742; x_wconf 73' lang='lat'>{</span> <span class='ocrx_word' id='word_1_205' title='bbox 69 1707 292 1740; x_wconf 81' lang='lat' dir='ltr'>sententiam</span> <span class='ocrx_word' id='word_1_206' title='bbox 318 1706 442 1751; x_wconf 86' lang='lat' dir='ltr'>suppl.</span> <span class='ocrx_word' id='word_1_207' title='bbox 469 1705 572 1739; x_wconf 86' lang='lat' dir='ltr'>scito.</span> <span class='ocrx_word' id='word_1_208' title='bbox 627 1708 723 1740; x_wconf 86' lang='lat' dir='ltr'>Zum</span> <span class='ocrx_word' id='word_1_209' title='bbox 749 1706 980 1754; x_wconf 80' lang='lat' dir='ltr'>vorhergeh.</span> <span class='ocrx_word' id='word_1_210' title='bbox 1007 1711 1091 1740; x_wconf 79' lang='lat' dir='ltr'>ante</span> <span class='ocrx_word' id='word_1_211' title='bbox 1125 1709 1286 1754; x_wconf 68' lang='lat' dir='ltr'>erg-&#39;ainze</span> <span class='ocrx_word' id='word_1_212' title='bbox 1311 1708 1545 1742; x_wconf 81' lang='lat' dir='ltr'>constituam.</span> 
     </span>
     <span class='ocr_line' id='line_1_27' title="bbox 12 1753 1544 1803; baseline 0.001 -16"><span class='ocrx_word' id='word_1_213' title='bbox 12 1775 14 1779; x_wconf 69' lang='lat'>›</span> <span class='ocrx_word' id='word_1_214' title='bbox 68 1774 113 1779; x_wconf 94' lang='lat'>——</span> <span class='ocrx_word' id='word_1_215' title='bbox 140 1755 289 1797; x_wconf 83' lang='lat' dir='ltr'>cellam,</span> <span class='ocrx_word' id='word_1_216' title='bbox 315 1753 680 1788; x_wconf 81' lang='lat' dir='ltr'>Vorrathskammer.</span> <span class='ocrx_word' id='word_1_217' title='bbox 707 1754 744 1788; x_wconf 83' lang='lat' dir='ltr'>S.</span> <span class='ocrx_word' id='word_1_218' title='bbox 767 1766 826 1800; x_wconf 90' lang='lat' dir='ltr'>ep.</span> <span class='ocrx_word' id='word_1_219' title='bbox 856 1756 937 1797; x_wconf 84' lang='lat'><strong>697,</strong></span> <span class='ocrx_word' id='word_1_220' title='bbox 965 1755 998 1788; x_wconf 83' lang='lat'>4.</span> <span class='ocrx_word' id='word_1_221' title='bbox 1026 1774 1067 1781; x_wconf 90' lang='lat'>--</span> <span class='ocrx_word' id='word_1_222' title='bbox 1095 1755 1306 1797; x_wconf 77' lang='lat' dir='ltr'>cogitabam</span> <span class='ocrx_word' id='word_1_223' title='bbox 1332 1769 1380 1787; x_wconf 64' lang='lat' dir='ltr'>r:</span> <span class='ocrx_word' id='word_1_224' title='bbox 1407 1757 1544 1803; x_wconf 85' lang='lat' dir='ltr'>cogito.</span> 
     </span>
     <span class='ocr_line' id='line_1_28' title="bbox 13 1801 764 1844; baseline 0 -8"><span class='ocrx_word' id='word_1_225' title='bbox 13 1816 18 1826; x_wconf 71' lang='lat'><em>›</em></span> <span class='ocrx_word' id='word_1_226' title='bbox 70 1823 111 1828; x_wconf 92' lang='lat'><strong>—</strong></span> <span class='ocrx_word' id='word_1_227' title='bbox 145 1803 186 1836; x_wconf 81' lang='lat' dir='ltr'>V.</span> <span class='ocrx_word' id='word_1_228' title='bbox 212 1803 300 1836; x_wconf 75' lang='lat' dir='ltr'>Idus</span> <span class='ocrx_word' id='word_1_229' title='bbox 330 1801 436 1844; x_wconf 61' lang='lat' dir='ltr'>Mai„</span> <span class='ocrx_word' id='word_1_230' title='bbox 462 1814 521 1835; x_wconf 86' lang='lat' dir='ltr'>am</span> <span class='ocrx_word' id='word_1_231' title='bbox 549 1805 604 1839; x_wconf 87' lang='lat' dir='ltr'>ll.</span> <span class='ocrx_word' id='word_1_232' title='bbox 632 1802 764 1840; x_wconf 84' lang='lat' dir='ltr'>dieses,</span> 
     </span>
    </p>
   </div>
   <div class='ocr_carea' id='block_1_17' title="bbox 164 1868 1546 1915">
    <p class='ocr_par' dir='ltr' id='par_1_17' title="bbox 164 1868 1546 1915">
     <span class='ocr_line' id='line_1_29' title="bbox 164 1868 1546 1915; baseline -0.001 -12"><span class='ocrx_word' id='word_1_233' title='bbox 164 1872 195 1903; x_wconf 94' lang='grc'>1.</span> <span class='ocrx_word' id='word_1_234' title='bbox 246 1870 352 1913; x_wconf 82' lang='lat' dir='ltr'>Saep.</span> <span class='ocrx_word' id='word_1_235' title='bbox 379 1895 387 1904; x_wconf 85' lang='lat'>.</span> <span class='ocrx_word' id='word_1_236' title='bbox 415 1895 423 1901; x_wconf 94' lang='lat'>.</span> <span class='ocrx_word' id='word_1_237' title='bbox 451 1868 590 1911; x_wconf 73' lang='lat' dir='ltr'>agitas,</span> <span class='ocrx_word' id='word_1_238' title='bbox 625 1881 694 1915; x_wconf 81' lang='lat' dir='ltr'>gar</span> <span class='ocrx_word' id='word_1_239' title='bbox 726 1882 773 1903; x_wconf 89' lang='lat' dir='ltr'>zu</span> <span class='ocrx_word' id='word_1_240' title='bbox 799 1870 855 1904; x_wconf 86' lang='lat' dir='ltr'>oft</span> <span class='ocrx_word' id='word_1_241' title='bbox 887 1869 1021 1904; x_wconf 80' lang='lat' dir='ltr'>neckst</span> <span class='ocrx_word' id='word_1_242' title='bbox 1054 1870 1113 1904; x_wconf 90' lang='lat' dir='ltr'>Du</span> <span class='ocrx_word' id='word_1_243' title='bbox 1147 1870 1264 1910; x_wconf 84' lang='lat' dir='ltr'>mich,</span> <span class='ocrx_word' id='word_1_244' title='bbox 1309 1870 1456 1905; x_wconf 88' lang='lat' dir='ltr'>machst</span> <span class='ocrx_word' id='word_1_245' title='bbox 1488 1872 1546 1905; x_wconf 80' lang='lat' dir='ltr'>Du</span> 
     </span>
    </p>
   </div>
   <div class='ocr_carea' id='block_1_18' title="bbox 13 1915 1546 2007">
    <p class='ocr_par' dir='ltr' id='par_1_18' title="bbox 13 1915 1546 2007">
     <span class='ocr_line' id='line_1_30' title="bbox 13 1915 1546 1964; baseline 0.002 -15"><span class='ocrx_word' id='word_1_246' title='bbox 13 1941 16 1949; x_wconf 90' lang='lat'>.</span> <span class='ocrx_word' id='word_1_247' title='bbox 70 1917 170 1952; x_wconf 81' lang='lat' dir='ltr'>Dich</span> <span class='ocrx_word' id='word_1_248' title='bbox 197 1916 290 1949; x_wconf 82' lang='lat' dir='ltr'>iiber</span> <span class='ocrx_word' id='word_1_249' title='bbox 315 1915 419 1949; x_wconf 85' lang='lat' dir='ltr'>mich</span> <span class='ocrx_word' id='word_1_250' title='bbox 447 1916 575 1963; x_wconf 78' lang='lat' dir='ltr'>lustig.</span> <span class='ocrx_word' id='word_1_251' title='bbox 632 1935 670 1940; x_wconf 82' lang='lat'>-</span> <span class='ocrx_word' id='word_1_252' title='bbox 721 1928 760 1950; x_wconf 80' lang='lat' dir='ltr'>se</span> <span class='ocrx_word' id='word_1_253' title='bbox 785 1929 807 1950; x_wconf 85' lang='grc' dir='ltr'><em>α</em></span> <span class='ocrx_word' id='word_1_254' title='bbox 834 1922 877 1955; x_wconf 82' lang='lat' dir='ltr'>le,</span> <span class='ocrx_word' id='word_1_255' title='bbox 914 1916 1000 1950; x_wconf 80' lang='lat' dir='ltr'>sch.</span> <span class='ocrx_word' id='word_1_256' title='bbox 1028 1919 1122 1952; x_wconf 85' lang='lat' dir='ltr'>Liin.</span> <span class='ocrx_word' id='word_1_257' title='bbox 1149 1918 1313 1952; x_wconf 54' lang='lat' dir='ltr'>deErn.</span> <span class='ocrx_word' id='word_1_258' title='bbox 1339 1931 1436 1964; x_wconf 88' lang='lat' dir='ltr'>susp.</span> <span class='ocrx_word' id='word_1_259' title='bbox 1466 1924 1500 1952; x_wconf 82' lang='lat' dir='ltr'>te</span> <span class='ocrx_word' id='word_1_260' title='bbox 1526 1930 1546 1952; x_wconf 83' lang='grc' dir='ltr'><em>α</em></span> 
     </span>
     <span class='ocr_line' id='line_1_31' title="bbox 19 1964 1546 2007; baseline 0.001 -9"><span class='ocrx_word' id='word_1_261' title='bbox 19 1992 20 2001; x_wconf 66' lang='grc'>,</span> <span class='ocrx_word' id='word_1_262' title='bbox 68 1977 120 1999; x_wconf 83' lang='lat' dir='ltr'>se.</span> <span class='ocrx_word' id='word_1_263' title='bbox 161 1964 355 1998; x_wconf 87' lang='lat' dir='ltr'>ORELLI.</span> <span class='ocrx_word' id='word_1_264' title='bbox 404 1964 530 2007; x_wconf 87' lang='lat' dir='ltr'>„Aber</span> <span class='ocrx_word' id='word_1_265' title='bbox 554 1975 632 1996; x_wconf 84' lang='lat' dir='ltr'>nun</span> <span class='ocrx_word' id='word_1_266' title='bbox 658 1964 724 1998; x_wconf 89' lang='lat' dir='ltr'>hat</span> <span class='ocrx_word' id='word_1_267' title='bbox 749 1965 947 1999; x_wconf 86' lang='lat' dir='ltr'>Dolabella</span> <span class='ocrx_word' id='word_1_268' title='bbox 984 1966 1088 1999; x_wconf 88' lang='lat' dir='ltr'>seine</span> <span class='ocrx_word' id='word_1_269' title='bbox 1121 1967 1235 2001; x_wconf 87' lang='lat' dir='ltr'>Liebe</span> <span class='ocrx_word' id='word_1_270' title='bbox 1272 1967 1332 2000; x_wconf 88' lang='lat' dir='ltr'>bei</span> <span class='ocrx_word' id='word_1_271' title='bbox 1364 1969 1434 2001; x_wconf 83' lang='lat' dir='ltr'>Dir</span> <span class='ocrx_word' id='word_1_272' title='bbox 1469 1967 1546 2000; x_wconf 85' lang='lat' dir='ltr'>ein-</span> 
     </span>
    </p>
   </div>
   <div class='ocr_carea' id='block_1_19' title="bbox 71 2006 1546 2058">
    <p class='ocr_par' dir='ltr' id='par_1_19' title="bbox 71 2006 1546 2058">
     <span class='ocr_line' id='line_1_32' title="bbox 71 2006 1546 2058; baseline 0.001 -13"><span class='ocrx_word' id='word_1_273' title='bbox 71 2013 264 2058; x_wconf 67' lang='lat' dir='ltr'>gebiisst.“</span> <span class='ocrx_word' id='word_1_274' title='bbox 306 2031 349 2037; x_wconf 92' lang='lat'>—</span> <span class='ocrx_word' id='word_1_275' title='bbox 392 2012 578 2055; x_wconf 76' lang='lat' dir='ltr'>pudentem</span> <span class='ocrx_word' id='word_1_276' title='bbox 604 2013 749 2046; x_wconf 83' lang='lat' dir='ltr'>ironice</span> <span class='ocrx_word' id='word_1_277' title='bbox 783 2012 939 2047; x_wconf 84' lang='lat' dir='ltr'>dictum.</span> <span class='ocrx_word' id='word_1_278' title='bbox 991 2006 1330 2057; x_wconf 40' lang='lat' dir='ltr'>impudentem-Cd.</span> <span class='ocrx_word' id='word_1_279' title='bbox 1367 2015 1546 2049; x_wconf 85' lang='lat' dir='ltr'>Tornaes.</span> 
     </span>
    </p>
   </div>
   <div class='ocr_carea' id='block_1_20' title="bbox 15 2060 1548 2158">
    <p class='ocr_par' dir='ltr' id='par_1_20' title="bbox 14 2054 1548 2158">
     <span class='ocr_line' id='line_1_33' title="bbox 70 2060 1548 2097; baseline 0.001 -2.963"><span class='ocrx_word' id='word_1_280' title='bbox 70 2060 232 2094; x_wconf 86' lang='lat' dir='ltr'>Crusell.</span> <span class='ocrx_word' id='word_1_281' title='bbox 258 2061 355 2094; x_wconf 83' lang='lat' dir='ltr'>Iens.</span> <span class='ocrx_word' id='word_1_282' title='bbox 392 2060 475 2093; x_wconf 80' lang='lat' dir='ltr'>Asc.</span> <span class='ocrx_word' id='word_1_283' title='bbox 511 2062 542 2093; x_wconf 88' lang='lat'>1.</span> <span class='ocrx_word' id='word_1_284' title='bbox 590 2060 691 2094; x_wconf 82' lang='lat' dir='ltr'>Crat.</span> <span class='ocrx_word' id='word_1_285' title='bbox 729 2061 855 2094; x_wconf 84' lang='lat' dir='ltr'>Lamb.</span> <span class='ocrx_word' id='word_1_286' title='bbox 890 2061 1139 2095; x_wconf 78' lang='lat' dir='ltr'>Emendatum</span> <span class='ocrx_word' id='word_1_287' title='bbox 1173 2070 1229 2097; x_wconf 83' lang='lat' dir='ltr'>est</span> <span class='ocrx_word' id='word_1_288' title='bbox 1263 2064 1337 2096; x_wconf 87' lang='lat' dir='ltr'>iam</span> <span class='ocrx_word' id='word_1_289' title='bbox 1375 2063 1415 2095; x_wconf 84' lang='lat' dir='ltr'>in</span> <span class='ocrx_word' id='word_1_290' title='bbox 1449 2063 1548 2097; x_wconf 78' lang='lat' dir='ltr'>Crat.</span> 
     </span>
     <span class='ocr_line' id='line_1_34' title="bbox 15 2107 1547 2158; baseline -0.001 -14"><span class='ocrx_word' id='word_1_291' title='bbox 15 2133 17 2144; x_wconf 85' lang='lat'><em>.</em></span> <span class='ocrx_word' id='word_1_292' title='bbox 73 2107 270 2142; x_wconf 81' lang='lat' dir='ltr'>ORELLI.</span> <span class='ocrx_word' id='word_1_293' title='bbox 299 2128 342 2134; x_wconf 89' lang='lat'>--</span> <span class='ocrx_word' id='word_1_294' title='bbox 381 2107 509 2150; x_wconf 83' lang='lat' dir='ltr'>debuit,</span> <span class='ocrx_word' id='word_1_295' title='bbox 546 2115 684 2141; x_wconf 82' lang='lat' dir='ltr'>musste</span> <span class='ocrx_word' id='word_1_296' title='bbox 711 2120 753 2142; x_wconf 84' lang='lat' dir='ltr'>er</span> <span class='ocrx_word' id='word_1_297' title='bbox 778 2109 924 2142; x_wconf 87' lang='lat' dir='ltr'>zahlen.</span> <span class='ocrx_word' id='word_1_298' title='bbox 976 2108 1011 2144; x_wconf 91' lang='lat' dir='ltr'>S.</span> <span class='ocrx_word' id='word_1_299' title='bbox 1045 2109 1080 2142; x_wconf 82' lang='lat' dir='ltr'>d.</span> <span class='ocrx_word' id='word_1_300' title='bbox 1114 2107 1340 2158; x_wconf 49' lang='lat' dir='ltr'>vorigsssr.</span> <span class='ocrx_word' id='word_1_301' title='bbox 1377 2113 1404 2155; x_wconf 83' lang='lat'>§.</span> <span class='ocrx_word' id='word_1_302' title='bbox 1433 2112 1465 2145; x_wconf 87' lang='lat'>5.</span> <span class='ocrx_word' id='word_1_303' title='bbox 1507 2129 1547 2135; x_wconf 93' lang='lat'>-—</span> 
     </span>
    </p>
   </div>
   <div class='ocr_carea' id='block_1_21' title="bbox 16 2150 1549 2202">
    <p class='ocr_par' dir='ltr' id='par_1_21' title="bbox 16 2150 1549 2202">
     <span class='ocr_line' id='line_1_35' title="bbox 16 2150 1549 2202; baseline 0 -13"><span class='ocrx_word' id='word_1_304' title='bbox 16 2150 21 2190; x_wconf 39' lang='grc' dir='ltr'>ἶ</span> <span class='ocrx_word' id='word_1_305' title='bbox 68 2161 247 2199; x_wconf 69' lang='lat' dir='ltr'>praeseri.</span> <span class='ocrx_word' id='word_1_306' title='bbox 275 2167 378 2199; x_wconf 80' lang='lat' dir='ltr'>quum</span> <span class='ocrx_word' id='word_1_307' title='bbox 403 2162 486 2197; x_wconf 66' lang='lat' dir='ltr'>cet,</span> <span class='ocrx_word' id='word_1_308' title='bbox 520 2155 698 2200; x_wconf 82' lang='lat' dir='ltr'>obgleich</span> <span class='ocrx_word' id='word_1_309' title='bbox 724 2156 824 2190; x_wconf 88' lang='lat' dir='ltr'>noch</span> <span class='ocrx_word' id='word_1_310' title='bbox 849 2156 1055 2190; x_wconf 80' lang='lat' dir='ltr'>obendrein</span> <span class='ocrx_word' id='word_1_311' title='bbox 1081 2151 1258 2202; x_wconf 72' lang='lat' dir='ltr'>Faberius</span> <span class='ocrx_word' id='word_1_312' title='bbox 1283 2159 1353 2192; x_wconf 88' lang='lat' dir='ltr'>mit</span> <span class='ocrx_word' id='word_1_313' title='bbox 1380 2157 1549 2192; x_wconf 84' lang='lat' dir='ltr'>etlichen</span> 
     </span>
    </p>
   </div>
   <div class='ocr_carea' id='block_1_22' title="bbox 73 2203 1549 2254">
    <p class='ocr_par' dir='ltr' id='par_1_22' title="bbox 73 2203 1549 2254">
     <span class='ocr_line' id='line_1_36' title="bbox 73 2203 1549 2254; baseline 0.002 -18"><span class='ocrx_word' id='word_1_314' title='bbox 73 2203 367 2237; x_wconf 77' lang='lat' dir='ltr'>Federstrichen</span> <span class='ocrx_word' id='word_1_315' title='bbox 392 2203 467 2236; x_wconf 89' lang='lat' dir='ltr'>und</span> <span class='ocrx_word' id='word_1_316' title='bbox 493 2203 563 2236; x_wconf 88' lang='lat' dir='ltr'>mit</span> <span class='ocrx_word' id='word_1_317' title='bbox 590 2204 703 2238; x_wconf 83' lang='lat' dir='ltr'>Hiilfe</span> <span class='ocrx_word' id='word_1_318' title='bbox 729 2204 796 2238; x_wconf 85' lang='lat' dir='ltr'>der</span> <span class='ocrx_word' id='word_1_319' title='bbox 822 2204 981 2238; x_wconf 79' lang='lat' dir='ltr'>G&#39;o‘ttinn</span> <span class='ocrx_word' id='word_1_320' title='bbox 1008 2205 1081 2248; x_wconf 90' lang='lat' dir='ltr'>Ops</span> <span class='ocrx_word' id='word_1_321' title='bbox 1117 2206 1199 2239; x_wconf 85' lang='lat' dir='ltr'>ihm</span> <span class='ocrx_word' id='word_1_322' title='bbox 1235 2206 1298 2240; x_wconf 84' lang='lat' dir='ltr'>die</span> <span class='ocrx_word' id='word_1_323' title='bbox 1329 2206 1549 2254; x_wconf 80' lang='lat' dir='ltr'>ungeheure</span> 
     </span>
    </p>
   </div>
   <div class='ocr_carea' id='block_1_23' title="bbox 17 2246 1548 2299">
    <p class='ocr_par' dir='ltr' id='par_1_23' title="bbox 17 2246 1548 2299">
     <span class='ocr_line' id='line_1_37' title="bbox 17 2246 1548 2299; baseline 0.001 -16"><span class='ocrx_word' id='word_1_324' title='bbox 17 2252 22 2294; x_wconf 49' lang='grc' dir='ltr'>,ᾗ</span> <span class='ocrx_word' id='word_1_325' title='bbox 73 2251 338 2285; x_wconf 83' lang='lat' dir='ltr'>Schuldenlast</span> <span class='ocrx_word' id='word_1_326' title='bbox 362 2250 534 2284; x_wconf 89' lang='lat' dir='ltr'>abnahm.</span> <span class='ocrx_word' id='word_1_327' title='bbox 584 2253 730 2297; x_wconf 83' lang='lat' dir='ltr'>Nempe</span> <span class='ocrx_word' id='word_1_328' title='bbox 765 2252 810 2284; x_wconf 89' lang='lat' dir='ltr'>ab</span> <span class='ocrx_word' id='word_1_329' title='bbox 833 2252 999 2286; x_wconf 79' lang='lat' dir='ltr'>Antonio</span> <span class='ocrx_word' id='word_1_330' title='bbox 1032 2246 1229 2288; x_wconf 74' lang='lat' dir='ltr'>Dolabella</span> <span class='ocrx_word' id='word_1_331' title='bbox 1264 2255 1429 2299; x_wconf 79' lang='lat' dir='ltr'>aliquam</span> <span class='ocrx_word' id='word_1_332' title='bbox 1462 2265 1548 2299; x_wconf 82' lang='lat' dir='ltr'>par-</span> 
     </span>
    </p>
   </div>
   <div class='ocr_carea' id='block_1_24' title="bbox 15 2299 1549 2346">
    <p class='ocr_par' dir='ltr' id='par_1_24' title="bbox 15 2299 1549 2346">
     <span class='ocr_line' id='line_1_38' title="bbox 15 2299 1549 2346; baseline 0.001 -15"><span class='ocrx_word' id='word_1_333' title='bbox 15 2325 20 2329; x_wconf 95' lang='lat'>.</span> <span class='ocrx_word' id='word_1_334' title='bbox 73 2305 150 2332; x_wconf 83' lang='lat' dir='ltr'>tem</span> <span class='ocrx_word' id='word_1_335' title='bbox 175 2300 369 2343; x_wconf 85' lang='lat' dir='ltr'>pecuniae,</span> <span class='ocrx_word' id='word_1_336' title='bbox 395 2310 488 2343; x_wconf 89' lang='lat' dir='ltr'>quae</span> <span class='ocrx_word' id='word_1_337' title='bbox 517 2306 596 2333; x_wconf 79' lang='lat' dir='ltr'>erat</span> <span class='ocrx_word' id='word_1_338' title='bbox 621 2299 661 2332; x_wconf 90' lang='lat' dir='ltr'>in</span> <span class='ocrx_word' id='word_1_339' title='bbox 688 2300 775 2344; x_wconf 84' lang='lat' dir='ltr'>Opis</span> <span class='ocrx_word' id='word_1_340' title='bbox 801 2300 896 2341; x_wconf 71' lang='lat' dir='ltr'>aede</span> <span class='ocrx_word' id='word_1_341' title='bbox 917 2300 1094 2344; x_wconf 79' lang='lat' dir='ltr'>reposita,</span> <span class='ocrx_word' id='word_1_342' title='bbox 1131 2309 1340 2346; x_wconf 83' lang='lat' dir='ltr'>acceperat,</span> <span class='ocrx_word' id='word_1_343' title='bbox 1383 2301 1486 2346; x_wconf 85' lang='lat' dir='ltr'>quasi</span> <span class='ocrx_word' id='word_1_344' title='bbox 1512 2300 1549 2333; x_wconf 82' lang='lat' dir='ltr'>id</span> 
     </span>
    </p>
   </div>
   <div class='ocr_carea' id='block_1_25' title="bbox 74 2346 1551 2675">
    <p class='ocr_par' dir='ltr' id='par_1_25' title="bbox 74 2346 1551 2675">
     <span class='ocr_line' id='line_1_39' title="bbox 75 2346 1549 2394; baseline 0.001 -16"><span class='ocrx_word' id='word_1_345' title='bbox 75 2353 172 2379; x_wconf 77' lang='lat' dir='ltr'>esset</span> <span class='ocrx_word' id='word_1_346' title='bbox 196 2346 236 2378; x_wconf 89' lang='lat' dir='ltr'>in</span> <span class='ocrx_word' id='word_1_347' title='bbox 262 2346 427 2380; x_wconf 82' lang='lat' dir='ltr'>Caesaris</span> <span class='ocrx_word' id='word_1_348' title='bbox 455 2347 732 2381; x_wconf 79' lang='lat' dir='ltr'>commentariis</span> <span class='ocrx_word' id='word_1_349' title='bbox 758 2349 956 2392; x_wconf 78' lang='lat' dir='ltr'>scriptum,</span> <span class='ocrx_word' id='word_1_350' title='bbox 993 2356 1081 2391; x_wconf 73' lang='lat' dir='ltr'>quos</span> <span class='ocrx_word' id='word_1_351' title='bbox 1106 2350 1293 2384; x_wconf 86' lang='lat' dir='ltr'>Antonius</span> <span class='ocrx_word' id='word_1_352' title='bbox 1327 2362 1396 2394; x_wconf 85' lang='lat' dir='ltr'>pro</span> <span class='ocrx_word' id='word_1_353' title='bbox 1428 2349 1549 2381; x_wconf 81' lang='lat' dir='ltr'>lubitu</span> 
     </span>
     <span class='ocr_line' id='line_1_40' title="bbox 76 2387 1548 2441; baseline 0.003 -16"><span class='ocrx_word' id='word_1_354' title='bbox 76 2393 224 2426; x_wconf 82' lang='lat' dir='ltr'>Faberii</span> <span class='ocrx_word' id='word_1_355' title='bbox 250 2393 393 2426; x_wconf 81' lang='lat' dir='ltr'>scribae</span> <span class='ocrx_word' id='word_1_356' title='bbox 418 2405 530 2426; x_wconf 85' lang='lat' dir='ltr'>manu</span> <span class='ocrx_word' id='word_1_357' title='bbox 554 2395 691 2429; x_wconf 84' lang='lat' dir='ltr'>vitiare</span> <span class='ocrx_word' id='word_1_358' title='bbox 730 2402 766 2429; x_wconf 90' lang='lat' dir='ltr'>et</span> <span class='ocrx_word' id='word_1_359' title='bbox 799 2387 1030 2441; x_wconf 59' lang='lat' dir='ltr'>int-e&#39;rpqlare</span> <span class='ocrx_word' id='word_1_360' title='bbox 1064 2397 1217 2432; x_wconf 81' lang='lat' dir='ltr'>solebat.</span> <span class='ocrx_word' id='word_1_361' title='bbox 1253 2398 1361 2432; x_wconf 81' lang='lat' dir='ltr'>SGH.</span> <span class='ocrx_word' id='word_1_362' title='bbox 1413 2396 1447 2429; x_wconf 89' lang='lat' dir='ltr'>S.</span> <span class='ocrx_word' id='word_1_363' title='bbox 1488 2408 1548 2441; x_wconf 86' lang='lat' dir='ltr'>ep.</span> 
     </span>
     <span class='ocr_line' id='line_1_41' title="bbox 74 2441 1549 2488; baseline 0.001 -13"><span class='ocrx_word' id='word_1_364' title='bbox 74 2442 158 2480; x_wconf 70' lang='lat'>69⁴,</span> <span class='ocrx_word' id='word_1_365' title='bbox 184 2441 218 2474; x_wconf 87' lang='lat'>5.</span> <span class='ocrx_word' id='word_1_366' title='bbox 254 2459 294 2464; x_wconf 94' lang='lat'>--</span> <span class='ocrx_word' id='word_1_367' title='bbox 329 2452 427 2483; x_wconf 82' lang='lat' dir='ltr'>opem</span> <span class='ocrx_word' id='word_1_368' title='bbox 452 2443 496 2475; x_wconf 75' lang='lat' dir='ltr'>ab</span> <span class='ocrx_word' id='word_1_369' title='bbox 524 2454 564 2475; x_wconf 81' lang='lat' dir='ltr'>eo</span> <span class='ocrx_word' id='word_1_370' title='bbox 588 2443 748 2487; x_wconf 82' lang='lat' dir='ltr'>petierit.</span> <span class='ocrx_word' id='word_1_371' title='bbox 792 2442 889 2488; x_wconf 62' lang='lat' dir='ltr'>sem«</span> <span class='ocrx_word' id='word_1_372' title='bbox 915 2455 1012 2488; x_wconf 81' lang='lat' dir='ltr'>susp.</span> <span class='ocrx_word' id='word_1_373' title='bbox 1053 2449 1086 2477; x_wconf 81' lang='lat' dir='ltr'>et</span> <span class='ocrx_word' id='word_1_374' title='bbox 1115 2446 1201 2488; x_wconf 74' lang='lat' dir='ltr'>Opis</span> <span class='ocrx_word' id='word_1_375' title='bbox 1225 2457 1325 2488; x_wconf 81' lang='lat' dir='ltr'>opem</span> <span class='ocrx_word' id='word_1_376' title='bbox 1351 2445 1393 2477; x_wconf 83' lang='lat' dir='ltr'>ab</span> <span class='ocrx_word' id='word_1_377' title='bbox 1421 2455 1462 2477; x_wconf 83' lang='lat' dir='ltr'>eo</span> <span class='ocrx_word' id='word_1_378' title='bbox 1486 2455 1549 2487; x_wconf 82' lang='lat' dir='ltr'>pe-</span> 
     </span>
     <span class='ocr_line' id='line_1_42' title="bbox 77 2485 1546 2538; baseline 0.002 -17"><span class='ocrx_word' id='word_1_379' title='bbox 77 2488 191 2521; x_wconf 82' lang='lat' dir='ltr'>tierit.</span> <span class='ocrx_word' id='word_1_380' title='bbox 233 2488 426 2521; x_wconf 79' lang='lat' dir='ltr'>Dolabella</span> <span class='ocrx_word' id='word_1_381' title='bbox 454 2490 553 2523; x_wconf 90' lang='lat' dir='ltr'>enim</span> <span class='ocrx_word' id='word_1_382' title='bbox 580 2502 663 2524; x_wconf 80' lang='lat' dir='ltr'>aere</span> <span class='ocrx_word' id='word_1_383' title='bbox 696 2491 820 2536; x_wconf 70' lang='lat' dir='ltr'>alieno</span> <span class='ocrx_word' id='word_1_384' title='bbox 855 2485 1009 2524; x_wconf 73' lang='lat' dir='ltr'>06rutus</span> <span class='ocrx_word' id='word_1_385' title='bbox 1043 2503 1151 2536; x_wconf 88' lang='lat' dir='ltr'>opem</span> <span class='ocrx_word' id='word_1_386' title='bbox 1186 2494 1273 2538; x_wconf 85' lang='lat' dir='ltr'>Opis</span> <span class='ocrx_word' id='word_1_387' title='bbox 1309 2493 1332 2526; x_wconf 90' lang='lat' dir='ltr'>i.</span> <span class='ocrx_word' id='word_1_388' title='bbox 1367 2504 1397 2526; x_wconf 84' lang='lat' dir='ltr'>e.</span> <span class='ocrx_word' id='word_1_389' title='bbox 1435 2503 1546 2537; x_wconf 87' lang='lat' dir='ltr'>pecu-</span> 
     </span>
     <span class='ocr_line' id='line_1_43' title="bbox 76 2535 1550 2585; baseline 0.003 -17"><span class='ocrx_word' id='word_1_390' title='bbox 76 2536 178 2568; x_wconf 80' lang='lat' dir='ltr'>niam</span> <span class='ocrx_word' id='word_1_391' title='bbox 206 2535 245 2567; x_wconf 89' lang='lat' dir='ltr'>in</span> <span class='ocrx_word' id='word_1_392' title='bbox 273 2535 352 2569; x_wconf 86' lang='lat' dir='ltr'>eius</span> <span class='ocrx_word' id='word_1_393' title='bbox 377 2536 465 2570; x_wconf 88' lang='lat' dir='ltr'>aede</span> <span class='ocrx_word' id='word_1_394' title='bbox 491 2550 511 2570; x_wconf 88' lang='lat' dir='ltr'>a</span> <span class='ocrx_word' id='word_1_395' title='bbox 537 2538 695 2572; x_wconf 85' lang='lat' dir='ltr'>Caesare</span> <span class='ocrx_word' id='word_1_396' title='bbox 721 2538 925 2583; x_wconf 72' lang='lat' dir='ltr'>repositam</span> <span class='ocrx_word' id='word_1_397' title='bbox 943 2550 1025 2579; x_wconf 70' lang='lat' dir='ltr'>,uon</span> <span class='ocrx_word' id='word_1_398' title='bbox 1057 2540 1101 2573; x_wconf 86' lang='lat' dir='ltr'>ab</span> <span class='ocrx_word' id='word_1_399' title='bbox 1134 2541 1214 2585; x_wconf 87' lang='lat' dir='ltr'>ipsa</span> <span class='ocrx_word' id='word_1_400' title='bbox 1246 2540 1313 2573; x_wconf 87' lang='lat' dir='ltr'>dea</span> <span class='ocrx_word' id='word_1_401' title='bbox 1346 2539 1410 2574; x_wconf 83' lang='lat' dir='ltr'>sed</span> <span class='ocrx_word' id='word_1_402' title='bbox 1435 2552 1455 2572; x_wconf 87' lang='lat' dir='ltr'>a</span> <span class='ocrx_word' id='word_1_403' title='bbox 1479 2539 1550 2572; x_wconf 76' lang='lat' dir='ltr'>Fa-</span> 
     </span>
     <span class='ocr_line' id='line_1_44' title="bbox 76 2582 1551 2632; baseline 0.003 -17"><span class='ocrx_word' id='word_1_404' title='bbox 76 2582 181 2617; x_wconf 86' lang='lat' dir='ltr'>berio</span> <span class='ocrx_word' id='word_1_405' title='bbox 222 2583 345 2628; x_wconf 78' lang='lat' dir='ltr'>petiit,</span> <span class='ocrx_word' id='word_1_406' title='bbox 385 2584 450 2626; x_wconf 88' lang='lat' dir='ltr'>qui</span> <span class='ocrx_word' id='word_1_407' title='bbox 489 2585 650 2619; x_wconf 88' lang='lat' dir='ltr'>Antonio</span> <span class='ocrx_word' id='word_1_408' title='bbox 687 2586 839 2620; x_wconf 85' lang='lat' dir='ltr'>iubente</span> <span class='ocrx_word' id='word_1_409' title='bbox 881 2587 921 2618; x_wconf 85' lang='lat' dir='ltr'>in</span> <span class='ocrx_word' id='word_1_410' title='bbox 947 2585 1235 2621; x_wconf 79' lang='lat' dir='ltr'>&#39;commentariis</span> <span class='ocrx_word' id='word_1_411' title='bbox 1268 2588 1363 2621; x_wconf 82' lang='lat' dir='ltr'>falso</span> <span class='ocrx_word' id='word_1_412' title='bbox 1399 2588 1551 2632; x_wconf 78' lang='lat' dir='ltr'>scripsit</span> 
     </span>
     <span class='ocr_line' id='line_1_45' title="bbox 78 2631 1551 2675; baseline 0.003 -13"><span class='ocrx_word' id='word_1_413' title='bbox 78 2631 184 2664; x_wconf 83' lang='lat' dir='ltr'>istam</span> <span class='ocrx_word' id='word_1_414' title='bbox 213 2631 410 2675; x_wconf 83' lang='lat' dir='ltr'>pecuniam</span> <span class='ocrx_word' id='word_1_415' title='bbox 438 2632 650 2667; x_wconf 82' lang='lat' dir='ltr'>Dolabellae</span> <span class='ocrx_word' id='word_1_416' title='bbox 685 2634 830 2668; x_wconf 84' lang='lat' dir='ltr'>donari.</span> <span class='ocrx_word' id='word_1_417' title='bbox 868 2652 908 2658; x_wconf 88' lang='lat'>—</span> <span class='ocrx_word' id='word_1_418' title='bbox 949 2635 1059 2669; x_wconf 73' lang='lat' dir='ltr'><em>VIII.</em></span> <span class='ocrx_word' id='word_1_419' title='bbox 1093 2636 1146 2668; x_wconf 85' lang='lat' dir='ltr'>Id.</span> <span class='ocrx_word' id='word_1_420' title='bbox 1180 2635 1287 2675; x_wconf 71' lang='lat' dir='ltr'>Mai..</span> <span class='ocrx_word' id='word_1_421' title='bbox 1322 2647 1381 2669; x_wconf 86' lang='lat' dir='ltr'>am</span> <span class='ocrx_word' id='word_1_422' title='bbox 1408 2637 1441 2671; x_wconf 82' lang='lat'>8.</span> <span class='ocrx_word' id='word_1_423' title='bbox 1468 2635 1551 2668; x_wconf 85' lang='lat' dir='ltr'>Mai.</span> 
     </span>
    </p>
   </div>
   <div class='ocr_carea' id='block_1_26' title="bbox 8 2678 1554 2758">
    <p class='ocr_par' dir='ltr' id='par_1_26' title="bbox 8 2678 1554 2758">
     <span class='ocr_line' id='line_1_46' title="bbox 8 2678 1554 2758; baseline 0.004 -49"><span class='ocrx_word' id='word_1_424' title='bbox 8 2722 23 2739; x_wconf 29' lang='grc' dir='ltr'><strong>ν</strong></span> <span class='ocrx_word' id='word_1_425' title='bbox 77 2679 238 2758; x_wconf 41' lang='lat' dir='ltr'>{statis</span> <span class='ocrx_word' id='word_1_426' title='bbox 264 2678 464 2722; x_wconf 79' lang='lat' dir='ltr'>aculeatas,</span> <span class='ocrx_word' id='word_1_427' title='bbox 507 2680 691 2715; x_wconf 87' lang='lat' dir='ltr'>ziemlich</span> <span class='ocrx_word' id='word_1_428' title='bbox 726 2680 947 2728; x_wconf 72' lang='lat' dir='ltr'>gestachelt,</span> <span class='ocrx_word' id='word_1_429' title='bbox 982 2682 1092 2716; x_wconf 85' lang='lat' dir='ltr'>einen</span> <span class='ocrx_word' id='word_1_430' title='bbox 1131 2682 1360 2718; x_wconf 87' lang='lat' dir='ltr'>ziemlichen</span> <span class='ocrx_word' id='word_1_431' title='bbox 1386 2683 1554 2717; x_wconf 77' lang='lat' dir='ltr'>stichel-</span> 
     </span>
     <span class='ocr_line' id='line_1_47' title="bbox 104 2737 187 2758; baseline 0.012 -1"><span class='ocrx_word' id='word_1_432' title='bbox 104 2737 158 2758; x_wconf 78' lang='lat' dir='ltr'>rle</span> <span class='ocrx_word' id='word_1_433' title='bbox 178 2751 187 2758; x_wconf 60' lang='lat'><strong>⁴</strong></span> 
     </span>
    </p>
   </div>
   <div class='ocr_carea' id='block_1_27' title="bbox 151 2785 1160 2851">
    <p class='ocr_par' dir='ltr' id='par_1_27' title="bbox 151 2785 1160 2851">
     <span class='ocr_line' id='line_1_48' title="bbox 151 2785 1160 2851; baseline 0.009 -23"><span class='ocrx_word' id='word_1_434' title='bbox 151 2804 213 2830; x_wconf 81' lang='lat' dir='ltr'>Cic.</span> <span class='ocrx_word' id='word_1_435' title='bbox 236 2805 338 2834; x_wconf 60' lang='lat' dir='ltr'>eriere</span> <span class='ocrx_word' id='word_1_436' title='bbox 361 2816 389 2833; x_wconf 85' lang='lat' dir='ltr'>v.</span> <span class='ocrx_word' id='word_1_437' title='bbox 411 2806 534 2833; x_wconf 81' lang='lat' dir='ltr'>Billerb.</span> <span class='ocrx_word' id='word_1_438' title='bbox 570 2806 617 2834; x_wconf 78' lang='lat' dir='ltr'>IV.</span> <span class='ocrx_word' id='word_1_439' title='bbox 980 2844 983 2851; x_wconf 90' lang='lat'>.</span> <span class='ocrx_word' id='word_1_440' title='bbox 1135 2785 1160 2824; x_wconf 78' lang='grc'>6</span> 
     </span>
    </p>
   </div>
  </div>
 </body>
</html>
