1795 3086
465 84 784 129 EPISTOLA
828 83 1174 129 DccoXle.
1472 81 1564 130 361

84 202 222 252 φιλῶν,
263 199 466 240 omnibus
506 197 617 238 meis
655 195 821 237 bellum
860 197 1028 250 primus
1078 194 1236 243 indixi.
1312 193 1441 242 Haec
1479 196 1566 238 etsi

87 255 233 296 adhuc
260 268 349 295 non
379 267 537 308 magno
563 266 696 307 opere
716 252 829 292 mihi
848 254 1008 294 tulisse
1028 252 1224 294 fructum
1243 250 1566 297 animadverto,

85 316 232 352 tamen
262 323 347 350 non
377 311 563 363 despero
594 321 676 349 nec
705 307 990 363 defatigabor
1018 320 1276 363 permanere
1303 320 1392 347 non
1420 307 1567 347 solum

86 368 133 407 in
163 366 312 407 studio
344 366 582 409 libertatis,
613 363 692 405 sed
721 363 855 405 etiam
884 365 930 405 in
960 365 1115 407 labore
1144 368 1189 406 et
1217 363 1446 417 periculis.
1485 362 1567 403 At-

86 427 234 463 tamen
262 422 301 462 si
330 423 463 465 etiam
493 420 648 474 aliqua
690 420 838 474 gloria
874 421 993 461 iusta
1028 425 1074 462 et
1110 420 1269 461 merita
1307 417 1569 473 provocabi-

87 492 187 518 mur
215 482 392 519 senatus
421 480 465 517 et
493 476 651 531 optimi
690 477 905 531 cuiusque
935 475 1127 518 officiis:
1164 474 1334 516 maiore
1363 488 1463 516 cum
1493 487 1568 514 au-

87 534 300 574 ctoritate
328 532 447 587 apud
475 538 653 574 ceteros
683 531 848 573 erimus
878 536 924 574 et
953 546 1005 574 eo
1034 531 1135 587 plus
1164 530 1375 584 prodesse
1404 530 1470 572 rei
1490 544 1571 585 pu-

87 590 230 630 blicae
258 589 518 644 poterimus.
575 588 745 630 Filium
773 592 919 635 tuum,
971 587 1027 629 ad
1055 587 1246 629 Brutum
1284 599 1417 641 quum
1453 586 1571 638 veni,

86 645 243 686 videre
271 658 359 686 non
388 645 529 699 potui,
567 644 670 686 ideo
708 644 827 699 quod
857 645 948 686 iam
977 645 1023 687 in
1052 641 1242 684 hiberna
1280 655 1380 685 eun
1410 640 1575 696 equiti«

87 703 166 742 bus
196 705 294 743 erat
321 700 572 757 profectus:
615 701 712 753 sed,
742 699 917 742 medius
946 699 1100 750 fidius,
1139 711 1192 738 ea
1222 710 1319 739 esse
1348 712 1448 740 eum
1478 697 1574 752 opi-

86 756 219 798 nione
258 762 302 798 ct
340 762 419 799 tua
457 761 501 798 et
530 757 672 812 ipsius
711 760 756 798 et
794 756 842 798 in
879 754 1037 810 primis
1076 767 1176 795 mea
1213 767 1345 796 causa
1383 754 1574 809 gaudeo.

85 813 266 854 Fratris
295 813 415 855 enim
443 814 546 855 loco
576 812 690 855 mihi
720 816 803 865 est,
833 812 911 865 qui
940 823 998 853 ex
1027 813 1074 852 te
1103 814 1233 852 natus
1261 814 1393 866 teque
1416 811 1578 866 dignus

88 872 166 911 est.
224 869 357 911 Vale.
386 869 445 912 D.
476 883 535 912 ιν.
565 868 670 910 Kal.
699 867 815 920 Iun„
844 868 1034 922 Pergae.

87 1057 257 1092 n‘aeimlich
282 1058 345 1093 des
371 1060 420 1092 M.
447 1058 648 1102 Antonius,
674 1057 797 1099 seines
823 1056 988 1092 Bruders
1015 1057 1140 1100 Caius,
1171 1057 1241 1091 der
1265 1056 1406 1091 damals
1432 1057 1579 1099 Pastor,

88 1107 166 1141 und
190 1107 346 1150 Lucius,
372 1106 442 1140 der
466 1106 657 1140 Tribunus
696 1106 819 1151 plebis
846 1116 1022 1153 gewesen
1046 1118 1142 1141 war.
1193 1106 1318 1140 Unter
1347 1105 1582 1149 provinciam

89 1155 138 1189 ist
163 1156 409 1200 quaestorium
442 1164 565 1188 munus
598 1166 646 1188 zu
675 1154 892 1195 verstehen‚
929 1154 994 1187 das
1031 1165 1075 1188 er
1111 1154 1207 1188 ietzt
1239 1153 1465 1201 verl'a'ngert
1500 1153 1580 1187 und

88 1203 161 1236 mit
187 1203 273 1236 dem
299 1203 404 1237 Titel
430 1201 507 1235 und
532 1204 642 1237 Amte
678 1201 781 1236 eines
806 1202 1083 1247 einstweiligen
1109 1202 1358 1247 Propraetors
1383 1201 1580 1250 vereinigt

89 1263 138 1286 zu
163 1251 280 1285 sehen
305 1249 516 1285 wiinschte.
549 1270 592 1276 -
625 1247 788 1294 φιλῶν,
826 1250 991 1295 patriam
1018 1261 1141 1283 meam
1167 1250 1289 1299 magis
1324 1261 1465 1283 amans.
1514 1251 1581 1284 In-

89 1306 245 1348 tegrum
269 1298 459 1333 senarium
485 1299 620 1333 recitat
644 1297 869 1332 Plutarchus
906 1298 944 1332 ἐν
966 1295 1013 1342 τῷ
1039 1295 1231 1331 πολιτικῶν
1255 1294 1579 1344 παραγγελμάτων·

90 1345 207 1392 φιλῶ
238 1344 351 1380 τέκν’
387 1344 502 1380 ἀλλὰ
538 1342 719 1392 πατρίδ’
753 1345 866 1388 ἐμὴν
896 1343 1079 1390 μᾶλλον
1113 1344 1243 1389 φιλῶ.
1281 1346 1347 1381 sed
1386 1352 1584 1380 auctorem

93 1406 168 1429 non
195 1395 377 1430 nominat.
403 1413 452 1419 —-
476 1394 717 1436 defetigabor
739 1394 812 1427 Md.
839 1393 935 1428 Vict.
963 1396 998 1430 2.
1027 1394 1224 1428 ORELLI.
1258 1412 1306 1419 --
1342 1395 1468 1437 aliqua
1493 1395 1580 1437 glo-

91 1443 150 1478 ria
175 1449 266 1486 cet„
292 1442 455 1477 mittelst
480 1442 615 1491 irgend
640 1441 748 1476 einer
773 1441 985 1489 gereehten
1020 1442 1098 1476 und
1131 1442 1357 1477 verdienten
1381 1442 1582 1476 Ehrenbe-

92 1491 272 1539 zeigung.
308 1509 356 1517 --
389 1491 598 1534 provocab„
625 1490 890 1533 excitabimur,
923 1497 965 1525 ut
990 1489 1127 1524 maiori
1153 1491 1276 1525 studio
1310 1490 1369 1525 rei
1404 1490 1582 1535 publicae

91 1540 354 1573 defensionem
378 1539 664 1584 amplectamur,
702 1559 744 1565 —
787 1537 943 1581 officii-9,
969 1538 1095 1573 durch
1119 1538 1585 1574 Freundschaftsbeweise

91 1587 261 1622 abseiten
287 1587 354 1621 des
377 1586 509 1621 Senatu
535 1586 614 1620 und
639 1585 740 1621 iedes
766 1586 972 1621 Patrioten.

188 1656 225 1691 8.
275 1656 314 1689 in
336 1654 491 1689 hiberna
515 1665 611 1688 anno
643 1653 851 1700 superiore,
886 1665 960 1698 quo
993 1653 1178 1689 Lentulus
1211 1653 1256 1688 ad
1280 1655 1440 1690 Brutum
1466 1654 1582 1688 venit.

95 1702 215 1737 MAN
223 1703 298 1737 UT.
347 1705 396 1737 M.
421 1704 559 1737 Brutus
592 1702 696 1737 hatte
721 1702 793 1736 den
818 1701 962 1750 iungen
988 1702 1122 1737 cicero
1155 1713 1231 1737 von
1256 1702 1383 1737 Athen
1417 1715 1465 1736 zu
1500 1702 1586 1736 sich

94 1762 323 1799 genommen
357 1750 434 1784 und
470 1762 556 1784 zum
590 1752 777 1793 Pr'aifectus
811 1751 980 1794 equitum
1023 1757 1196 1785 ernannt.
1255 1752 1334 1786 Der
1368 1752 1484 1791 Vater
1517 1750 1585 1784 sah

95 1799 165 1832 ihn
191 1799 303 1833 nicht
327 1799 493 1842 wieder3
530 1799 620 1833 aber
644 1799 712 1832 der
737 1798 840 1832 Sohn
867 1805 1029 1832 enti-ann
1064 1799 1163 1833 doch
1188 1800 1256 1832 auf
1277 1799 1380 1833 diese
1404 1800 1474 1833 Art
1499 1799 1585 1832 des-

95 1859 160 1881 sen
187 1848 390 1891 Mordern5
423 1859 609 1896 wogegen
636 1847 806 1890 Quintus,
832 1847 946 1881 Vater
971 1846 1046 1879 und
1071 1846 1188 1889 Sohn‚
1222 1847 1294 1882 mit
1318 1850 1466 1881 Marcus
1491 1847 1586 1880 iiber

95 1895 192 1928 kurz
217 1895 345 1929 fielen.
374 1914 418 1919 —
446 1907 488 1929 ea
514 1907 588 1929 esse
613 1895 786 1939 opinione
812 1895 834 1927 i.
863 1906 893 1928 e.
922 1895 1202 1930 existimatione
1229 1902 1266 1930 et
1290 1897 1401 1936 fama,
1433 1895 1516 1928 dass
1542 1906 1586 1927 er

97 1944 136 1975 in
163 1943 317 1977 solcher
331 1943 521 1989 Achtung
545 1943 658 1978 steht.
694 1962 737 1967 —
773 1943 899 1986 ipsius,
925 1943 1009 1976 filii.
1061 1963 1105 1968 —
1156 1944 1227 1978 IV.
1254 1943 1477 1978 Kal.1UN.
1529 1944 1585 1977 De

97 1991 261 2025 Strothii
287 1992 382 2025 coni.
417 1991 506 2026 sch.
533 1992 573 2025 in
599 1991 702 2024 Edit.
730 1992 815 2024 mai.
844 1992 937 2025 Liin.
965 2011 981 2018 -
1017 1993 1112 2026 Non.
1144 1993 1222 2026 Iun.
1267 1996 1345 2033 (am
1379 1995 1412 2028 2.
1439 1991 1586 2032 Iunius)

97 2039 137 2071 F.
166 2038 305 2081 Pergzi.
341 2040 538 2074 ORELLI.
584 2039 800 2074 Strothium
822 2051 911 2074 vere
939 2040 1148 2075 correxisse
1175 2041 1415 2076 manifestum
1451 2045 1507 2074 est
1539 2050 1585 2074 ex

99 2086 381 2134 subscriptione
419 2089 599 2135 epistolae
625 2088 825 2133 sequentis.
853 2087 962 2124 SCH.
