1795 3086
172 82 231 128 74
348 118 351 120 -
447 83 512 125 Μ.
545 83 603 125 Τ.
634 80 978 126 CICERONIS
1008 81 1383 126 EPISTOLAE.

337 195 655 238 EPISTOLA
685 193 951 238 DCXCIX.
1009 195 1088 248 (ad
1117 196 1209 237 Att.
1239 194 1375 238 XIV.
1408 197 1492 245 17.)

269 271 350 306 Sor.
378 272 418 305 in
444 271 668 317 Pompeiano
693 270 755 305 lv,
780 271 879 306 Non,
906 270 989 304 Mai.
1016 270 1059 304 A.
1086 270 1132 304 U.
1159 269 1199 305 c,
1227 273 1308 307 710.
1343 270 1391 312 (a.
1419 270 1459 305 c.
1484 271 1561 314 44.)

353 343 565 390 Respondet
590 342 709 378 Attici
736 342 862 378 literis
887 355 906 377 a
932 342 1131 377 Demetrio
1158 343 1331 388 acceptis.
1368 343 1475 378 1-6.

690 410 868 446 CICERO
894 409 1076 444 ATTICO
1103 409 1141 446 S.

283 478 338 519 In
368 477 688 534 Pompeianum
729 476 835 519 veni
872 477 929 519 V.
960 477 1112 519 Nonas
1143 477 1270 526 Mai„
1318 491 1456 533 quum
1494 476 1656 533 pridie,

173 538 222 577 ut
250 538 379 576 antea
407 535 465 577 ad
493 539 537 576 te
565 533 744 588 scripsi,
780 532 952 575 Piliam
990 534 1037 574 in
1067 534 1267 576 Cumano
1298 533 1653 576 collocavissem.

171 590 244 632 Ibi
271 590 386 633 mihi
416 590 623 633 coenanti
653 590 812 630 literae
840 593 948 631 tuae
981 594 1086 631 sunt
1114 590 1335 643 redditae,
1374 604 1485 645 quas
1523 589 1655 630 dede-

172 661 245 689 ras
274 646 510 690 Demetrio
540 647 703 688 liberto
732 644 851 700 prid.
881 645 999 697 Kal„
1039 645 1087 686 in
1117 645 1276 701 quibus
1313 648 1454 687 multa
1482 645 1655 701 sapien-

172 708 256 750 ter,
295 704 374 746 sed
414 708 562 746 tamen
591 702 718 753 talia,
769 701 1142 756 quemadmodum
1180 705 1274 743 tute
1313 702 1555 754 scribebas,
1606 706 1658 742 ut

171 773 301 801 omne
349 759 590 802 consilium
633 759 682 799 in
729 755 912 799 fortuna
957 756 1153 812 positum
1193 757 1438 800 videretur.
1495 757 1656 813 Itaque

170 815 244 858 his
273 816 330 858 de
360 817 490 857 rebus
529 827 587 857 ex
627 817 828 868 tempore
868 818 914 855 et
949 827 1114 854 coram.
1188 813 1262 855 De
1299 813 1543 855 Buthrotio
1580 827 1656 854 ne-

172 871 311 927 gotio,
362 872 533 914 utinam
581 870 765 926 quidem
814 869 1056 911 Antonium
1108 869 1391 912 conveniam!
1459 868 1657 910 Multum

169 927 372 984 profecto
415 926 668 983 proficiam.
727 925 816 967 Sed
853 939 940 967 non
979 925 1259 968 arbitrantur
1298 940 1413 967 eum-
1436 938 1462 966 a
1503 926 1659 980 Capua

170 984 523 1026 declinaturum:
552 997 642 1038 quo
671 981 868 1037 quidem,
897 985 1059 1028 metuo,
1088 996 1143 1023 ne
1172 995 1333 1036 magno
1364 981 1432 1023 rei
1454 982 1659 1037 publicae

170 1041 290 1083 malo
319 1039 506 1082 venerit.
576 1039 713 1090 Quod
751 1037 872 1080 idem
909 1038 964 1079 L.
1004 1037 1191 1079 Caesari
1230 1038 1481 1085 videbatur,
1526 1051 1657 1093 quem

170 1096 320 1152 pridie
357 1096 550 1151 Neapoli
590 1097 801 1136 affectum
839 1093 1041 1149 graviter
1083 1093 1297 1135 videram.
1356 1094 1657 1144 Quamobrem

170 1154 259 1193 ista
312 1152 443 1193 nobis
490 1153 546 1192 ad
587 1151 692 1192 Kal.
730 1149 827 1190 Iun.
868 1148 1105 1192 tractanda
1144 1153 1190 1191 et
1226 1149 1501 1205 perficienda
1540 1154 1654 1191 sunt.

170 1207 258 1250 Sed
287 1207 519 1251 hactenus.
579 1206 634 1257 Q.
676 1205 803 1247 filius
843 1206 900 1246 ad
938 1211 1111 1262 patrem
1149 1205 1461 1247 acerbissimas
1501 1205 1656 1249 literas

169 1264 308 1311 misit,
346 1277 459 1320 quae
486 1266 592 1305 sunt
621 1263 664 1304 ei
695 1261 917 1311 redditae,
958 1275 1094 1317 quum
1121 1261 1399 1305 venissemus
1442 1263 1490 1303 in
1519 1262 1656 1304 Pom-

170 1320 400 1376 peianum:
429 1333 617 1375 quarum
646 1323 794 1361 tamen
825 1321 921 1359 erat
950 1322 1098 1372 caput,
1138 1317 1371 1373 Aquiliam
1413 1332 1656 1361 novercam

170 1391 259 1418 non
298 1390 393 1419 esse
433 1378 641 1417 laturum.
718 1373 808 1416 Sed
851 1373 942 1414 hoc
980 1374 1217 1415 tolerabile
1266 1373 1484 1424 fortasse3
1533 1374 1655 1417 illud

170 1445 299 1475 vero:
329 1446 404 1480 „se
431 1434 485 1473 ab
517 1432 710 1473 Caesare
739 1429 949 1471 habuisse
980 1429 1143 1483 omnia,
1186 1428 1306 1470 nihil
1346 1444 1374 1472 a
1402 1435 1544 1486 patre,
1586 1445 1655 1471 re-

169 1489 298 1544 liqua
334 1502 516 1543 sperare
561 1489 615 1529 ab
644 1484 871 1528 Antonio“
900 1485 978 1528 -Ξ
1039 1486 1081 1528 Ο
1130 1486 1357 1541 perditum
1406 1486 1654 1528 hominem!

171 1546 259 1589 Sed
287 1544 457 1595 μελήσει.
482 1552 488 1554 ’
513 1544 587 1585 Ad
615 1543 808 1585 Brutum
837 1545 1053 1595 nostrum,
1084 1542 1141 1583 ad
1171 1542 1394 1593 Cassium,
1425 1543 1483 1584 ad
1513 1543 1654 1585 Dola-

268 1709 302 1742 1.
334 1706 379 1743 V.
406 1705 499 1741 Non.
523 1705 624 1748 Mai„
652 1717 713 1739 am
737 1707 777 1741 3.
799 1705 884 1740 Mai.
912 1723 955 1729 —
982 1705 1022 1739 in
1048 1704 1150 1739 Cam.
1177 1705 1317 1748 calloo„
1340 1704 1408 1747 „in
1434 1705 1508 1739 den
1531 1705 1657 1741 Besitz

170 1757 235 1790 des
267 1754 544 1791 Cumanischen
581 1754 676 1788 Guts
714 1754 986 1802 eingewiesen‚
1027 1753 1239 1801 eingesetzt
1268 1753 1414 1788 hatte.“
1460 1753 1499 1790 S.
1529 1755 1656 1802 vor-ig.

169 1807 231 1840 Br.
257 1805 311 1838 im
335 1804 422 1838 Anf.
453 1823 496 1828 -
519 1802 690 1837 coenanti
714 1817 764 1834 z
789 1803 894 1837 inter
921 1813 1065 1846 cenam,
1094 1802 1188 1836 iiber
1213 1801 1342 1836 Tisch.
1371 1820 1412 1826 —-
1439 1801 1537 1846 prid.
1564 1803 1654 1840 Kal.

169 1853 270 1895 Mai„
296 1864 356 1886 am
384 1853 442 1887 30.
468 1851 595 1897 April.
624 1872 667 1877 —
693 1850 877 1895 sapienter
901 1851 1041 1885 suades.
1070 1869 1112 1874 —
1138 1855 1177 1884 ut
1202 1861 1305 1883 omne
1329 1860 1439 1890 con-su,
1466 1850 1547 1885 dass
1573 1851 1655 1899 ieg-

168 1901 298 1935 licher
329 1900 419 1934 Plan
450 1902 516 1933 auf
552 1899 624 1933 den
658 1899 984 1947 Zeitereignissen
1024 1911 1073 1932 zu
1106 1898 1275 1934 beruhen
1307 1898 1467 1933 scheint.
1518 1918 1562 1924 —
1613 1910 1656 1934 ea:

170 1955 294 1994 temp„
320 1948 418 1982 nach
443 1948 656 1982 Erfordern
682 1947 752 1981 der
775 1947 993 1984 Umst'ande.

266 2000 300 2033 2.
349 1997 485 2030 utinam
511 2022 519 2029 .
546 2022 555 2031 .
582 1996 806 2037 conveniam,
847 1995 1006 2039 „konnt'
1038 1994 1102 2028 ich
1136 2006 1214 2031 nur,
1243 1994 1315 2028 den
1346 1994 1535 2029 Antonius
1567 1995 1653 2030 dar-

169 2046 266 2081 iiber
287 2043 525 2091 sprechen!“
575 2044 611 2078 S.
640 2056 697 2089 ep.
723 2046 805 2087 690,
831 2045 864 2079 3.
893 2046 974 2082 691,
1003 2044 1036 2078 2.
1063 2044 1145 2086 692,
1174 2046 1191 2077 1
1219 2055 1254 2076 u.
1282 2056 1311 2078 s.
1337 2055 1387 2078 w.
1418 2062 1456 2069 —
1493 2054 1564 2077 non
1587 2056 1653 2078 ar-

168 2095 254 2128 bitr.
281 2099 365 2136 cet,
391 2093 505 2135 „aber
529 2093 633 2127 seine
659 2094 775 2127 Lente
802 2092 965 2138 glauben
990 2091 1114 2130 nicht,
1135 2091 1224 2125 dass
1251 2103 1294 2125 er
1318 2102 1394 2126 von
1419 2091 1488 2126 der
1509 2091 1653 2126 Sti-asse

169 2142 268 2177 nach
294 2142 420 2187 Capua
443 2141 635 2175 ablenken
659 2141 830 2175 werde.“
878 2140 935 2174 Er
960 2140 1051 2185 ging
1085 2139 1203 2173 dahin
1233 2151 1297 2173 um
1334 2140 1463 2174 Casars
1498 2141 1651 2175 Vetera-

170 2203 246 2225 nen
271 2202 319 2224 zu
345 2190 562 2237 gewinnen,
596 2189 721 2224 denen
748 2189 789 2222 in
814 2188 938 2223 dieser
962 2187 1192 2221 herrlichen
1225 2188 1382 2233 Gegend
1416 2188 1653 2222 L'andereien

170 2238 296 2273 durch
320 2238 434 2272 ienen
458 2236 675 2285 zugetheilt
697 2249 841 2272 waren.
874 2257 918 2263 —
967 2247 1035 2280 quo
1062 2249 1111 2268 z
1137 2247 1249 2280 quem
1275 2237 1315 2269 in
1341 2236 1482 2278 locum,
1508 2237 1653 2280 wohin‚

170 2287 299 2322 dahin.
326 2306 369 2312 —
395 2286 438 2320 L.
466 2285 636 2328 Caesari,
662 2286 727 2331 qui
753 2284 884 2320 consul
910 2286 1035 2318 fuerat
1061 2296 1146 2317 cum
1172 2284 1362 2332 C.Figu10
1387 2297 1417 2318 a.
1446 2297 1481 2317 u.
1509 2297 1542 2320 c.
1569 2287 1651 2321 690.

171 2336 264 2370 Eius
290 2335 432 2370 sororis
456 2334 557 2368 filius
584 2340 665 2368 erat
689 2336 738 2369 M.
765 2333 962 2368 Antonius.
996 2332 1106 2369 SCH.
1167 2333 1305 2367 Dieser
1329 2333 1443 2367 cesar
1472 2344 1554 2367 war
1591 2334 1653 2368 ein

170 2384 334 2431 eifriger
356 2382 584 2417 Aristokrat.
635 2400 679 2408 ·—
729 2382 901 2425 graviter
933 2381 1116 2423 affectum,
1152 2381 1305 2416 schwer
1329 2381 1465 2415 krank.
1514 2382 1653 2424 videre,

171 2432 372 2467 besuchen.
401 2449 444 2457 —
478 2430 552 2465 ista
576 2430 789 2473 Buthrotia,
816 2431 900 2463 iene
927 2429 1244 2477 Angelegenheit.
1285 2448 1329 2454 —
1372 2430 1422 2463 ad
1445 2428 1534 2466 Kal.
1560 2430 1653 2470 Iun„

170 2493 217 2514 an
242 2480 434 2515 walchem
458 2479 562 2527 Tage
586 2479 772 2513 Antonius
798 2490 873 2513 von
900 2478 1025 2523 Capua
1050 2477 1196 2512 zuriick
1220 2477 1298 2512 sein
1325 2484 1476 2517 musste,
1506 2490 1571 2512 um
1596 2479 1651 2513 als

172 2529 313 2564 Consul
338 2529 379 2562 in
404 2528 472 2562 der
495 2527 780 2575 Senatssitzung
802 2527 866 2561 des
892 2525 1064 2561 Monaths
1090 2538 1138 2560 zu
1162 2526 1386 2573 pr'a'sidiren.
1428 2526 1466 2561 S.
1493 2538 1552 2573 ep.
1570 2528 1651 2570 694,

175 2579 210 2613 4.
237 2598 279 2604 --
306 2576 379 2611 Sed
401 2576 578 2614 hactenus.
605 2575 738 2610 Forte:
766 2576 840 2610 Sed
862 2575 951 2609 haec
975 2575 1158 2610 hactenus.
1210 2574 1408 2609 ORELLI.

270 2627 305 2661 3.
352 2624 556 2668 Aquiliam,
583 2635 693 2670 quam
726 2623 823 2659 falso
850 2635 1002 2659 rumore
1027 2622 1220 2657 audiverat
1253 2623 1294 2665 Q.
1320 2629 1467 2668 patrem
1493 2633 1651 2658 uxorem

173 2674 312 2708 ducere
337 2673 450 2708 velle.
500 2673 581 2708 cfr.
608 2684 666 2719 ep.
693 2673 775 2708 693.
803 2694 846 2699 —
864 2673 1036 2714 sortasse
1058 2672 1118 2706 sit.
1148 2690 1190 2697 —-
1225 2671 1320 2705 illud
1343 2683 1429 2706 vero
1456 2697 1464 2706 .
1494 2696 1503 2705 .
1531 2697 1540 2706 .
1567 2672 1649 2706 scil.

176 2724 241 2766 qui
266 2721 416 2756 tandem
443 2723 563 2758 feras!
615 2741 658 2747 —
707 2721 849 2765 reliqua
873 2731 968 2765 sper.
994 2721 1039 2754 ab
1065 2720 1167 2762 Ant„
1191 2719 1293 2753 seine
1319 2720 1562 2767 Hoffnungen
1588 2721 1651 2753 fiir

177 2770 239 2806 die
278 2769 451 2807 Zukunft
483 2769 694 2806 beruheten
724 2771 792 2804 auf
823 2770 1021 2806 Antonius.
1074 2786 1116 2794 -—
1168 2767 1238 2803 Sed
1259 2764 1469 2814 μελήσει,
1495 2768 1583 2803 aber
1609 2779 1650 2803 er

1788 699 1795 828 ι

1688 970 1795 1114 ,ᾗ

1786 1115 1795 1338 {¹
