1795 3086
208 90 302 136 '208
484 90 548 135 Μ.
580 91 635 134 Τ.
670 86 1005 133 CICERONIS
1036 89 1406 134 EPISTOLAE.

210 208 331 260 soni,
369 206 442 261 qui
478 205 524 245 in
556 216 654 245 eum
684 201 850 255 primus
880 201 1079 244 invectus
1109 205 1199 256 est,
1245 203 1365 245 nullo
1395 206 1682 256 assentien103

211 278 292 306 nec
318 262 452 313 mihi,
488 260 563 315 qui
592 259 710 300 idem
739 257 965 299 tricesimo
997 263 1096 312 post
1125 258 1200 300 «lie
1240 257 1350 308 feci;
1387 274 1469 302 nec
1496 261 1550 302 P.
1581 262 1681 303 Ser-

209 322 343 368 vilio,
383 318 459 372 qui
489 330 560 358 me
590 319 658 356 est
687 318 967 364 consecutus,
1004 318 1100 355 tuto
1131 315 1176 355 in
1214 320 1416 356 senatum
1451 318 1602 359 venire
1631 319 1680 358 li-

211 382 290 419 cet.
355 373 552 417 Caedem
588 370 702 412 enim
745 369 969 422 gladiator
1004 371 1176 423 quaerit
1212 371 1396 425 eiusque
1433 372 1606 413 initium
1642 387 1678 414 a,

210 435 250 474 d.
286 445 379 473 xm.
419 427 606 471 Kalend.
643 425 801 466 Octob.
839 439 864 466 a
910 438 980 466 me
1028 437 1075 466 se
1119 425 1340 468 facturum
1391 428 1581 480 putavit:
1624 430 1682 470 011

209 501 340 544 quem
369 489 546 541 paratus
584 486 786 529 venerat,
825 494 959 534 quum
999 481 1050 522 in·
1081 482 1184 523 villa
1225 481 1398 523 Metelli
1437 484 1683 538 complures

187 545 302 592 ,dies
334 542 651 583 commentatus
681 540 809 577 esset.
871 535 997 584 Quae
1026 542 1169 578 autem
1199 538 1243 579 in
1272 539 1425 579 lustris
1449 540 1557 580 etin
1578 539 1682 581 vino

208 596 519 641 commentatio
550 593 694 649 potuit
723 589 844 632 esse?
882 592 1033 646 ltaque
1062 594 1261 635 omnibus
1292 599 1359 635 est
1375 594 1518 648 visus,
1548 600 1596 636 ut
1623 597 1681 636 ad

206 662 250 697 te
279 659 406 696 antea
435 651 620 705 scripsi,
659 659 837 689 vomere
866 660 945 688 suo
973 661 1120 698 more,
1160 663 1246 690 non
1283 650 1448 692 dicere.
1518 649 1682 703 Quare,

206 711 320 767 quod
351 708 509 750 scribis
545 710 590 746 te
622 703 847 744 confidere
883 704 1149 745 auctoritate
1177 710 1221 745 et
1251 706 1503 760 eloquentia
1532 711 1683 748 nostra

205 765 371 822 aliquid
408 761 567 819 profici
607 773 758 814 posse,
805 757 1026 810 nonnihil,
1072 764 1121 800 ut
1161 760 1206 800 in
1242 763 1389 802 tantis·
1421 760 1571 815 malis,
1613 766 1682 803 est

205 823 465 881 profectum.
540 816 758 869 Intelligit
796 815 913 855 enim
953 815 1140 869 populus
1186 814 1411 857 Romanus
1451 821 1543 858 tres
1587 831 1682 858 9530

206 879 478 927 consulares,
508 873 608 929 qui,
638 873 761 926 quia,
794 869 936 924 [quae]
969 870 1022 911 de
1053 885 1100 912 re
1131 872 1305 924 publica
1319 873 1426 913 bene
1447 874 1682 923 senserint,

206 939 343 978 libere
378 930 515 975 locuti
552 932 676 978 sunt,
727 930 821 967 tuto
865 927 909 966 in
949 931 1146 967 senatum
1186 928 1338 969 venire
1375 941 1462 969 non
1498 928 1681 982 possint,

202 994 301 1035 Nec
331 995 397 1032 est
426 990 654 1043 praeterea
683 981 802 1039 quod
832 981 1073 1078 quidguam
1101 988 1347 1038 exspectes.
1412 984 1537 1024 Tuus
1566 985 1682 1025 enim

202 1047 477 1090 necessarius
522 1041 747 1083 affinitate
784 1050 898 1078 nova
972 1038 1198 1081 electatur.
1273 1039 1430 1093 Itaque
1469 1039 1558 1079 iam
1597 1053 1683 1080 non

201 1176 300 1210 nullo
328 1173 480 1210 assent„
507 1167 608 1202 ohne
636 1163 717 1198 dass
744 1162 806 1196 ilm
835 1163 892 1195 ein
917 1161 1093 1206 Einziger
1120 1166 1380 1197 unterstiitzte.
1407 1165 1441 1197 S.
1459 1175 1516 1209 ep.
1535 1165 1618 1205 760,
1647 1148 1707 1202 7⁶(

201 1243 243 1249 —
269 1221 354 1265 soci
387 1220 424 1253 in
462 1217 529 1251 der
563 1220 683 1248 ersten
723 1210 999 1257 Philippischen
1032 1210 1133 1244 Rede
1169 1223 1228 1244 am
1257 1212 1288 1246 2.
1314 1211 1542 1256 September.
1569 1232 1612 1238 -
1640 1212 1680 1246 P.

200 1270 360 1307 Servilio
394 1264 549 1301 Isaurici
584 1262 688 1301 filio,
723 1261 783 1305 qui
819 1259 949 1292 consul
982 1259 1104 1292 fuerat
1140 1271 1227 1292 cum
1264 1259 1304 1292 C.
1344 1254 1565 1295 caesarea.
1600 1262 1679 1296 706.

201 1316 404 1354 MANUT.
431 1332 479 1340 -
512 1315 566 1346 est
595 1313 822 1350 consecutas,
857 1307 1018 1341 meinem
1044 1307 1232 1352 Beispiele
1257 1307 1401 1352 folgte5
1433 1308 1598 1342 niimlich
1626 1309 1682 1341 in-

201 1365 384 1402 sectando
419 1372 456 1398 et
489 1358 729 1395 criminando
764 1356 982 1389 Antonium.
1016 1373 1063 1380 —
1105 1356 1319 1397 gladiator,
1360 1355 1425 1389 der
1458 1356 1604 1390 Bandit.
1636 1373 1682 1381 -

202 1415 318 1451 XIII,
345 1412 435 1449 Kal,
465 1411 560 1448 Oct„
596 1418 657 1440 arn
695 1407 751 1441 19.
777 1404 1013 1449 September.
1049 1415 1121 1448 quo
1155 1404 1215 1436 die
1248 1404 1427 1437 Antonius
1461 1405 1682 1438 Ciceronem

201 1467 239 1498 in
274 1468 402 1497 senatu
434 1459 561 1493 adesse
596 1456 752 1489 iusserat
786 1459 841 1492 et,
883 1463 1000 1498 quum
1034 1452 1097 1485 ille
1140 1463 1213 1485 non
1248 1453 1425 1495 venisset,
1465 1452 1681 1486 acerbitatis

201 1513 303 1546 virus
328 1511 369 1544 in
396 1520 480 1542 eum
508 1505 678 1540 oratione
706 1501 900 1542 evomuit,
929 1502 993 1534 cui
1019 1500 1152 1534 Cicero
1180 1498 1315 1533 deinde
1341 1500 1596 1546 Philippicam
1624 1512 1680 1533 se-

202 1560 362 1595 cundam
389 1555 585 1603 opposuit,
612 1563 687 1586 non
713 1550 882 1583 habitam
908 1548 1078 1593 quidem,
1104 1547 1167 1581 sed
1192 1556 1317 1581 tamen
1344 1548 1398 1581 ita
1423 1548 1681 1594 compositam,

202 1609 308 1656 quasi
337 1618 418 1640 eam
445 1601 631 1651 postridie
658 1600 734 1633 eius
760 1597 831 1631 diei
858 1598 894 1630 in
921 1603 1052 1631 senatu
1076 1595 1278 1632 habuisset.
1307 1596 1416 1631 SOH.
1441 1615 1488 1622 —
1514 1596 1563 1630 ad
1585 1607 1682 1640 quem

201 1658 283 1692 scil.
310 1656 419 1689 diem.
446 1654 508 1688 Sic
534 1650 611 1685 Md.
638 1648 725 1683 Asc.
755 1649 786 1681 1.
816 1647 914 1679 Crat.
943 1645 1042 1680 Vict.
1068 1646 1101 1680 2.
1134 1644 1270 1679 Bened.
1298 1645 1345 1677 ad
1363 1655 1466 1688 quam
1493 1645 1680 1687 (caedem)

200 1708 318 1751 Neap.
342 1703 475 1738 Lamb.
502 1699 590 1735 sch.
625 1699 725 1732 Liin.
777 1695 829 1727 At
861 1704 964 1737 quam
992 1719 1002 1730 .
1030 1718 1038 1728 .
1066 1694 1101 1725 ..θ
1130 1693 1227 1726 Vict.
1256 1695 1286 1727 1.
1314 1693 1449 1728 Graev.
1477 1693 1573 1726 Ern.
1604 1693 1678 1728 ΟΒ.

201 1773 249 1780 .-.
274 1754 312 1788 εἴη,
338 1752 429 1786 villa
456 1747 610 1784 Caecilii
637 1743 782 1781 Metelli
807 1743 862 1775 Pii
880 1741 1185 1787 Scipionis,.des
1223 1741 1561 1786 Schwiegervaters
1594 1752 1681 1774 vom

202 1802 417 1848 Pompeius,
455 1797 616 1832 welcher
651 1793 749 1828 nach
784 1790 850 1824 der
882 1790 1171 1824 Pharsalischen
1199 1788 1374 1823 Schlacht
1399 1801 1484 1822 zum
1510 1789 1682 1823 Oberbe·

201 1850 424 1885 fehlshaber
450 1847 514 1881 des
539 1842 780 1887 Kriegslieers
807 1839 843 1872 in
862 1839 988 1872 Africa
1016 1845 1174 1872 ernaunt
1198 1836 1279 1870 sich
1307 1837 1466 1870 daselbst
1491 1838 1586 1870 nach
1614 1836 1703 1870 der'

202 1897 387 1933 Schlacht
419 1896 478 1930 bei
514 1894 686 1938 Thapsus
710 1891 779 1923 in’s
803 1889 912 1922 Meer
938 1889 1104 1932 gestiirzt
1128 1885 1251 1928 hatte,
1286 1896 1346 1917 um
1375 1885 1440 1918 der
1465 1885 1680 1930 Gefaugen-

203 1948 327 1981 sclmft
358 1958 403 1979 zu
437 1943 631 1988 entgehen.
682 1937 866 1973 Antonius
900 1947 980 1969 war
1011 1935 1100 1968 ietzt
1125 1935 1176 1968 im
1200 1934 1349 1967 ,Besitze
1377 1934 1445 1966 der
1469 1933 1571 1966 Villa
1599 1933 1679 1966 des-

204 1998 345 2030 selben.
372 2013 416 2019 —
443 1994 627 2026 comment.
652 1991 765 2030 esset,
794 1984 1025 2018 vorbereitet
1050 1983 1175 2024 hatte3
1211 1983 1282 2014 bes.
1311 1981 1376 2014 auf
1399 1981 1459 2014 die
1486 1981 1590 2014 Rede
1616 1992 1678 2026 ge-

204 2055 272 2089 gen
301 2043 449 2078 Cicero.
477 2059 524 2066 —
548 2039 588 2073 in
613 2035 759 2074 lustris,
793 2034 926 2066 mitten
952 2038 1063 2065 unter
1088 2030 1451 2074 Ausschweifungen.
1482 2047 1524 2053 --
1561 2034 1678 2071 antea,

204 2088 360 2132 friiher‚
393 2092 529 2133 iiingst.
558 2105 600 2112 —
635 2094 797 2125 vomere,
830 2082 911 2115 sich
949 2091 992 2113 zu
1027 2077 1258 2121 erbrechen3
1293 2089 1367 2110 was
1398 2078 1479 2123 ihm
1514 2077 1681 2111 einmahl

203 2142 256 2174 als
281 2143 410 2174 Priitor
445 2149 510 2170 vor
543 2135 627 2168 dem
659 2130 890 2166 Remischen
928 2128 1041 2162 Volke
1074 2128 1256 2170 begegnet
1299 2137 1384 2160 war.
1442 2125 1544 2160 Uber
1577 2125 1680 2159 seine

203 2187 464 2224 Trunkenheit
490 2196 517 2218 s.
544 2184 620 2216 bes.
649 2181 709 2214 die
735 2179 868 2213 zweite
895 2176 1148 2221 Philippische
1175 2174 1288 2208 Rode.

254 2243 258 2245 ’
300 2239 334 2273 2,
361 2232 545 2273 nonnihil,
572 2242 644 2264 nur
671 2230 806 2262 Etwas.
834 2244 879 2250 —
913 2228 950 2258 ut
976 2224 1015 2257 in
1043 2228 1067 2256 t.
1094 2224 1196 2263 mal„
1236 2223 1304 2255 wie
1332 2231 1370 2254 es
1396 2221 1432 2254 in
1460 2231 1614 2254 unseret·
1640 2233 1680 2255 so

202 2282 496 2330 ungliicklichen
524 2281 624 2324 Lege
650 2276 758 2310 nicht
783 2273 917 2308 anders
943 2271 1021 2305 sein
1049 2271 1160 2307 kann,
1193 2289 1239 2294 —
1279 2274 1352 2302 tres
1379 2294 1389 2305 .
1419 2292 1429 2301 .
1459 2270 1680 2311 consulares,

203 2336 394 2373 Pisonem,
421 2329 620 2364 Servilium
646 2332 684 2359 et
711 2325 943 2358 Ciceronem.
971 2338 1016 2345 —
1042 2319 1157 2363 [quae]
1184 2330 1224 2351 ex
1250 2318 1406 2361 antiqno
1433 2318 1552 2362 suppl.
1579 2318 1678 2352 Crat.

205 2383 334 2417 Lami).
367 2382 451 2414 Ern.
489 2376 623 2411 Bened.
650 2373 739 2408 sch.
768 2382 839 2405 om.
865 2379 957 2414 qnae
983 2368 1065 2401 Md.
1095 2367 1192 2399 Vict.
1227 2369 1258 2400 1.
1286 2367 1316 2400 2.
1346 2365 1478 2399 Graev.
1507 2366 1570 2409 qm'
1595 2365 1681 2409 quia

206 2433 247 2465 de
281 2442 354 2474 rep.
386 2436 474 2473 quae
508 2426 592 2458 bene
626 2433 645 2455 e
678 2420 774 2456 Gud.
807 2430 861 2464 pr.
895 2415 982 2450 sch.
1009 2416 1046 2449 in
1074 2415 1142 2448 Ed.
1171 2416 1256 2447 mai.
1284 2414 1376 2446 Li'm.
1413 2412 1608 2449 ORELLL
1636 2431 1680 2438 .-

206 2482 292 2513 bene
317 2478 387 2512 mit
411 2473 690 2510 Patriotismus,
716 2469 845 2507 libere,
871 2466 941 2499 mit
959 2462 1285 2507 Freimi‘ithigkeit.
1313 2480 1357 2486 -·
1382 2466 1590 2506 praeterea,
1618 2473 1681 2495 an-

206 2529 290 2562 ders
316 2526 455 2560 woher.
511 2523 625 2556 Notat
658 2518 851 2552 levitatem
886 2519 924 2547 et
960 2512 1203 2546 timiditatem
1237 2511 1394 2544 aliorum
1428 2509 1680 2543 consularium

207 2584 245 2610 et
272 2582 500 2608 senatorum.
524 2588 568 2596 -—
593 2564 838 2605 necessarius,
863 2562 1086 2609 Schwager,
1122 2560 1178 2596 M.
1206 2560 1389 2605 Lepidus,
1422 2558 1483 2603 qui
1511 2568 1678 2590 sororem

207 2628 260 2659 Μ.
281 2624 386 2658 Bruti
405 2631 514 2655 unam
530 2617 694 2653 habebat
711 2615 749 2647 in
770 2611 1035 2652 matrimoni03
1063 2609 1220 2642 alteram
1237 2609 1279 2645 C.
1297 2607 1453 2641 Cassius.
1473 2604 1677 2640 MANU'I‘.

208 2693 252 2698 —-
280 2671 467 2715 affinitate
500 2676 593 2700 nova
628 2666 682 2698 M.
724 2660 898 2700 Antonii,
941 2659 1042 2691 cuius
1074 2657 1191 2690 filiam
1224 2656 1360 2701 Lepidi
1393 2655 1491 2688 filius
1523 2664 1680 2687 uxorem

210 2723 374 2753 duxerat.
406 2718 488 2753 vid,
516 2715 591 2749 Dio
617 2713 714 2748 Cass.
743 2710 847 2743 bibr.
873 2707 1005 2741 XLIV.
1031 2705 1234 2740 MANUT.
1286 2705 1430 2739 Cassius
1449 2700 1523 2735 und
1545 2702 1681 2734 Brutus

210 2772 370 2803 konnten
398 2766 479 2800 sich
504 2765 580 2798 also
605 2773 676 2795 von
704 2769 778 2792 nun
803 2768 848 2790 an
875 2756 940 2789 auf
972 2754 1033 2788 die
1068 2755 1241 2798 Truppen
1275 2752 1342 2785 des.
1376 2749 1538 2795 Lepidus
1572 2748 1680 2782 nicht
