1795 3086
234 115 296 161 50
512 116 573 156 M,
607 116 661 159 Τ,
696 112 1040 157 CICERONIS
1071 112 1444 157 EPISTOLAE.

238 226 357 269 stitit
388 239 517 281 quam
548 225 661 266 haec
721 224 802 276 ati,
834 240 947 282 quae
978 224 1091 266 mihi
1120 225 1334 268 videntur
1361 225 1570 268 habitura
1590 225 1723 269 etiam

237 286 515 326 vetustatem.
583 281 646 322 Et
727 282 850 323 albus
893 281 970 323 hic
1009 285 1078 323 est
1117 283 1394 337 multumque
1432 295 1624 323 mecum:
1666 283 1724 322 ad

238 353 366 395 quem
397 352 424 379 a
454 337 624 377 Vetere
664 336 822 378 literae
861 338 992 379 datae
1031 336 1178 392 pridie
1216 338 1320 380 Kal.
1352 338 1547 391 Ianuar„
1589 351 1723 392 quum

237 410 264 437 a
293 409 341 436 se
373 393 602 434 Caecilius
633 391 1039 435 circumsederetur
1067 397 1113 434 et
1142 394 1231 435 iam
1261 398 1507 445 teneretur,
1547 394 1723 435 venisse

237 465 336 492 cum
378 449 592 490 maximis
630 449 773 504 copiis
812 450 1037 491 Pacorum
1075 449 1322 491 Parthum:
1375 450 1441 492 ita
1486 450 1575 490 sibi
1625 463 1722 491 esse

237 520 334 547 eum
375 509 597 560 ereptum,
641 505 793 546 multis
833 505 927 546 suis
976 505 1173 547 amissis:
1223 506 1270 547 in
1320 520 1408 561 qua
1452 519 1501 546 re
1542 510 1724 546 accusat

236 562 513 604 Volcatium.
571 560 643 601 Ita
670 560 784 601 mihi
813 561 996 602 videtur
1034 561 1206 603 bellum
1245 562 1364 602 illud
1395 563 1573 603 instare.
1632 561 1723 602 Sed

235 617 474 659 Dolabella
515 620 560 658 et
587 615 746 658 Nicias
783 617 996 658 viderint.
1063 616 1192 660 Idem
1231 617 1398 660 Balbus
1436 617 1627 659 meliora
1666 617 1722 658 de

236 675 404 716 Gallia.
464 686 564 714 xxi.
594 672 671 714 die
702 672 858 714 literas
889 672 1106 722 habebat3
1148 675 1394 716 Germanos
1424 674 1618 728 illasque
1646 686 1721 714 na-

234 730 396 781 tiones,
436 743 483 770 re
523 728 677 770 audita
715 729 771 769 de
808 729 1019 779 Caesare,
1061 729 1234 784 legatos
1273 730 1446 772 misisse
1486 730 1544 770 ad
1580 730 1722 770 Aure-

232 786 357 838 lium,
389 786 467 841 qui
496 789 566 826 est
593 786 875 840 praepositus
905 786 960 827 ab
989 783 1160 839 Hirtio,
1196 799 1258 837 se,
1300 787 1420 841 quod
1461 786 1725 841 imperatum

234 844 368 892 esset,
398 855 492 882 esse
521 840 734 882 facturos.
794 841 919 891 Quid
957 841 1166 896 quaeris?
1227 842 1393 883 Omnia
1422 843 1551 897 plena
1580 842 1720 898 pacis,

232 899 370 940 aliter
399 911 452 940 ac
481 896 597 938 mihi
626 895 825 939 Calvena
856 897 1051 939 dixerat.

230 1087 324 1122 stitit
350 1092 395 1121 st.
423 1087 664 1132 praestiterit,
697 1097 734 1120 es
768 1089 869 1121 w'a're
903 1087 1041 1121 besser.
1093 1106 1139 1112 —
1189 1086 1287 1127 haec,
1332 1087 1394 1121 das
1429 1086 1719 1135 gegenw'a'rtige

230 1135 459 1178 Verfahren‚
494 1147 571 1168 was
604 1135 747 1169 meines
784 1134 1012 1169 Bediinkens
1045 1135 1264 1169 ordentlich
1299 1136 1381 1170 sich
1408 1137 1596 1171 einaltern
1632 1135 1666 1169 d.
1695 1136 1717 1167 i.

229 1184 371 1218 immer
395 1193 435 1217 so
463 1182 669 1231 fortgehen
694 1182 808 1218 wird.

324 1257 358 1291 3.
412 1266 436 1290 a
465 1255 598 1302 Vetere
635 1255 658 1289 i.
686 1267 714 1289 e.
749 1256 793 1290 ab
816 1256 981 1291 Antistio
1010 1258 1161 1300 Vetere,
1199 1257 1367 1303 partium
1395 1255 1713 1291 caesarianamm.

230 1303 429 1339 MANUT.
480 1304 585 1338 Uber
609 1305 748 1338 Antist.
775 1306 856 1339 Vet.
883 1318 909 1342 s.
939 1317 996 1351 ep.
1024 1307 1082 1340 90.
1109 1325 1156 1331 —
1178 1306 1277 1350 prid.
1305 1305 1394 1339 Kal.
1420 1306 1516 1342 Ian..
1544 1315 1630 1338 vom
1655 1305 1713 1338 31.

228 1352 452 1389 December.
502 1371 548 1377 --
599 1353 797 1387 Caecilius.
848 1353 889 1396 Q.
925 1353 1138 1388 Caecilium
1179 1355 1350 1394 Bassum,
1393 1354 1458 1398 qui
1492 1351 1747 1398 Pompeium.

226 1403 406 1449 Magnum
431 1408 580 1435 secutus
614 1402 748 1442 fuerat,
786 1402 966 1436 excitasse
1003 1402 1150 1437 bellum
1184 1402 1224 1435 in
1258 1402 1371 1447 Syria
1404 1408 1442 1435 et
1474 1401 1519 1435 ab
1552 1400 1718 1434 Antistio

224 1450 369 1486 Vetere
395 1448 564 1483 Caesaris
590 1449 693 1483 iussu
710 1450 901 1495 Apamene
924 1451 1228 1491 circumsessum,
1253 1457 1391 1492 tamen,
1426 1448 1577 1484 Parthis
1609 1448 1716 1483 auxi-

225 1497 404 1532 liantibus
432 1497 670 1542 maximeque
695 1498 960 1533 Alchandonio
986 1499 1140 1539 Ati-abe,
1177 1499 1369 1534 obsidione
1404 1510 1483 1532 esse
1512 1498 1713 1531 liberatum

224 1546 358 1580 scribit
383 1546 456 1581 Dio
482 1545 570 1578 libr.
598 1546 746 1580 XLVII.
774 1547 975 1581 MANUT.
1020 1547 1077 1581 Cf.
1105 1548 1204 1582 Orat.
1230 1558 1302 1593 pro
1328 1547 1519 1582 Deiotaro.
1547 1564 1588 1571 ——
1619 1545 1712 1580 Vol-

225 1594 372 1628 catium.
421 1593 610 1628 Erw'ahnt
647 1595 749 1629 wird
785 1595 847 1628 ein
879 1595 921 1630 L.
955 1595 1148 1630 Volcatius
1182 1595 1320 1629 Tullus
1358 1595 1404 1629 ad
1436 1594 1583 1629 Divers.
1611 1594 1642 1634 Ι,
1670 1596 1713 1636 13

225 1643 290 1676 ein
322 1642 483 1677 zweiter
518 1641 696 1690 gleiches
728 1643 892 1677 Namens
933 1643 1011 1677 und
1045 1644 1187 1679 Consul
1220 1646 1288 1680 721
1328 1643 1374 1677 ad
1408 1643 1545 1677 Divers
1580 1641 1642 1683 lv,
1677 1643 1708 1676 4.

224 1690 330 1734 xm,
358 1690 414 1724 14.
464 1690 621 1725 Corrad.
648 1702 748 1736 susp.
774 1691 816 1724 L.
845 1691 1006 1726 Statium
1031 1694 1216 1733 Murcum,
1251 1692 1316 1736 qui
1339 1703 1382 1726 eo
1402 1699 1575 1736 tempore
1600 1701 1710 1736 prae-

225 1745 306 1772 erat
331 1737 467 1782 Syriae
493 1737 652 1783 Philipp.
680 1740 732 1781 11,
761 1741 816 1774 12.
845 1739 1042 1774 ORELLI.
1078 1760 1118 1765 —-
1172 1741 1267 1774 illud
1293 1747 1337 1774 st.
1365 1739 1461 1774 illic.
1496 1758 1539 1763 —
1592 1738 1709 1772 Dola-

223 1786 322 1820 bella
354 1787 411 1820 als
437 1793 721 1821 neuernannter
758 1788 965 1822 proconsul
1003 1799 1080 1823 von
1116 1788 1267 1834 Syrien.
1318 1788 1356 1822 S.
1384 1787 1543 1833 Appian.
1570 1787 1640 1820 111.
1666 1805 1706 1810 —

223 1835 369 1877 Nicias,
395 1834 457 1869 ein
483 1834 763 1870 Griechischer
788 1836 1000 1880 Bellen-ist,
1040 1837 1111 1871 der
1135 1837 1207 1871 seit
1232 1837 1394 1870 Kurzem
1421 1836 1481 1869 bei
1508 1835 1709 1870 Dolabella

222 1883 323 1916 lebte
348 1882 426 1915 und
452 1884 538 1916 Viel
565 1884 625 1917 bei
651 1883 733 1918 ihm
759 1885 842 1933 galt
875 1885 952 1919 und
984 1885 1152 1934 folglich
1183 1885 1252 1919 mit
1287 1885 1368 1918 ihm
1394 1884 1435 1917 in
1460 1883 1521 1917 die
1547 1883 1709 1918 Provinz
1780 1901 1781 1906 =

221 1931 345 1965 reisen
376 1931 529 1975 wiirde3
565 1931 700 1966 Cicero
734 1933 842 1966 stelit
880 1933 963 1966 ihm
998 1946 1063 1967 aus
1090 1933 1237 1968 Scherz
1271 1933 1400 1967 diesen
1427 1932 1636 1967 Graeculus
1662 1943 1709 1964 an

221 1978 283 2012 die
310 1979 434 2022 Seite-5
465 1979 560 2014 weil
587 1980 649 2014 ein
676 1980 830 2014 solcher
859 1981 962 2015 Alles
987 1994 1035 2016 zu
1061 1981 1199 2016 wissen
1225 1982 1439 2015 vermeinte
1465 1981 1542 2015 und
1567 1992 1614 2014 zu
1640 1978 1708 2013 Al-

220 2027 299 2060 lem
333 2039 382 2061 zu
415 2028 656 2072 gebrauchen
692 2041 785 2064 war.
837 2028 873 2064 S.
903 2041 961 2075 ep.
987 2031 1070 2072 589,
1099 2032 1131 2065 l.
1157 2029 1234 2064 und
1267 2031 1348 2073 732,
1378 2032 1408 2064 l.
1458 2050 1502 2056 —
1552 2029 1709 2062 meliora
1777 2036 1779 2043 ³

221 2075 383 2117 nuntiat,
409 2083 540 2110 narrat
565 2077 606 2110 de
633 2077 772 2112 Gallia.
825 2077 860 2111 S.
889 2089 947 2124 ep.
975 2080 1055 2119 688,
1081 2080 1114 2114 2.
1141 2097 1184 2102 -
1212 2079 1322 2112 ΧΧΙ.
1350 2078 1409 2111 die
1434 2078 1487 2111 lit.
1515 2076 1609 2116 hab„
1639 2076 1707 2110 der
1775 2110 1777 2116 A

219 2122 339 2166 Brief,
379 2123 454 2158 den
480 2136 524 2158 er
549 2136 625 2159 von
649 2124 778 2160 Daher
802 2125 922 2168 hatte,
959 2137 1042 2160 war
1075 2128 1120 2162 21
1147 2126 1252 2174 Tage
1284 2127 1347 2160 alt.
1399 2126 1470 2161 Die
1496 2125 1706 2173 folgenden
1775 2149 1777 2154 ,

219 2181 338 2205 accus.
367 2183 397 2206 c.
425 2172 494 2206 inf.
520 2172 671 2221 hang-en
697 2184 773 2207 von
799 2174 933 2207 literas
957 2174 1021 2215 ab,
1054 2174 1179 2209 worin
1217 2175 1287 2209 der
1317 2174 1470 2224 Begriff
1497 2174 1583 2208 mit
1615 2173 1706 2207 der
1772 2199 1775 2204 .

219 2218 487 2254 Nachricht
514 2221 709 2256 versteckt
736 2221 842 2266 liegt.
893 2222 1073 2258 Derselbe
1100 2222 1185 2256 Fan
1217 2223 1267 2257 ist
1293 2222 1391 2257 kur-z
1416 2222 1561 2257 vorher
1591 2221 1704 2266 dage·
1772 2259 1773 2262 Ἴ

217 2277 358 2301 wesen.
395 2287 442 2293 -
489 2269 590 2312 illas,
618 2269 678 2304 die
705 2269 889 2318 (lortigen.
929 2290 973 2296 —
1025 2271 1067 2304 de
1093 2271 1258 2305 Caesare
1283 2272 1307 2304 i.
1333 2283 1364 2305 e.
1391 2282 1507 2315 quum
1533 2269 1703 2305 Caesaris
1772 2280 1773 2284 ¹

217 2315 371 2350 caedem
397 2324 637 2366 cognossent.
682 2336 725 2343 —-
777 2314 979 2353 Aurelium.
1030 2319 1132 2355 Wer
1156 2319 1282 2353 dieser
1306 2330 1485 2367 gewesen
1511 2319 1580 2361 sei,
1614 2317 1702 2351 l'asst
1770 2336 1772 2338 -

216 2362 301 2396 sich
327 2363 437 2399 nieht
461 2366 695 2401 ausmitteln.
748 2385 792 2392 --
843 2367 888 2400 ab
913 2367 1040 2401 Hirtio
1077 2369 1117 2400 in
1153 2366 1222 2402 der
1254 2368 1449 2402 Pr'a‘fectur
1475 2378 1550 2401 von
1575 2365 1702 2400 Gallia

216 2411 384 2457 Belgica,
410 2413 470 2448 die
498 2426 554 2458 er,
579 2414 655 2449 wie
684 2426 721 2448 es
748 2415 911 2457 scheint,
950 2427 1038 2450 vom
1064 2416 1177 2451 C'asar
1211 2415 1265 2449 im
1297 2416 1459 2465 vorigen
1492 2414 1606 2449 Iahre
1640 2424 1700 2448 er-

214 2458 347 2494 halten
372 2460 488 2496 hatte.
516 2480 558 2487 —
601 2463 733 2497 Omnia
760 2463 841 2498 scil.
870 2463 921 2507 ibi
947 2470 1034 2498 sunt
1053 2465 1164 2509 plena
1188 2464 1303 2508 pacis.
1336 2483 1383 2490 -
1437 2464 1608 2498 Calvena.
1661 2460 1697 2495 S.

215 2517 270 2552 ep>-
300 2509 380 2552 684,
412 2512 441 2544 l.
470 2512 554 2553 681,
580 2512 612 2547 2.
641 2513 724 2554 680,
755 2514 785 2546 1.
