1795 3086
324 101 640 148 EPISTOLA
670 99 938 144 DCCCXL.
970 97 1266 142 DCCCXLI.
1449 94 1541 142 347

57 216 246 267 Verum,
284 219 335 257 ut
363 229 528 261 errare,
565 213 627 254 mi
657 212 844 263 Plance,
883 212 1095 267 potuisti:
1124 235 1179 242 —
1215 209 1318 266 quis
1348 207 1464 250 enim
1494 208 1543 249 id

58 272 292 327 effugerit?
323 295 376 302 -
418 271 487 313 sic
515 268 667 323 decipi
705 274 750 309 te
781 282 868 309 non
899 271 1099 323 potuisse
1137 268 1238 323 quis
1267 279 1355 308 non
1384 262 1543 305 videt?

59 329 191 370 Nunc
219 341 327 369 vero
358 328 491 368 etiam
530 326 621 366 iam
650 326 820 365 erroris
851 338 985 366 causa
1027 324 1206 366 sublata
1244 327 1325 365 est.
1395 319 1542 373 Culpa

59 386 178 426 enim
208 384 300 430 illa,
332 384 421 424 »bis
450 382 506 423 ad
537 381 767 430 eundem,«
800 381 975 435 vulgari
1004 380 1275 434 reprehensa
1302 376 1545 433 proverbio

60 444 141 482 cst.
203 440 306 486 Sin,
346 444 395 480 ut
434 437 660 493 scripsisti
698 437 757 477 ad
801 437 1051 490 collegam,
1088 436 1156 477 ita
1195 449 1242 477 se
1281 447 1353 476 res
1392 431 1545 482 habet,

60 496 180 537 omni
212 509 317 536 cura
347 494 528 536 liberati
557 507 730 535 sumus:
761 506 846 533 nec
875 497 1024 534 tamen
1054 491 1219 533 erimus
1242 492 1383 545 prius,
1413 501 1549 543 quam

60 553 126 593 ita
156 566 249 593 esse
278 556 325 592 tu
354 565 434 592 nos
464 550 629 592 seceris
659 549 890 590 certiores.
950 548 1059 588 Mea
1089 547 1285 602 quidem,
1323 551 1374 587 ut
1413 545 1472 586 ad
1499 549 1546 586 te
1587 546 1617 587 3

62 609 237 662 saepius
279 607 456 662 scripsi,
496 607 609 647 haec
648 606 869 646 sententia
909 608 997 645 cst:
1038 603 1129 652 Qui
1166 603 1377 657 reliquias
1413 601 1548 643 huius

64 664 174 704 belli
204 662 490 717 oppresserit,
521 677 621 704 eum
651 662 790 703 totius
819 660 926 701 belli
943 659 1246 701 confectorem
1268 658 1387 708 fore5
1417 671 1548 713 quem
1572 706 1575 708 μ

64 724 107 760 te
135 722 182 759 et
210 724 316 773 opto
347 733 443 760 esse
472 723 518 760 et
546 717 727 760 confido
757 717 968 757 futurum.
1035 714 1198 756 Studia
1226 728 1325 755 mea
1354 727 1462 768 erga
1490 718 1551 760 te,

63 776 219 829 quibus
249 780 370 816 certe
400 776 528 815 nulla
556 788 652 816 esse
681 774 853 814 maiora
881 775 1137 826 potuerunt,
1184 770 1270 811 tibi
1298 775 1390 811 tam
1420 774 1551 824 grata

63 844 175 883 csse,
206 845 336 885 quam
366 845 449 885 ego
479 830 631 885 putavi
669 829 782 879 sore,
822 828 1004 868 minime
1043 826 1198 878 miror,
1237 825 1549 867 vehementer-

64 897 148 940 que
176 887 335 928 laetor.
395 887 520 936 Quae
550 885 732 940 quidem
763 888 827 936 tu,
869 884 909 924 si
939 886 1063 923 recte
1092 883 1201 922 istic
1230 882 1334 932 erit,
1376 882 1547 924 maiora

64 947 108 983 et
137 944 348 997 graviora
377 955 636 997 cognosces.
696 939 871 989 Quarto
900 938 1130 981 Kalendas
1159 937 1327 980 Iunias.

238 1143 560 1189 EPISTOLA
589 1144 885 1188 DCCCXLI.
947 1143 1025 1196 (ad
1055 1143 1163 1186 Div.
1193 1141 1255 1186 Χ.
1286 1142 1377 1190 35.)

115 1222 198 1255 Dat.
226 1222 296 1256 111.
324 1221 407 1255 Kal.
433 1222 515 1255 iun.
542 1233 561 1255 a
588 1223 705 1257 Ponte
731 1223 924 1270 Argenteo
950 1221 995 1255 A.
1022 1220 1069 1257 U.
1096 1220 1137 1255 c,
1163 1221 1244 1256 711.
1284 1220 1334 1261 (a.
1362 1218 1402 1254 c,
1428 1219 1504 1262 43.)

68 1288 234 1334 Lepidus
260 1289 407 1334 recepti
432 1288 591 1322 Antonii
617 1300 768 1323 causam
801 1289 842 1322 in
869 1299 950 1323 suos
976 1287 1120 1321 milites
1154 1289 1315 1330 confert,
1351 1285 1552 1321 dissensio—

426 1348 513 1371 nem
540 1336 683 1371 civium
710 1337 843 1383 inique
864 1338 1041 1371 ferentes.
1067 1337 1190 1372 1—2.

153 1423 365 1459 LEPIDUS
391 1425 487 1459 IMP.
513 1424 646 1460 ITER.
675 1424 817 1460 PONT.
844 1425 959 1459 MAX.
986 1423 1023 1459 S.
1051 1425 1097 1459 D.
1125 1423 1162 1458 S.
1189 1423 1227 1458 P.
1253 1423 1322 1457 PL.
1349 1422 1390 1466 Q.
1415 1422 1460 1459 R.
1516 1441 1519 1444 >

179 1492 225 1534 S.
255 1493 313 1534 V.
346 1493 567 1548 liberique
595 1492 739 1535 vestri
769 1493 826 1534 V.
856 1492 909 1534 Β.
940 1492 994 1534 Ε.
1024 1492 1079 1534 Ε.
1111 1490 1167 1541 Q.
1197 1489 1258 1532 V.
1317 1492 1443 1534 Deos
1472 1490 1558 1532 hom

68 1548 298 1603 minesque
336 1552 504 1599 testor,
555 1549 719 1591 Patres
759 1548 1030 1603 conscripti,
1078 1562 1166 1602 qua
1202 1552 1350 1590 mente
1392 1551 1438 1588 et
1467 1560 1559 1602 quo

70 1605 219 1647 animo
249 1619 422 1660 semper
443 1606 490 1646 in
520 1618 614 1646 rem
643 1605 870 1661 publicam
899 1604 1063 1646 fuerim
1092 1608 1138 1645 et
1167 1616 1299 1658 quam
1327 1602 1449 1644 nihil
1478 1617 1559 1644 an-

71 1662 238 1716 tiquius
269 1661 491 1702 communi
521 1663 666 1703 salute
697 1674 750 1702 ac
780 1662 990 1702 libertate
1022 1659 1289 1709 iudicarim3
1329 1659 1449 1714 quod
1477 1673 1559 1701 vo-

69 1719 141 1759 bis
171 1718 298 1759 brevi
327 1719 605 1772 probassem,
644 1717 735 1759 nisi
774 1717 889 1758 mihi
929 1716 1111 1758 fortuna
1148 1716 1380 1771 proprium
1411 1714 1558 1755 consi-

72 1773 185 1814 lium
215 1774 498 1815 extorsisset.
554 1774 670 1816 Nam
700 1774 927 1815 exercitus
968 1777 1152 1814 cunctus
1189 1771 1559 1813 consuetudinem

71 1844 196 1871 suam
225 1831 272 1870 in
302 1831 478 1871 civibus
509 1830 828 1870 conservandis
850 1829 1163 1883 communique
1182 1842 1307 1883 pace,
1335 1827 1560 1868 seditione

73 1886 209 1933 sacta,
247 1885 433 1927 retinuit
468 1900 628 1941 meque
667 1890 814 1928 tantae
852 1885 1155 1926 multitudinis
1194 1884 1362 1926 civium
1390 1883 1559 1925 Roma-

75 2066 162 2089 rare
188 2054 408 2089 humanum.
462 2074 505 2081 —
556 2056 666 2090 etiam
690 2056 773 2091 iam.
808 2056 884 2090 del.
916 2056 991 2090 iam
1022 2058 1116 2089 Man.
1146 2056 1245 2090 Vict.
1273 2057 1306 2091 2.
1332 2055 1460 2090 Lamb.
1488 2056 1563 2090 cfr.

75 2105 300 2148 Interprett.
328 2104 374 2138 acl
399 2104 522 2138 Taciti
548 2104 701 2147 Dz'cclog.
729 2106 772 2138 de
799 2105 920 2139 Oratt.
947 2116 1027 2149 cap.
1046 2107 1102 2139 ll.
1131 2111 1226 2138 extr.
1259 2105 1332 2138 OR.
1358 2123 1406 2130 -—
1437 2115 1565 2146 causa,

76 2153 136 2185 die
172 2151 438 2197 Mtigliehkeit.
475 2171 518 2177 —
570 2153 730 2196 sublata,
766 2153 920 2200 cognito
952 2152 1090 2198 Lepidi
1122 2152 1296 2187 consilio.
1331 2171 1380 2177 -—
1429 2152 1483 2186 bis
1516 2153 1568 2186 ad

76 2201 220 2234 eundem
244 2201 329 2234 scil.
357 2199 524 2246 lapidem
551 2200 748 2235 offendere
782 2207 894 2246 turpe
927 2207 993 2234 est.
1046 2201 1189 2236 Graece
1214 2200 1289 2235 hoc
1314 2200 1563 2246 proverbium

76 2248 150 2282 hoc
177 2249 338 2289 senario,
364 2260 476 2293 quem
505 2249 718 2283 Zenodotus
747 2249 893 2292 retulit,
922 2260 1140 2294 expressum
1168 2255 1245 2283 est:
1281 2249 1352 2288 Δῖς
1383 2248 1477 2294 πρὸς
1501 2247 1565 2282 τὸν

78 2293 189 2331 αὐτὸν
213 2294 361 2343 αἰσχρὸν
386 2294 584 2345 εῗςκρούειν
605 2297 729 2332 λίθον.
757 2316 800 2323 -
828 2298 877 2331 ad
903 2298 1088 2340 collegam
1111 2299 1155 2333 D.
1184 2299 1356 2332 Brutum.
1409 2297 1447 2332 S.
1472 2297 1502 2340 ξ.
1529 2299 1566 2333 2.

175 2365 208 2399 3.
262 2365 518 2408 confectorem,
542 2365 761 2402 Vollender.
801 2385 843 2391 —
894 2365 1219 2411 vehementerque,
1243 2376 1307 2400 wo
1334 2376 1400 2411 que
1424 2377 1474 2394 :t
1502 2364 1568 2399 sed

80 2411 177 2445 nach
203 2412 357 2446 minime.
383 2433 425 2439 —
478 2414 511 2448 si
536 2418 637 2447 recte
656 2413 738 2446 istic
765 2414 851 2454 erit,
888 2426 1003 2447 wenn
1030 2414 1116 2448 dort
1142 2414 1201 2448 bei
1226 2413 1337 2448 Euch
1365 2414 1471 2447 Alles
1498 2419 1569 2462 gut

81 2460 206 2506 gehen
231 2461 333 2494 wird
365 2461 399 2495 d.
428 2462 452 2495 i.
489 2474 603 2496 wenn
638 2461 704 2494 ihr
735 2461 808 2495 den
832 2463 1019 2496 Antonius
1047 2462 1210 2510 schlag’t
1245 2463 1336 2496 oder
1362 2463 1494 2496 tb'dtet.
1519 2480 1567 2486 —

82 2510 278 2550 graviora,
304 2510 574 2557 folgereicher.
601 2529 645 2535 —-
672 2523 725 2543 ιν.
752 2510 841 2543 Καί.
868 2512 964 2553 Iun.⁷
990 2523 1049 2544 am
1076 2513 1135 2546 29.
1166 2511 1251 2544 Mai.

180 2579 213 2610 1.
240 2581 367 2620 patres
393 2577 606 2622 conscripti,
641 2577 813 2611 vereinte
840 2578 964 2617 V'ater,
1000 2579 1128 2611 Herrn
1163 2577 1225 2611 des
1254 2578 1567 2611 Gesammtraths.

84 2642 130 2649 —-
158 2626 353 2668 antiquius,
380 2626 516 2668 carius,
545 2625 765 2671 pretiosius.
789 2643 836 2650 -
859 2628 1072 2669 probassem
1099 2625 1267 2659 ducendo
1294 2632 1425 2659 contra
1453 2627 1571 2660 Anto·

84 2674 189 2706 nium
217 2674 398 2707 exercitu.
431 2692 479 2698 —
526 2674 734 2718 proprium,
768 2684 842 2716 quo
877 2674 1117 2708 institueram
1151 2674 1310 2720 aggredi
1344 2674 1570 2708 Antonium.

25 2751 27 2753 ,
85 2739 132 2745 —-
158 2726 306 2761 extors,
332 2733 396 2755 aus
421 2722 494 2755 don
521 2722 677 2756 H‘a'nden
704 2721 928 2768 gewunden.
958 2743 998 2748 —
1031 2732 1122 2765 pace
1147 2722 1416 2756 conservanda.
1446 2742 1488 2747 —
1515 2734 1572 2755 se-

87 2769 222 2803 ditione
240 2772 367 2814 sacta,
396 2770 523 2805 indcm
551 2783 588 2806 es
614 2781 722 2816 sogar
748 2770 858 2804 einen
884 2770 1068 2805 Ausetand
1104 2769 1264 2804 machte.
1310 2791 1350 2797 —
1410 2770 1571 2811 retinuit,
