1795 3086
189 103 283 152 374
472 83 536 148 Μ’.
568 104 625 148 Τ.
656 101 1001 148 CICERONIS
1031 100 1410 148 EPISTOLAE.

147 229 148 233 ’
189 219 378 271 tantum,
425 216 545 272 quod
574 229 662 258 non
701 218 891 272 populus
929 215 1159 260 Romanus
1200 229 1226 257 a
1269 218 1313 258 te
1350 215 1512 271 perfici
1550 219 1685 274 atque

191 274 385 318 obtineri
414 286 546 329 posse
574 272 762 314 iudicet.
824 273 957 315 Vale.
1347 279 1349 281 ’

386 474 703 519 EPISTOLA
735 438 983 520 Decem.
1043 476 1122 528 (ad
1151 474 1259 518 Div.
1298 471 1411 518 XII.
1441 473 1505 523 9.)

387 550 470 585 scr.
495 551 634 586 Romae
659 561 786 585 mense
814 551 923 586 nmio
948 551 992 585 A.
1020 550 1066 585 U.
1093 550 1134 585 c,
1161 552 1242 586 711.
1279 550 1327 592 (a.
1355 549 1396 585 c.
1421 549 1502 592 43.)

195 617 267 652 Res
299 617 340 650 in
378 618 468 652 Asia
510 624 630 666 gestas
663 618 803 652 Romae
843 617 1036 666 ignorari,
1074 628 1257 650 summam
1294 628 1389 650 vero
1426 615 1485 650 rei
1519 616 1692 662 publicae

315 677 424 712 spem
447 667 489 700 in
514 666 641 701 Cassio
668 666 822 711 eiusque
849 666 968 712 copiis
994 664 1156 711 positam
1182 677 1263 700 esse
1288 665 1431 699 scribit.
1470 666 1574 700 1-2.

724 737 905 773 CICERO
934 736 1101 772 CASSIO
1128 735 1165 771 S.

305 805 516 848 Brevitas
545 809 722 849 tuarum
752 806 991 848 literarum
1028 819 1100 847 me
1138 817 1316 860 quoque
1355 803 1607 846 breviorem
1647 804 1695 846 in

195 861 436 904 scribendo
466 863 601 905 facit:
649 866 709 916 et,
749 875 856 904 vere
899 865 948 903 ut
979 861 1154 914 dicam,
1192 875 1283 902 non
1325 860 1436 903 satis
1478 861 1695 910 occurrit,

195 917 307 973 quid
337 919 548 962 scribam.
606 918 800 961 Nostras
839 918 960 959 enim
1001 930 1072 959 res
1102 916 1150 958 in
1183 917 1297 959 actis
1326 915 1524 972 perferri
1563 916 1620 958 ad
1651 921 1698 958 te
1766 943 1768 963 a

194 978 321 1015 certo
371 975 491 1027 sci03
554 977 653 1017 tuas
714 977 864 1015 autem
911 975 1181 1028 ignoramus.
1268 974 1518 1028 Tamquam
1578 972 1697 1014 enim

195 1031 349 1071 clausa
377 1031 438 1072 sit
464 1030 588 1077 Asia,
629 1029 698 1071 sic
728 1029 846 1070 nihil
876 1029 1108 1084 perfertur
1137 1029 1195 1071 ad
1224 1042 1307 1070 nos
1336 1032 1518 1084 praeter
1546 1040 1698 1069 rumo-

195 1100 267 1127 res
299 1085 354 1133 de
385 1100 599 1142 oppresso
627 1086 888 1138 Dolabella,
914 1084 1038 1133 ,satis
1067 1085 1173 1126 illos
1192 1085 1388 1140 quidem
1429 1088 1698 1136 constantes,

196 1141 278 1185 sed
308 1139 458 1184 adhuc
495 1143 595 1184 sine
634 1145 831 1184 auctore.
901 1139 1014 1194 Nos,
1056 1140 1312 1183 confectum
1348 1140 1513 1182 bellum
1564 1154 1700 1195 quum

194 1202 468 1254 putaremus,
498 1202 681 1254 repente
710 1211 736 1241 a
765 1197 941 1253 Lepido
970 1201 1048 1239 tuo
1092 1196 1140 1239 in
1170 1209 1386 1239 summam
1426 1193 1700 1239 sollicitudi-

194 1268 298 1297 nem
327 1269 476 1297 sumus
506 1254 709 1297 adducti.
767 1253 930 1310 Itaque
968 1251 1054 1295 tibi
1083 1252 1321 1309 persuade,
1359 1252 1605 1294 maximam
1633 1250 1701 1294 rei

194 1309 405 1366 publicae
432 1326 558 1367 spem
588 1312 634 1353 in
663 1314 709 1353 te
749 1315 795 1352 et
831 1309 878 1352 in
920 1308 1010 1352 tuis
1051 1308 1341 1364 copiisesse.
1399 1308 1576 1351 Firmos
1606 1321 1700 1350 om-

194 1368 303 1408 nino
334 1368 564 1410 exercitus
594 1366 831 1410 habemus:
873 1365 953 1408 sed
984 1370 1148 1418 tamen,
1187 1369 1237 1408 ut
1265 1364 1427 1412 omnia,
1465 1368 1516 1407 ut
1553 1375 1702 1419 spero,

193 1437 410 1479 prospere
438 1424 702 1481 procedant,
748 1423 943 1464 multum
980 1422 1169 1464 interest
1207 1425 1253 1463 te
1291 1420 1462 1464 venire.
1520 1418 1701 1475 Exigua

195 1479 316 1522 enim
343 1494 446 1535 spes
477 1485 547 1522 est
577 1480 644 1522 rei
673 1479 909 1534 publicae3
940 1491 1042 1519 nam
1072 1477 1363 1520 nullamnon
1387 1476 1500 1518 libet
1522 1475 1703 1526 dicere:

195 1535 293 1634 5521,
325 1550 619 1593 quaecunque
648 1540 732 1583 est,
762 1548 814 1577 ea
845 1533 1154 1590 despondetur
1184 1546 1300 1576 anno
1323 1531 1586 1575 consulatus
1619 1530 1700 1577 tui.

291 1607 328 1635 e.

198 1750 370 1800 ingentia
396 1750 442 1785 de
468 1757 506 1785 te
533 1757 813 1797 exspectantur.
844 1769 885 1774 —
913 1747 1075 1784 obtineri
1099 1749 1143 1783 ab
1169 1748 1299 1792 aliquo
1326 1745 1483 1792 dicitur,
1509 1747 1611 1794 quod
1635 1747 1704 1783 illo

196 1806 346 1841 tuetur,
375 1799 438 1833 cui
463 1812 502 1834 se
529 1811 662 1847 parem
688 1805 874 1846 praestat,
908 1804 951 1832 ut
976 1798 1166 1841 honores,
1211 1797 1451 1843 provinciam
1484 1804 1521 1832 et
1547 1796 1703 1832 similia.
1754 1819 1757 1821 -

197 1847 435 1883 ERNESTI.

296 1917 329 1950 1.
381 1916 476 1962 quid.
504 1916 600 1950 ΕΠ).
627 1926 730 1961 susp.
757 1915 853 1960 quod
876 1913 1054 1948 scribam.
1082 1931 1128 1940 —-
1154 1913 1317 1948 Nostras
1343 1938 1353 1948 .
1380 1939 1389 1950 .
1418 1923 1490 1956 res,
1516 1910 1705 1958 quidquid

197 1963 341 1998 Romae
366 1965 506 2012 agitur,
533 1964 630 2000 Was
654 1964 717 1999 bei
743 1975 812 1996 uns
839 1963 1017 2010 vorgeht.
1052 1978 1096 1987 ——-
1133 1966 1263 2003 const„
1290 1958 1527 1995 beharrlich.
1555 1978 1596 1989 ..-
1625 1960 1706 1994 sine

198 2017 362 2054 auctore,
390 2013 638 2061 unverbiirgt.
669 2031 710 2037 -
741 2011 829 2045 illos
855 2012 951 2056 quid.
990 2010 1028 2045 S.
1055 2010 1209 2045 Ramsh.
1236 2010 1264 2053 ξ).
1294 2011 1376 2053 158,
1401 2012 1436 2050 2,
1462 2011 1490 2044 f.

295 2062 329 2097 2.
380 2065 453 2102 tuo,
478 2061 587 2094 affini
612 2067 688 2095 tuo.
715 2079 761 2086 —
795 2060 954 2098 adducti,
981 2065 1151 2094 versetzt
1177 2058 1229 2091 in.
1272 2076 1315 2082 —
1348 2057 1483 2098 firmos
1509 2057 1706 2098 exercitus,

197 2108 334 2143 Planci
361 2115 399 2143 et
423 2109 576 2144 Decimi
601 2108 724 2144 Bruti.
767 2127 812 2134 -—
860 2113 895 2140 te
920 2108 1046 2141 venire
1071 2108 1113 2140 in
1138 2107 1290 2141 Italiam
1317 2117 1405 2139 cum
1432 2106 1604 2139 exercitu
1629 2112 1707 2139 tuo.

199 2177 245 2184 —-
272 2157 440 2200 Exigua,
468 2156 780 2205 geschwunden3
813 2156 951 2190 nullam
976 2166 1060 2199 non,
1085 2153 1404 2190 verschwunden.
1446 2171 1494 2179 —-
1536 2165 1580 2187 ea
1605 2153 1706 2197 desp.

200 2212 284 2245 cet„
311 2206 372 2240 dio
399 2205 545 2253 gelobt,
573 2205 797 2251 verspricht
827 2216 914 2237 man
941 2204 1026 2237 sich
1059 2214 1149 2237 vom
1176 2203 1290 2238 Iahre
1316 2201 1458 2237 Deines
1485 2202 1706 2244 Consulats;
1768 2203 1784 2218 'f

198 2256 265 2289 fiir
288 2254 351 2288 die
377 2253 565 2302 verbiirgt
588 2254 673 2288 sich
705 2253 769 2287 das
796 2252 888 2287 Iahr
912 2252 1053 2287 Deines
1080 2251 1292 2286 Consulats.
1345 2250 1387 2286 Si
1420 2262 1493 2296 qua
1531 2256 1587 2284 est
1619 2259 1704 2294 spes

200 2302 484 2349 recuperandae
523 2302 581 2336 rei
613 2302 812 2348 publicae,
858 2311 899 2334 ea
941 2300 1143 2334 hominum
1183 2298 1327 2333 iudicio
1366 2299 1531 2333 maxime
1564 2298 1705 2332 nititur

200 2351 398 2386 consulatu
423 2357 502 2385 tuo.
555 2350 741 2385 Consules
774 2356 900 2383 autem
934 2349 982 2383 M.
1011 2350 1150 2383 Brutus
1187 2354 1225 2383 et
1259 2347 1301 2382 C.
1329 2348 1479 2382 Cassius
1513 2347 1706 2394 designati

200 2405 310 2435 erant
331 2399 371 2433 in
396 2410 536 2434 annum
562 2398 702 2433 abhinc
729 2398 912 2439 tertium,
947 2396 1028 2431 urb.
1066 2396 1174 2432 cond.
1211 2398 1290 2435 713.
1330 2397 1440 2432 SCH.
1491 2396 1603 2430 Anno
1627 2396 1708 2431 709,

200 2454 377 2495 praetura
405 2455 513 2483 erant
538 2446 673 2483 functi.
1278 2448 1281 2454 ³

1753 0 1761 230 ἱ

1756 231 1762 414 ἓ

1786 269 1793 300 1
