1795 3086
451 71 759 114 EPISTOLA
791 70 1054 114 DCCCLV.
1218 114 1222 119 ,
1401 69 1492 118 385

30 181 193 236 giendo
239 182 516 223 commissuri
564 193 735 233 sumus,
785 187 831 223 ut
877 181 1016 223 maius
1062 180 1371 221 detrimentum
1419 195 1488 224 res

31 237 212 291 publica
241 237 445 290 accipere
470 237 623 290 possit.
682 237 814 286 Quod
843 238 882 277 si
913 240 986 277 aut
1015 234 1178 276 Caesar
1206 248 1252 276 se
1282 247 1487 289 respexe-

31 293 92 332 rit
119 295 197 333 aut
222 292 464 333 Africanae
492 290 689 345 legiones
719 292 932 333 celeriter
959 291 1176 343 venerint,
1205 302 1384 331 securos
1407 303 1487 332 vos

29 349 85 388 ab
114 346 200 388 hac
229 351 354 402 parte
385 346 630 393 reddemus.
698 346 796 398 Tu,
841 351 889 387 ut
929 345 1186 392 instituisti,
1224 359 1293 387 me
1322 344 1485 398 diligas

29 414 137 497 1S·ogo
187 403 450 456 proprieque
503 404 625 441 tuum
678 415 773 443 esse
822 401 906 443 tibi
955 401 1232 456 persuadeas.
1299 414 1342 442 v.
1381 400 1485 443 Kal.

63 461 155 497 ext.
187 470 244 497 ex
275 457 442 498 castris.

29 681 93 715 sed
119 680 390 726 periculosam;
426 692 500 715 non
525 682 611 716 satis
639 688 768 724 tutam,
803 683 866 717 sed
892 680 1014 727 potius
1040 678 1241 714 difficilem
1280 686 1316 715 et
1340 680 1485 727 ancipi-

28 735 114 765 tem.
141 728 248 763 SCH.
283 748 330 754 —
377 739 414 762 se
439 731 653 774 respexerit,
680 730 793 764 sollte
822 729 1000 765 Octavian
1025 727 1105 760 sein
1130 728 1280 775 eigenes
1304 728 1395 762 Heil
1420 728 1483 764 be-

27 776 190 819 denken,
216 776 257 808 in
282 776 364 810 sich
390 776 530 825 gehen,
565 778 693 811 seinen
728 777 820 811 Sinn
846 777 988 810 andern
1022 774 1098 807 und
1127 787 1173 808 zu
1198 787 1268 808 uns
1294 774 1483 814 kommen,

27 825 81 858 Ita
108 825 279 869 profecto
304 835 379 858 non
403 824 615 870 scripsisset
630 825 795 864 Plancus,
822 825 855 857 si
880 824 953 856 iam
974 821 1147 856 rescisset
1164 824 1356 856 Caesarem
1375 824 1483 858 Octa-

26 871 177 904 vianum
203 871 372 920 legiones
398 883 481 905 suas
507 872 591 904 urbi
616 871 835 912 admovisse,
868 877 910 903 ut
934 870 973 903 vi
998 874 1127 914 aperta
1153 870 1384 903 consulatum
1412 872 1483 905 sibi

26 925 279 963 extorqueret.
306 919 413 953 SC'H.
447 938 488 943 -
525 919 734 961 Africanae
758 917 930 960 legiones.
978 917 1057 950 Hae
1081 915 1211 961 paullo
1236 923 1319 963 post
1342 919 1484 952 accitae

27 978 46 998 a
72 973 203 1000 senatu
228 972 433 1006 venerunt3
471 976 669 1010 earumque
702 965 878 1000 adventus
916 964 1057 998 animos
1083 963 1225 998 addidit
1251 965 1406 1005 senatui,
1442 972 1484 1000 ut

27 1025 110 1046 eum
136 1013 451 1047 consternationis
480 1024 564 1046 suae
589 1024 802 1056 eorumque,
829 1024 920 1056 quae
940 1011 1133 1047 Octaviani
1152 1011 1365 1060 legIOnibus
1392 1023 1482 1046 con-

24 1061 233 1099 cessissent,
271 1061 485 1106 poeniteret
515 1061 696 1104 fieretque
729 1060 922 1094 decretum
956 1060 1000 1093 de
1031 1059 1123 1093 urbe
1157 1059 1328 1094 adversus
1355 1072 1482 1094 earum

25 1109 206 1153 impetum
232 1107 472 1142 defendenda.
499 1107 605 1142 SCH.
649 1126 694 1132 —
744 1109 787 1141 ab
812 1107 878 1141 Izac
902 1112 1021 1151 parte,
1046 1117 1118 1141 von
1143 1106 1265 1141 dieser
1289 1107 1392 1141 Seite
1417 1108 1480 1142 des

26 1154 254 1190 R'omischen
290 1155 438 1189 Reichs.
478 1175 518 1180 —
569 1159 606 1188 ut
631 1155 832 1195 instituisti,
864 1156 938 1189 wie
963 1154 1101 1189 bisher.
1139 1175 1181 1180 —
1229 1155 1481 1200 propriumque

26 1214 110 1236 cum
136 1202 223 1236 Cdd.
249 1202 337 1246 aliq.
363 1202 598 1248 praeferebat
623 1203 773 1238 Nodell.
825 1203 904 1237 cfr.
931 1202 1009 1235 Lib.
1035 1204 1071 1237 9.
1095 1202 1161 1245 Ep.
1186 1203 1240 1236 15.
1269 1209 1304 1236 et
1327 1203 1478 1238 Lib.10.

27 1251 94 1294 Ep.
121 1252 154 1285 5.
182 1251 253 1284 OR.
282 1269 323 1273 —
351 1263 385 1282 ν.
413 1250 497 1282 Kal.
527 1250 664 1292 Sextil„
690 1262 748 1283 am
775 1252 832 1286 28.
859 1250 988 1284 Iulius.
1028 1263 1060 1283 ν.
1083 1250 1179 1284 Sext.
1207 1249 1297 1286 Ern,
1323 1251 1336 1292 [
1362 1251 1374 1294 1
1399 1252 1479 1286 sine

27 1309 141 1332 causa.
192 1298 289 1332 Vide
315 1297 540 1332 Strothium.

94 2782 154 2809 Cic·
178 2782 279 2811 Briese
297 2791 326 2809 v.
346 2782 469 2810 Billerb.
507 2782 554 2807 IV,
1025 2755 1085 2798 25

1772 2838 1789 2941 mbae-:⁴021
1780 2772 1782 2776 <
1780 2748 1783 2753 -
1780 2709 1785 2714 f·
1779 2684 1785 2695 s

1775 3071 1780 3081 κ
1775 3056 1780 3067 ·-
1772 2943 1788 3048 -ε-ὲεεῑψε-
