1795 3086
197 55 290 102 216
481 60 544 103 M.
573 60 630 104 Τ.
660 57 997 104 CICERONIS
1027 60 1394 106 EPISTOLAE.

200 168 317 222 giori
364 170 580 224 epistolae
629 171 938 226 superiorique
990 172 1212 227 respondi.
1292 173 1422 215 Nunc
1470 175 1667 217 breviori

200 224 489 282 propiorique
525 224 634 279 quid
673 227 961 280 respondeam
1010 227 1100 269 nisi
1139 242 1234 269 eam
1276 228 1416 271 fuisse
1457 230 1666 273 dulcissi-

197 281 340 320 mam?
396 280 488 321 Res
519 280 834 335 Hispanienses
871 283 1003 324 valde
1032 285 1183 325 bonae.
1243 284 1382 325 Modo
1419 284 1666 328 Balbilium

198 334 463 376 incolumem
510 335 710 388 videam,
757 337 1004 378 subsidium
1044 344 1223 380 nostrae
1272 341 1529 382 senectutis.
1595 342 1668 382 De

198 389 402 431 Anniano
442 390 575 444 item,
613 392 732 445 quod
770 406 839 433 me
879 394 1015 435 valde
1054 395 1261 436 observat
1301 395 1509 437 Visellia.
1576 397 1668 439 Sed

198 445 310 485 haec
349 445 528 499 quidem
566 446 770 488 humana.
841 447 913 489 De
952 448 1096 491 Bruto
1134 455 1178 491 te
1217 449 1336 490 nihil
1379 451 1497 492 scire
1526 450 1665 493 dicis:

197 500 278 540 sed
308 499 472 542 Selicia
499 502 674 543 venisse
703 503 766 544 M.
796 502 1047 557 Scaptium:
1084 519 1270 560 eumque
1310 519 1399 546 non
1428 519 1515 561 qua
1543 520 1664 561 pom-

195 568 265 609 pa,
294 557 352 597 ad
380 570 427 598 se
456 559 602 598 tamen
642 558 757 598 clam
795 565 1031 600 venturum
1069 560 1373 616 sciturumque
1400 575 1471 603 me
1499 561 1671 603 omnia:

197 624 309 663 quae
347 625 427 666 ego
468 614 633 654 statim.
702 613 883 654 Interea
919 619 1073 656 narrat
1119 616 1272 657 eadem
1312 616 1443 658 Bassi
1491 631 1667 659 servum

194 668 394 718 venisse,
442 668 520 721 qui
557 668 784 709 nuntiaret
834 670 1034 723 legiones
1077 670 1407 714 Alexandrinas
1445 672 1492 712 in
1531 672 1669 715 armis

197 735 305 775 esse,
349 723 536 764 Bassum
565 723 746 776 arcessi,
806 723 1009 766 Cassium
1050 727 1316 780 exspectari.
1374 727 1497 778 Quid
1534 742 1667 782 quae-

196 777 285 818 ris?
342 778 540 820 Videtur
569 792 637 820 res
666 780 847 834 publica
875 780 943 820 ius
971 794 1098 821 suum
1120 782 1437 836 reciperatura.
1495 782 1585 824 Sed
1613 797 1668 824 nc

197 833 307 887 quid
338 839 454 876 ante.
511 832 648 876 Nosti
689 834 849 877 horum
878 836 1248 878 exercitationem
1278 837 1325 878 in
1355 838 1594 879 latrocinio
1624 844 1670 880 et

196 889 444 930 amentiam.
504 890 745 931 Dolabella
784 893 857 932 vir
893 892 1098 946 optimus.
1163 891 1290 944 Etsi,
1330 906 1464 947 quum
1503 894 1668 936 scribe-

195 946 306 998 bam,
335 944 527 986 secunda
556 959 707 987 mensa
736 947 952 1002 apposita,
989 948 1165 989 venisse
1205 961 1303 990 eum
1342 949 1398 990 ad
1430 948 1564 990 Baias
1592 962 1668 990 au-

194 1140 313 1167 tamen
338 1135 428 1169 sch.
457 1136 555 1169 coni.
580 1136 713 1177 (Liin.)
746 1134 845 1169 haud
871 1135 1172 1170 animadvertens
1200 1136 1274 1171 hoc
1307 1137 1431 1184 ipsum
1457 1138 1669 1186 significari

194 1192 275 1215 voc.
303 1183 356 1216 sz'c
381 1184 455 1225 (so
481 1182 747 1227 ziemlich).
777 1184 849 1218 OR.

289 1231 323 1264 4.
374 1233 559 1275 propior„
586 1232 776 1265 letzteres.
804 1249 846 1254 —
873 1232 948 1266 Res
973 1231 1078 1276 Hisp.
1105 1232 1255 1277 Optima
1279 1239 1485 1267 narrantur
1503 1232 1671 1269 deSexto

194 1278 384 1324 Pompeio.
412 1278 449 1313 S.
477 1290 533 1325 ep.
561 1281 642 1320 750,
668 1280 700 1314 2.
730 1297 772 1303 -
801 1279 917 1313 Modo
944 1304 953 1313 .
976 1305 983 1313 .
1009 1308 1017 1314 .
1044 1280 1197 1322 videam,
1224 1280 1382 1323 „mocht
1408 1281 1471 1315 ich
1496 1293 1569 1315 nur
1594 1288 1670 1316 erst

193 1325 256 1358 das
291 1326 484 1360 Balbchen
517 1327 664 1361 wieder
699 1326 845 1373 gesund
880 1339 944 1360 aus
971 1327 1135 1372 Spanien
1168 1328 1465 1363 zuriickkehren
1491 1329 1667 1363 sehen!“

194 1374 265 1407 Das
290 1374 575 1408 Deminutivum
603 1385 675 1408 von
701 1374 848 1408 Balbus.
898 1375 1153 1422 „Illongaltius
1192 1375 1268 1409 hoc
1301 1376 1451 1410 nomine
1477 1376 1670 1425 designari

193 1421 345 1465 putabat
370 1422 524 1455 Balbum
550 1422 748 1462 minorem,
773 1422 954 1467 probante
980 1423 1175 1457 Oliveto.“
1226 1423 1313 1457 seh,
1341 1425 1380 1457 in
1405 1425 1484 1458 Iud.
1533 1425 1668 1459 Recte:

192 1469 255 1501 sed
288 1476 369 1503 tum
407 1470 480 1518 leg.
518 1470 674 1504 Balbum
703 1469 840 1512 filium,
879 1477 921 1504 ut
951 1471 1044 1508 solet
1079 1470 1215 1513 Cicer„
1251 1471 1375 1516 potius
1412 1483 1524 1516 quam
1556 1473 1670 1506 Balla·

186 1516 323 1556 filium.
353 1517 425 1551 OR.
453 1534 498 1543 —
546 1518 603 1551 De
628 1518 800 1551 Anniano
826 1519 925 1559 item,
963 1520 1060 1559 „Das
1087 1518 1243 1552 m'dchte
1269 1518 1334 1552 ich
1359 1519 1436 1553 mir
1459 1519 1556 1553 auch
1581 1531 1669 1554 vom

192 1565 384 1599 Annianus
410 1565 666 1606 wiinschen;“
693 1566 761 1599 der
786 1565 1011 1612 gleichfalls
1036 1566 1077 1599 in
1103 1565 1267 1610 Spanien
1292 1578 1385 1601 war.
1437 1585 1480 1591 —
1529 1579 1586 1601 ‘me
1608 1569 1669 1602 ob-

192 1617 328 1654 servat,
366 1613 442 1646 mir
476 1613 580 1647 viele
616 1613 945 1661 Anli'anglichkeit
970 1613 1162 1648 beweiset.
1214 1633 1257 1638 —
1314 1613 1471 1649 Visellia
1506 1615 1670 1649 Anniani

193 1671 299 1694 uxor.
327 1679 368 1684 —-
398 1660 565 1703 humana,
591 1661 686 1694 doch
712 1672 751 1694 so
779 1662 828 1696 ist
853 1661 915 1695 das
940 1662 1037 1696 Loos
1065 1662 1134 1696 der
1158 1661 1424 1696 Sterblichen!
1453 1683 1494 1689 —
1520 1664 1668 1702 Selicia,

191 1708 271 1741 filia
298 1708 431 1743 Selicii
456 1709 701 1752 feneratoris,
729 1709 808 1742 scil.
838 1708 934 1743 mihi
959 1710 1141 1750 narravit,
1167 1709 1272 1743 dixit.
1323 1710 1484 1744 Servilia
1508 1711 1554 1744 de
1575 1711 1671 1746 Cor-

193 1756 276 1789 radi
302 1768 398 1802 susp.
433 1764 469 1791 et
503 1768 588 1791 cum
624 1757 689 1794 Cd.
725 1757 809 1791 Urs.
845 1756 933 1791 Sch.
960 1759 1055 1793 Liin.
1084 1757 1157 1791 ΟΒ.
1210 1757 1373 1791 Servilia
1401 1764 1522 1792 mater
1545 1759 1669 1801 Bruti,

193 1805 239 1837 ad
267 1815 375 1848 quam
403 1806 450 1838 M.
478 1804 663 1850 Scaptius,
696 1805 805 1839 Bruti
830 1806 1045 1848 familiaris,
1074 1806 1172 1839 clam
1198 1805 1328 1839 venire
1354 1805 1514 1847 volebat,
1539 1818 1586 1840 ne
1609 1819 1670 1840 su·

193 1852 435 1897 spicat-entur
457 1854 568 1887 Bruti
594 1852 757 1892 inimici,
786 1853 849 1886 ubi
877 1860 972 1888 esset
997 1860 1059 1888 aut
1086 1853 1176 1897 quid
1203 1864 1329 1886 rerum
1357 1861 1523 1903 gereret,
1551 1855 1592 1888 in
1611 1855 1670 1888 vi-

192 1900 293 1933 cinia
314 1901 444 1942 villae,
470 1901 534 1934 ubi
559 1912 659 1934 nunc
687 1907 767 1934 erat
793 1901 942 1944 Cicero,
980 1902 1157 1935 rusticata
1191 1912 1268 1946 esse
1293 1901 1451 1935 videtur.
1487 1902 1596 1936 SCH.
1626 1921 1668 1927 —

191 1948 250 1982 M.
276 1947 478 1991 Scaptium.
510 1950 566 1984 De
591 1950 650 1983 M.
678 1949 828 1991 Scaptio
864 1949 942 1985 vid.
969 1949 1016 1983 ad
1041 1949 1153 1983 Attio.
1181 1949 1244 1989 VI,
1274 1951 1302 1983 1.
1352 1949 1516 1996 Erpvar
1539 1950 1671 1984 Romi-

193 1995 307 2029 scher
331 1996 470 2039 muer,
497 1997 628 2032 Client
652 1996 715 2031 des
741 1997 899 2040 Brutus;
934 1998 1024 2031 aber
1059 1997 1119 2031 ein
1159 1997 1361 2030 fenerator.
1411 1997 1515 2032 Uber
1539 1998 1670 2032 seinen

192 2043 337 2077 Bruder
362 2056 388 2080 5.
416 2045 463 2078 ad
488 2045 602 2079 Attio.
630 2045 674 2087 V,
701 2046 758 2080 21.
788 2045 849 2083 VI,
881 2047 908 2079 1.
935 2047 970 2080 2.
997 2063 1044 2070 -—
1069 2054 1220 2087 eumque,
1249 2045 1324 2077 und
1349 2056 1467 2080 zwar.
1507 2066 1548 2071 —
1601 2056 1669 2079 non

191 2103 263 2136 qua
286 2102 428 2135 pompa.
466 2093 566 2127 Haec
593 2103 742 2137 quoque
767 2092 889 2126 dubia.
939 2092 1161 2137 Explicant:
1189 2103 1290 2133 „non
1317 2104 1389 2137 qua
1413 2104 1551 2138 pompa
1578 2093 1669 2126 olim

194 2139 376 2174 solebat.“
427 2140 500 2174 Sed
524 2141 613 2175 talis
639 2139 829 2184 ἐλλείψεως
860 2141 1076 2185 exemplum
1110 2139 1247 2174 addere
1272 2140 1464 2174 debebant.
1513 2140 1668 2175 Fuitne:

192 2198 262 2220 non
287 2198 353 2220 sua
376 2189 536 2231 pompa?
565 2189 640 2223 ΟΒ.
685 2199 817 2232 pompa
841 2200 890 2217 z:
918 2188 1062 2235 insigni
1090 2188 1282 2221 comitatu.
1322 2205 1364 2211 —·
1409 2187 1536 2221 statim
1561 2188 1607 2221 ad
1634 2194 1671 2222 te

191 2235 420 2269 scribam.—
447 2237 571 2269 eadem
597 2235 770 2270 Servilia.
797 2254 844 2260 —
869 2235 910 2278 Q.
937 2235 1098 2269 Caecilii
1123 2236 1245 2274 Bassi,
1271 2235 1315 2268 de
1341 2246 1413 2279 quo
1440 2246 1499 2280 ep.
1526 2237 1609 2275 689,
1633 2238 1669 2271 3.

194 2300 237 2306 -
264 2284 551 2326 Alexandrinas,
575 2291 737 2328 quatuor
762 2283 950 2330 legiones,
981 2294 1071 2327 quas
1099 2294 1119 2316 e
1144 2283 1312 2328 Pompeii
1340 2283 1538 2327 Crassique
1563 2283 1672 2318 clade

191 2331 380 2376 dispersas
407 2331 605 2377 Cleopatra
637 2332 704 2365 sub
737 2332 890 2366 Caesare
923 2331 1104 2365 collectas
1136 2330 1333 2365 retinebat.
1383 2332 1458 2364 Has
1485 2342 1601 2375 quum
1625 2333 1670 2365 A.

190 2379 364 2413 Allienus
390 2391 410 2412 a
434 2379 635 2414 Dolabella
659 2380 795 2413 missus
822 2379 1011 2419 educeret,
1051 2379 1198 2413 Cassius
1225 2390 1312 2412 cum
1347 2385 1431 2414 octo
1455 2379 1670 2428 legionibus

190 2429 231 2461 in
257 2427 463 2462 Palaestina
487 2427 639 2461 adortus
665 2438 797 2461 omnes
834 2426 881 2460 ad
914 2438 952 2460 se
984 2426 1164 2461 traduxit.
1213 2427 1311 2467 (Vid.
1339 2439 1395 2472 ep.
1422 2428 1502 2462 817.
1529 2434 1567 2462 et
1591 2428 1671 2471 Ap-

190 2477 294 2520 pian.
320 2475 411 2510 libr.
437 2475 523 2517 ΙΙΙ.)
550 2475 750 2509 MANUT.
772 2492 813 2499 —
841 2475 999 2508 Bassum
1025 2473 1165 2508 arcessi
1190 2486 1210 2507 a
1235 2475 1462 2521 legionibus,
1488 2485 1583 2518 quae
1608 2474 1671 2507 illi

192 2535 231 2557 se
259 2523 410 2557 tradere
436 2523 594 2557 vellent.
622 2522 823 2556 MANUT.
852 2540 895 2546 —
932 2522 1113 2565 Cassium,
1139 2522 1224 2556 dem
1250 2522 1446 2567 spaterhin
1473 2522 1513 2556 C.
1540 2521 1669 2557 Caeci-

191 2571 265 2604 lius
293 2572 423 2605 Bassus
449 2570 552 2605 seine
577 2570 724 2617 Legion
749 2570 925 2616 iibergab.
957 2588 1005 2596 —
1042 2571 1099 2604 ius
1122 2581 1238 2613 sunm,
1264 2572 1327 2604 das
1353 2570 1418 2603 ihr
1442 2569 1671 2605 zustehende

191 2618 328 2652 Recht.
356 2638 397 2643 --
425 2618 496 2652 Sed
517 2629 560 2653 ne
584 2618 672 2662 quid
695 2622 789 2658 ante,
815 2617 913 2652 doch
936 2618 1018 2652 dass
1044 2630 1129 2652 man
1154 2630 1222 2652 uns
1240 2618 1351 2653 nicht
1377 2618 1670 2652 zuvorkomme!

194 2666 289 2714 Erg.
317 2666 523 2700 videndum
550 2673 607 2701 est
631 2665 731 2699 nach
755 2666 837 2700 sed.
866 2687 907 2692 —
936 2667 975 2699 in
1001 2667 1105 2707 latr„
1131 2666 1171 2698 in
1197 2665 1639 2712 Spitzbubenstreichen.

289 2715 320 2751 5.
375 2714 431 2748 vir
458 2713 625 2759 optimus.
661 2715 810 2749 Ironie!
861 2715 968 2750 Denn
994 2713 1195 2750 Dolabella
1220 2726 1301 2750 war
1326 2713 1464 2749 bereits
1490 2724 1575 2748 vom
1593 2713 1670 2747 An*
