1795 3086
213 74 299 121 182
464 75 525 117 Μ.
557 78 611 118 T.
653 75 988 119 CICERONIS
1040 77 1408 120 EPISTOLAE.

145 177 172 216 2
209 187 390 228 Sextum
433 190 576 228 autem
617 186 816 227 nuntiant
860 201 959 228 cum
1008 201 1093 229 una
1135 189 1278 230 solum
1318 189 1492 243 legione
1535 190 1672 231 fuisse

210 243 511 295 Karthagine:
552 243 679 296 eique
718 255 768 282 eo
807 243 902 296 ipso
943 242 1030 294 die,
1071 256 1156 297 quo
1187 244 1399 298 oppidum
1428 246 1457 297 †
1486 246 1673 287 Boream

210 297 413 351 cepisset,
442 298 689 338 nuntiatum
718 311 812 338 esse
843 298 897 338 de
935 298 1149 340 Caesare:
1203 305 1333 353 capto
1374 303 1551 354 oppido,
1592 301 1673 341 mi-

209 367 302 393 ram
344 352 558 393 laetitiam
600 353 1070 406 commutationemque
1110 355 1356 395 animorum
1396 370 1674 396 concursum-

210 421 293 462 que
322 407 537 462 undique:
567 408 642 448 sed
673 409 801 448 illum
832 408 887 448 ad
918 422 998 449 sex
1029 410 1238 463 legiones,
1268 411 1442 464 quasin
1463 412 1675 451 ulteriore

211 463 480 517 reliquisset,
510 463 760 505 revertisse.
821 463 889 503 Ad
919 463 1061 518 ipsum
1093 470 1235 506 autem
1249 466 1463 507 Libonem
1492 466 1676 519 scripsit

209 517 321 558 nihil
353 532 462 565 esse,
490 518 575 559 nisi
606 519 662 559 ad
694 520 833 560 larem
862 532 987 559 suum
1020 521 1191 563 liceret.
1265 521 1444 561 Summa
1482 523 1675 576 postula-

210 579 370 627 torum,
401 580 450 614 ut
478 588 628 615 omnes
659 573 884 615 exercitus
926 575 1223 623 dimittantur,
1262 578 1336 631 qui
1376 578 1537 631 ubique
1577 577 1677 617 sint.

148 639 173 678 3
210 629 336 670 Haec
375 629 468 670 fere
508 630 562 670 de
599 631 753 671 Sexto.
812 629 883 670 De
921 629 1172 672 Buthrotiis
1217 633 1412 686 undique
1452 645 1680 686 quaerens,

210 684 324 725 nihil
367 686 651 739 reperiebam.
711 683 818 730 Alii,
867 684 1071 725 concisos
1118 687 1360 741 agripetas:
1409 688 1504 734 alii,
1541 688 1680 728 Plan—

210 753 324 792 cum,
368 740 564 795 acceptis
602 739 806 790 nummis,
845 741 1015 781 relictis
1056 741 1168 791 illis,
1218 742 1456 796 aufugisse.
1523 743 1681 797 Itaque

209 809 294 836 non
322 796 454 837 video
484 796 699 837 sciturum
729 809 813 848 me,
856 795 965 850 quid
1005 796 1098 836 eius
1138 798 1212 848 sit,
1253 797 1301 838 ni
1329 798 1478 838 statim
1509 798 1683 852 aliquid

149 856 174 895 ιι
211 852 454 892 literarum.
527 852 621 894 Iter
666 851 781 891 illud
830 850 1143 904 Brundisium,
1183 852 1238 893 de
1278 866 1365 906 quo
1412 853 1682 904 dubitabam,

208 907 429 948 sublatum
469 908 660 949 videtur.
735 906 956 961 Legiones
999 906 1117 948 enim
1167 908 1407 951 adventare
1456 909 1681 950 dicuntur.

208 963 335 1003 Haec
374 968 520 1004 autem
558 962 784 1016 navigatio
823 962 958 1003 habet
999 963 1212 1017 quasdam
1251 964 1528 1018 suspiciones
1566 963 1685 1019 peri-

208 1017 316 1058 culi.
375 1019 532 1073 Itaque
572 1018 895 1059 constituebam
933 1017 1001 1058 uti
1036 1015 1238 1071 ὁμοπλοίᾳ.
1296 1020 1579 1061 paratiorem
1617 1018 1684 1059 of-

212 1072 338 1113 fendi
367 1073 572 1126 Brutum,
612 1086 742 1127 quam
783 1073 1030 1114 audiebam.
1087 1073 1202 1114 Nam
1239 1078 1282 1115 et
1320 1076 1417 1129 ipse
1455 1076 1685 1116 Domitius

210 1130 325 1168 bona
353 1129 485 1182 plane
515 1127 648 1169 habet
677 1128 877 1169 dicrota:
916 1132 1104 1182 suntque
1133 1130 1314 1183 navigia
1351 1135 1584 1185 praeterea
1619 1131 1686 1170 lu-

211 1184 388 1224 culenta
426 1182 578 1236 Sestii,
628 1182 871 1230 Raciliam,
909 1187 1171 1225 ceterorum.
1230 1185 1345 1226 Nam
1383 1184 1534 1228 Cassii
1571 1185 1685 1226 clas-

306 1350 339 1384 2.
391 1348 554 1382 nuntiant
580 1348 689 1383 Philo
716 1354 753 1383 et
778 1348 946 1382 Hilarus.
997 1367 1037 1374 —
1086 1348 1320 1392 Karthagine
1344 1360 1453 1393 nova,
1480 1349 1572 1384 ietzt
1596 1349 1687 1383 Car-

212 1395 389 1443 thagena‚
416 1396 455 1429 in
482 1395 658 1441 Spanien.
703 1416 745 1423 —
789 1397 815 1438 †
839 1397 1011 1433 Boream.
1037 1396 1127 1431 Sch.
1155 1409 1252 1443 susp.
1279 1398 1494 1440 Bigerranu
1522 1397 1685 1431 Turneb.

210 1444 383 1477 Eboram.
410 1462 456 1469 -
490 1444 532 1477 de
559 1444 716 1478 Caesare
740 1444 765 1478 i.
792 1454 823 1478 e.
850 1444 896 1478 de
922 1444 1090 1479 Caesaris
1118 1456 1219 1479 nece.
1259 1464 1301 1470 -
1339 1456 1500 1479 concurs,
1526 1445 1570 1478 ad
1595 1445 1687 1479 Sex-

211 1497 305 1534 tum,
331 1491 408 1524 und
431 1502 507 1525 von
531 1492 635 1526 allen
659 1491 788 1526 Seiten
814 1491 911 1525 habe
936 1503 1024 1524 man
1048 1492 1131 1527 sich
1165 1505 1211 1526 zu
1236 1492 1318 1526 ihm
1358 1493 1602 1540 geschlagen.
1643 1509 1687 1517 -·

211 1539 329 1581 illum,
357 1538 522 1573 Sextum.
550 1560 592 1566 —-
620 1540 657 1573 in
680 1539 864 1573 ulteriore.
904 1540 989 1573 Asc.
1019 1542 1049 1574 1.
1085 1540 1183 1574 Crat.
1219 1540 1256 1573 in
1281 1541 1347 1575 ult.
1374 1541 1567 1583 Hispania.
1619 1539 1689 1573 Fa-

212 1586 285 1620 cile
312 1587 485 1621 excidere
510 1587 636 1633 potuit
660 1598 738 1621 voc.
764 1598 884 1632 prope
909 1587 1174 1627 necessarium,
1211 1598 1326 1632 quum
1364 1589 1403 1621 in
1439 1589 1581 1622 Ins-err.
1617 1587 1690 1620 hoc

214 1634 379 1668 obtineat
405 1635 670 1680 compendium
695 1635 928 1680 scripturae:
967 1636 1010 1670 P.
1035 1635 1084 1669 Η.
1115 1635 1157 1670 C.
1190 1649 1239 1667 Ξ
1271 1636 1470 1670 Provincia
1507 1635 1689 1680 Hispania

214 1681 393 1716 Citerior.
429 1682 622 1717 ORELLI.
652 1703 692 1709 —
721 1683 871 1726 scripsit
895 1682 1040 1717 Sextus.
1070 1702 1113 1708 —
1139 1682 1231 1716 nihil
1258 1708 1266 1717 .
1295 1711 1304 1719 .
1333 1707 1340 1716 .
1369 1685 1495 1718 liceret
1520 1684 1602 1718 scil.
1631 1693 1689 1716 re-

214 1730 329 1765 verti.
380 1729 594 1776 Scripserat
617 1730 753 1765 Sextus
777 1731 976 1777 Pompeius
1016 1742 1054 1765 se
1081 1732 1126 1765 ab
1151 1731 1267 1764 armis
1293 1742 1369 1766 non
1391 1742 1625 1765 recessurum
1655 1737 1692 1764 et

215 1788 346 1821 pacem
372 1779 571 1820 facturum,
609 1779 682 1812 nisi
716 1778 868 1812 domum
899 1779 1017 1824 patris
1053 1779 1109 1812 sui
1144 1790 1163 1812 a
1202 1779 1355 1813 Caesare
1392 1779 1621 1826 publicatam
1657 1784 1692 1811 et

214 1825 405 1860 venditam
432 1827 475 1859 ab
490 1826 652 1861 Antonio
678 1827 878 1871 reciperet.
906 1827 1023 1862 ERN.
1072 1826 1206 1861 Sextus
1225 1827 1368 1862 erhielt
1393 1839 1430 1860 es
1450 1827 1510 1860 nie
1535 1826 1692 1868 wieder,

214 1873 374 1906 sondern
408 1874 495 1908 liess
530 1874 614 1908 sich
652 1874 810 1908 endlich
850 1874 967 1908 damit
1008 1874 1239 1921 beruhigen‚
1283 1875 1363 1908 dass
1399 1886 1485 1908 man
1518 1874 1599 1908 ihm
1633 1873 1693 1907 die

243 1932 331 1954 anze
357 1922 618 1968 Erlossumme
642 1934 705 1956 aus
730 1922 803 1956 den
828 1923 1105 1970 versteigerten
1132 1924 1280 1957 Giitern
1305 1923 1427 1957 seines
1441 1923 1572 1956 Vaters
1598 1922 1693 1956 wie-

215 1933 367 2014 gei-gab.
403 1969 613 2005 GRATER.
640 1989 683 1995 -
708 1980 846 2003 summa
870 1971 1140 2013 postulatorum
1175 1983 1194 2003 a
1221 1970 1334 2005 Sexto
1360 1970 1451 2004 haec
1478 1976 1572 2012 erat,
1609 1969 1695 2012 ut‚“

216 2015 319 2049 seine
345 2016 795 2067 Friedensbedingungen
822 2018 942 2052 liefen
968 2017 1083 2052 dahin
1109 2031 1185 2060 aus,
1212 2017 1304 2054 dass
1338 2036 1385 2043 ··—
1422 2019 1651 2052 dimittantur
1676 2029 1695 2050 a

216 2063 457 2098 Caesarianis.
484 2083 527 2090 —
554 2066 653 2099 Haec
670 2068 762 2110 sere
786 2072 883 2105 sunt,
913 2077 1006 2110 quae
1033 2067 1075 2100 de
1100 2066 1209 2100 Sexto
1236 2066 1457 2101 audivimus.

312 2137 346 2170 3.
396 2135 454 2169 De
478 2136 623 2178 Budua,
648 2138 743 2172 iiber
768 2137 827 2172 die
851 2138 1051 2185 Vox-gange
1087 2150 1134 2172 zu
1160 2137 1398 2172 Buthrotum.
1441 2136 1477 2170 S.
1517 2147 1574 2181 ep.
1615 2136 1696 2178 748,

221 2184 255 2224 2.
283 2184 366 2226 746,
391 2185 425 2218 3.
453 2201 495 2208 -—-
522 2185 605 2218 Alii
631 2210 637 2217 .
664 2210 672 2218 .
700 2185 768 2219 alii
790 2185 872 2220 scil.
900 2186 1058 2219 aiebant.
1098 2203 1139 2209 —-
1177 2185 1311 2219 relictis
1336 2184 1415 2218 illis
1439 2183 1636 2232 agripetis.
1655 2202 1696 2207 —-

219 2229 344 2264 scitur.
371 2241 439 2273 me,
465 2232 550 2275 qnid
574 2232 679 2265 illius·
702 2233 764 2275 sit,
790 2232 865 2267 wie
898 2232 962 2265 ich
999 2232 1176 2266 erfahren
1202 2232 1310 2274 sone,
1352 2231 1448 2268 Was
1483 2232 1598 2265 daran
1631 2231 1696 2265 sei.

219 2278 257 2333 S:
286 2277 436 2312 Ramsh.
464 2279 495 2322 §.
525 2280 606 2319 104,
632 2282 664 2316 2.
691 2281 835 2315 Grotef.
862 2279 891 2322 ξ.
917 2281 998 2316 231.
1027 2299 1069 2306 -
1106 2280 1248 2325 aliquid
1272 2280 1466 2315 literarum
1491 2292 1510 2313 a
1537 2285 1574 2313 te
1600 2279 1698 2312 acci-

220 2337 336 2373 Plau)-

317 2399 350 2432 4.
396 2399 590 2440 sublatum,
634 2400 877 2448 ausgegeben.
914 2398 949 2433 S.
987 2410 1049 2444 ep·
1078 2400 1160 2442 748,
1177 2400 1211 2433 3.
1240 2417 1280 2424 —
1306 2397 1482 2441 Legiones
1500 2397 1655 2433 Antonii
1680 2408 1698 2431 e

222 2444 445 2480 Macedonia.
481 2466 522 2473 —
564 2447 667 2480 Haec
692 2472 700 2481 .
729 2474 737 2483 .
766 2447 955 2489 navigatio
982 2458 1000 2480 e
1024 2454 1137 2492 portu
1164 2447 1365 2480 Puteolano
1392 2457 1420 2479 s.
1446 2447 1609 2480 Puteolis
1634 2445 1698 2478 Ιια-

224 2496 280 2527 bet
305 2494 524 2537 suspiciones
548 2495 706 2539 periculi
729 2507 749 2528 a
774 2495 919 2541 piratis,
956 2494 1021 2539 qui
1059 2495 1098 2528 in
1135 2495 1206 2529 illo
1232 2495 1328 2527 mari
1353 2495 1484 2540 vagari
1509 2495 1698 2528 dicuntur.

224 2541 453 2576 ERNESTI.
496 2542 572 2576 cfr.
599 2554 656 2587 ep.
683 2544 763 2582 748,
788 2545 821 2577 3.
850 2561 891 2566 —
920 2538 1078 2585 ὄμοπλ.
1104 2543 1223 2577 Bruti.
1249 2542 1286 2576 S.
1302 2542 1470 2576 ebendas.
1499 2561 1539 2567 —
1565 2545 1701 2585 pai-aL,

224 2589 525 2637 bereitwilliger
548 2589 653 2623 dazu.
686 2591 774 2637 vgl.
803 2601 859 2635 ep.
888 2591 970 2631 749,
996 2593 1031 2626 3.
1076 2609 1118 2615 —
1157 2590 1346 2623 Domitius
1370 2589 1420 2622 ist
1446 2590 1487 2622 L.
1514 2588 1701 2623 Domitius

225 2636 499 2676 Ahenobarbus,
536 2637 606 2671 der
629 2637 700 2671 mit
724 2638 806 2671 ihm
831 2637 995 2679 abraha,
1022 2638 1129 2686 geht.
1174 2637 1211 2674 S.
1247 2649 1294 2671 zu
1327 2648 1385 2682 ep.
1413 2638 1492 2672 432.
1534 2636 1586 2669 im
1612 2637 1698 2668 Ans.

227 2703 266 2708 —
295 2684 453 2726 dicrota,
488 2685 773 2719 Zweiruderer.
829 2702 870 2709 —
920 2687 1042 2727 lucul.‚
1082 2686 1122 2718 in
1157 2684 1394 2718 herrlichem
1432 2682 1630 2717 Zustande.
1659 2703 1699 2708 —

223 2732 344 2765 Sestii.
387 2731 423 2769 S.
460 2743 506 2766 zu
543 2744 599 2778 ep.
628 2734 672 2769 15
711 2733 764 2767 im
801 2732 888 2768 Anf.
942 2752 983 2759 -
1034 2733 1231 2768 Buciliani.
1267 2732 1302 2766 S.
1331 2744 1388 2778 ep.
1416 2733 1497 2775 729,
1523 2734 1554 2767 2.
1582 2741 1703 2779 gegen
