1795 3086
468 116 787 160 EPISTOLA
821 118 1185 164 DCLXXXIX.
1517 124 1579 172 49

223 250 542 293 EPISTOLA
573 250 928 294 DCLXXXIX.
988 255 1066 306 (ad
1095 257 1188 298 Att.
1219 255 1351 299 XIV.
1382 258 1444 305 9.)

231 326 311 360 Scr.
340 327 509 361 Puteolis
535 326 611 363 XV.
638 326 720 361 Kal.
747 326 830 360 Mai.
858 327 901 360 A.
929 327 973 361 U.
1002 329 1042 362 C.
1078 333 1159 366 710.
1209 331 1259 375 (a.
1287 333 1328 367 C.
1355 334 1431 377 44.)

120 393 296 428 Breviter
320 392 490 439 primum
515 393 560 428 de
587 392 816 436 domesticis,
844 393 981 428 deinde
1008 394 1052 429 de
1078 397 1240 441 publicis
1267 400 1389 435 rebus.
1418 403 1490 436 1—
1506 403 1541 438 3.

589 482 770 518 CICERO
804 483 989 520 ATTICO
1024 483 1061 519 S.

194 552 264 594 De
304 565 352 593 re
393 550 575 607 publica
612 551 751 593 multa
789 552 981 607 cognovi
1022 565 1082 594 ex
1121 553 1211 596 tuis
1243 557 1418 612 literis,
1461 575 1571 616 quas
1630 571 1645 578 ·

12 633 15 657 ;,
83 608 267 663 quidem
294 607 553 662 multiiuges
583 607 740 663 accepi
771 622 858 649 uno
880 613 1080 663 tempore
1109 622 1137 651 a
1157 609 1363 655 Vestorii
1393 616 1571 660 liberto.

80 665 152 705 Ad
184 679 236 707 ea
265 667 425 711 autem,
465 676 579 719 quae
609 663 818 718 requiris,
859 664 986 706 brevi
1017 667 1309 719 respondebo.
1369 669 1572 714 Primum

12 761 13 765 ,
80 720 368 762 vehementer
406 732 475 759 me
517 719 735 761 Cluviana
775 719 1016 762 delectant.
1083 721 1175 763 Sed
1215 724 1335 777 quod
1376 729 1567 781 quaeris,

12 775 16 797 's
80 776 191 832 quid
232 774 509 817 arcessierim
552 774 888 831 Chrysippum.-
929 777 1141 818 tabernae
1180 778 1296 820 mihi
1327 779 1440 823 duae
1471 796 1569 824 cor-

80 836 262 875 ruerunt
290 830 579 887 reliquaeque
610 830 743 871 rimas
774 836 925 885 agunt.
997 832 1159 888 Itaque
1198 847 1286 876 non
1327 837 1469 878 solum
1499 839 1568 880 in-

11 897 14 932 }
79 887 255 945 quilini,
283 887 363 929 sed
392 901 539 928 mures
570 887 707 928 etiam
735 887 1055 941 migraverunt.
1115 889 1247 930 Hanc
1276 892 1419 933 ceteri
1448 894 1568 936 cala-

11 982 13 994 ,
78 944 280 986 mitatem
308 947 493 984 vocant:
524 955 606 996 ego
636 955 691 983 ne
720 941 1052 985 incommodum
1075 944 1271 999 quidem.
1331 946 1373 989 Ο
1406 948 1567 990 Socra-

12 1019 13 1022 *
79 1006 147 1042 tes
185 1003 229 1041 et
266 998 490 1040 Socratici
530 997 642 1039 viri!
692 1011 916 1053 nunquam
959 999 1088 1040 vobis
1127 1000 1319 1054 gratiam
1359 1003 1564 1045 referam.

10 1108 12 1110 Ι
79 1056 162 1097 Dii
191 1053 482 1106 immortales,
523 1066 655 1108 quam
683 1053 797 1095 mihi
841 1055 929 1096 ista
956 1069 1037 1108 pro
1069 1055 1237 1098 nihilo!
1295 1057 1387 1100 Sed
1417 1064 1566 1101 tamen

11 1133 13 1155 ς
81 1125 134 1153 ea
162 1109 277 1151 ratio
308 1108 581 1151 aedificandi
611 1108 766 1160 initur,
808 1110 1069 1153 consiliario
1101 1111 1281 1167 quidem
1310 1119 1355 1155 et
1383 1119 1566 1157 auctore

10 1162 13 1220 ζ
79 1166 310 1214 Vestorio,
352 1169 401 1206 ut
442 1164 531 1206 hoc
571 1164 778 1206 damnum
817 1170 1133 1220 quaestuosum
1172 1168 1246 1210 sit.
1314 1169 1405 1211 Hic
1433 1172 1563 1212 turba

10 1243 13 1270 3
80 1235 240 1276 magna
268 1225 350 1272 est,
381 1220 570 1275 eritque,
600 1224 650 1261 ut
680 1220 829 1267 audio,
866 1220 1024 1263 maior.
1081 1222 1186 1264 Duo
1216 1224 1395 1278 quidem
1433 1226 1562 1282 quasi
1598 1217 1626 1256 2

10 1290 16 1315 ε.
80 1276 300 1332 designati
330 1277 627 1317 consules...!
687 1275 728 1317 O
760 1276 827 1316 dii
856 1277 982 1318 boni!
1013 1277 1128 1319 vivit
1150 1281 1372 1334 tyrannis,
1404 1286 1561 1337 tyran—

10 1369 13 1378 ἶ
77 1347 160 1376 nus
190 1331 386 1374 occidit?
443 1331 557 1372 Eius
586 1330 817 1373 interfecti
844 1338 988 1375 morte
1016 1333 1246 1385 laetamur,
1287 1336 1412 1377 cuius
1441 1337 1562 1380 facta

10 1388 13 1443 ξ
77 1388 373 1431 defendimus!
430 1387 591 1443 Itaque
620 1400 751 1443 quam
779 1401 932 1430 severe
962 1401 1041 1430 nos
1066 1388 1131 1430 M.
1153 1389 1336 1432 Curtius
1367 1398 1561 1445 accusat,

11 1455 13 1458 ’
77 1450 126 1488 ut
153 1444 317 1501 pudeat
344 1442 520 1486 vivere:
550 1456 694 1498 neque
723 1442 903 1486 iniuria.
964 1444 1080 1488 Nam
1109 1447 1225 1488 mori
1246 1447 1411 1491 millies
1434 1462 1561 1504 prae-

11 1603 13 1640 }
78 1602 177 1638 zwei
203 1601 359 1637 solchen
387 1601 648 1650 Giinstlingen
688 1601 818 1635 C'zisars
853 1602 907 1635 als
942 1602 1096 1637 Mb’rder
1129 1603 1322 1638 desselben
1355 1616 1401 1638 zu
1427 1610 1561 1640 trauen

11 1679 13 1703 2
77 1651 180 1686 hatte
205 1652 341 1685 Brutus
368 1649 465 1684 auch
491 1661 560 1697 gar
585 1662 631 1683 zu
656 1649 882 1698 treuherzig
906 1650 987 1684 sein
1012 1654 1172 1687 xnfissen.

12 1729 13 1754 ξ
174 1721 206 1754 1.
238 1717 415 1757 Ῐ”ἐ.ςίονὶἰ,
441 1716 634 1750 Puteolani
660 1717 878 1764 argentarii.
919 1717 958 1751 S.
985 1717 1030 1751 ad
1054 1718 1169 1753 Attio.
1196 1719 1260 1761 IV,
1289 1721 1321 1755 6.
1351 1721 1405 1754 14.
1431 1721 1484 1756 16.
1502 1723 1559 1756 17.

12 1768 13 1798 ξ
78 1767 167 1810 V,2.
194 1767 303 1808 v1,2.
327 1766 499 1807 XI11,46.
525 1765 758 1804 xlv‚12.14.
784 1764 829 1798 ad
849 1765 983 1799 Famil.
1011 1766 1111 1808 VIII,
1139 1769 1173 1803 8.
1200 1785 1244 1791 —
1273 1767 1454 1802 Cluviana
1476 1768 1502 1803 i.
1528 1779 1558 1802 e.

15 1847 17 1851 ,
79 1826 172 1859 quae
199 1813 353 1849 Cluvius
380 1813 615 1860 argentarius
642 1823 739 1846 anno
774 1814 842 1848 709
875 1819 1045 1847 mortuus
1082 1814 1117 1847 ei
1150 1815 1352 1863 legaverat.
1404 1835 1446 1841 —
1499 1817 1559 1850 de—

77 1864 224 1904 lectam,
252 1862 337 1907 quia
363 1868 453 1896 tunc
479 1867 561 1895 erat
586 1860 751 1894 Puteolis
778 1873 1032 1906 praesensque
1059 1861 1221 1905 videbat,
1249 1875 1343 1909 quae
1369 1863 1442 1897 sibi
1469 1864 1558 1898 Clu-

77 1911 163 1945 vius
188 1910 415 1945 Puteolanus
442 1909 663 1954 reliquerat.
689 1909 890 1942 MANUT.
941 1909 976 1943 S.
1007 1921 1064 1955 ep.
1091 1912 1173 1953 629,
1200 1913 1232 1946 3.
1286 1930 1327 1935 —
1381 1910 1556 1957 Chrysip-

74 1970 160 2003 pum
186 1958 368 2001 Vettium,
392 1957 661 2000 architectum,
689 1957 783 2001 Cyri
810 1956 1014 1991 architecti
1040 1957 1234 1992 libertum.
1279 1958 1360 1992 Vid.
1389 1971 1445 2006 ep.
1478 1963 1555 1996 170.

13 2011 14 2024 ³
78 2027 122 2033 -
155 2007 327 2041 tabernae
357 2031 366 2038 .
400 2031 409 2040 .
446 2007 538 2039 duae
574 2016 647 2039 von
682 2005 752 2038 der
785 2004 992 2039 Erbschaft
1024 2006 1088 2039 des
1126 2007 1295 2040 Cluvius.
1347 2026 1389 2031 —
1442 2008 1558 2042 rimas

77 2059 205 2098 agunt,
238 2054 463 2089 bekommen
498 2053 618 2096 Risse,
653 2052 800 2087 drohen
833 2053 906 2086 den
932 2053 1125 2088 Einsturz.
1180 2073 1222 2078 —
1271 2055 1456 2100 inquilini,
1496 2056 1555 2090 die

76 2102 318 2151 Miethlinge.
372 2123 414 2128 —
466 2103 570 2136 Hanc
596 2125 605 2134 .
632 2127 640 2136 .
667 2105 807 2143 vocant,
839 2102 911 2135 Das
947 2113 1098 2135 nennen
1128 2102 1278 2137 Andere
1318 2103 1380 2137 ein
1406 2115 1555 2148 grosses

77 2150 272 2199 Ungliick.
321 2150 357 2186 S.
385 2150 537 2185 Ramsh.
567 2149 594 2191 §.
624 2150 704 2190 159,
732 2153 763 2184 1.
803 2149 950 2183 Grotef.
978 2149 1010 2191 §⁶
1037 2151 1118 2184 211.
1173 2172 1213 2177 -—
1266 2162 1444 2195 nunquam
1471 2178 1479 2185 .
1508 2178 1516 2186 .
1545 2177 1553 2185 .

14 2224 16 2228 -
75 2202 252 2243 reseram,
278 2199 340 2233 nie
355 2199 475 2232 werd'
503 2197 565 2231 ich
585 2197 681 2231 euch
696 2209 823 2246 genug
839 2197 990 2232 danken
1004 2197 1174 2232 konnen!
1201 2199 1282 2232 dass
1300 2199 1367 2232 ich
1382 2199 1554 2233 n'a'mlich

77 2246 201 2282 durch
220 2247 318 2282 euch
337 2247 467 2281 diesen
482 2245 735 2281 Gleichinuth
755 2257 967 2293 gewonnen
982 2245 1089 2279 habe.
1139 2251 1277 2290 quaest.
1305 2247 1341 2281 S.
1353 2259 1409 2293 ep.
1424 2249 1551 2289 691,2.

171 2297 206 2330 2.
255 2295 340 2339 Hic,
374 2302 412 2330 et
436 2306 597 2328 mecum.
647 2312 689 2318 —
740 2294 865 2333 turba,
902 2295 1240 2337 Zusammenfluss,
1275 2295 1445 2330 Gewiihl
1478 2306 1552 2329 von

14 2354 15 2357 ¹
77 2342 230 2377 Leuten.
262 2363 304 2368 -
356 2344 458 2389 quasi
483 2342 669 2385 designati
694 2343 866 2383 consules,
900 2342 961 2376 die
989 2349 1199 2376 ernannten
1225 2343 1551 2386 Quasi-consules

14 2399 18 2433 ᾗ
76 2390 241 2431 (Hirtius
266 2391 343 2424 und
368 2392 499 2434 Pansa)
532 2390 761 2439 wenigstens
786 2389 943 2424 werden
978 2389 1075 2424 auch
1100 2390 1293 2434 kommen,
1329 2391 1440 2424 nicht
1464 2390 1550 2423 feh-

15 2444 40 2478 g
75 2438 151 2473 len.
200 2437 237 2472 S.
265 2450 322 2485 ep.
350 2441 431 2481 691,
458 2441 490 2475 2.
542 2439 630 2473 Non
661 2438 797 2483 populi
829 2438 1035 2485 suffragiis,
1074 2438 1136 2471 sed
1163 2439 1329 2473 Caesaris
1355 2439 1551 2472 voluntate

15 2496 17 2499 ’
75 2486 264 2534 designati
291 2494 407 2521 erant.
440 2506 478 2512 —
513 2487 614 2520 cuius
630 2487 754 2528 sacta.
782 2486 874 2523 Em,
902 2498 1000 2531 susp.
1030 2486 1129 2520 cuius
1153 2486 1346 2529 interfecti
1371 2512 1378 2518 .
1407 2511 1415 2519 .
1442 2511 1449 2518 .
1477 2486 1551 2519 eius

14 2532 18 2572 J
76 2534 183 2577 (vivi)
210 2535 335 2577 sacta.
385 2535 550 2571 Warum
584 2534 693 2568 nicht
728 2534 837 2568 acta?
889 2533 1001 2567 Siehe
1043 2546 1089 2567 zu
1122 2545 1181 2579 ep.
1219 2536 1300 2576 655,
1329 2535 1362 2568 2.
1407 2535 1490 2575 652,
1520 2536 1548 2568 l.

14 2577 16 2627 J
75 2582 163 2630 Vgl.
189 2582 322 2617 iedoch
355 2594 412 2627 ep.
447 2585 589 2623 690,⁷1.
642 2583 737 2616 Dem
770 2582 957 2616 Antonius
991 2581 1284 2626 hauptsi‘ichlich
1319 2580 1392 2624 gilt
1427 2581 1550 2614 dieser

76 2628 195 2664 Stich.
248 2649 289 2655 -—
342 2632 398 2667 M.
426 2631 576 2664 Curtius
610 2636 665 2664 est
702 2630 784 2665 ille.
819 2640 929 2673 quem
956 2629 1113 2676 indigne
1140 2630 1287 2662 serebat
1313 2628 1359 2661 de
1385 2629 1548 2673 petendo

77 2678 271 2712 consulatu
294 2679 463 2725 cogitare
490 2690 548 2723 ep.
573 2680 654 2720 579,
682 2680 712 2713 l.
764 2678 800 2711 Is
827 2678 949 2722 igitur
975 2677 1143 2711 Caesaris
1170 2677 1439 2710 interfectores
1469 2688 1548 2710 eos-

76 2735 166 2767 que,
207 2726 272 2771 qui
311 2727 357 2759 iis
388 2726 582 2767 favebant,
621 2726 793 2773 graviter
825 2725 1037 2763 accusabat,
1073 2724 1173 2767 quod
1210 2725 1289 2757 sino
1323 2736 1429 2758 causa
1462 2724 1547 2757 scil.

75 2772 268 2808 Caesarem
292 2773 527 2816 occidissent,
553 2785 670 2818 quum
694 2774 772 2809 eius
799 2775 895 2807 facta
920 2772 1181 2809 defenderent.
1209 2773 1316 2807 SCH.
1355 2790 1395 2798 —-
1437 2782 1547 2815 prae-

556 2852 606 2878 lv,
1122 2827 1147 2865 4

140 2852 200 2880 Cic·
223 2852 326 2882 Briefe
345 2862 374 2879 v.
395 2852 518 2881 Billsrb.
