1795 3086
338 131 655 177 EPISTOLA
683 131 962 175 DCCLXX.
994 133 1294 176 DCCLXXI.
1461 132 1552 178 227

84 247 211 285 teret.
270 243 341 285 De
379 243 641 297 Lepidianis
679 243 804 285 feriis
843 242 1008 286 Balbus
1047 246 1105 287 ad
1135 259 1204 286 me
1233 257 1371 299 usque
1401 245 1457 285 ad
1488 260 1549 286 111.

85 298 273 341 Kalend.
332 300 616 354 Exspectabo
646 304 742 340 tuas
774 299 952 339 literas:
993 299 1135 354 deque
1164 301 1387 355 Torquati
1417 313 1551 354 nego-

85 355 194 396 tiolo
225 355 439 396 sciturum
467 358 586 408 puto.
646 353 805 404 Quinti
835 353 989 394 literas
1019 356 1077 395 ad
1105 360 1148 397 te
1178 356 1295 408 misi,
1323 360 1372 396 ut
1400 355 1554 402 scires,

85 424 215 464 quam
243 410 376 452 valde
407 423 505 451 eum
534 413 726 457 amaret,
762 422 894 464 quem
934 407 1062 450 dolet
1091 423 1116 450 a
1145 416 1189 452 te
1219 412 1363 452 minus
1393 410 1548 452 amari.

84 466 279 515 Atticae,
320 464 544 520 quoniam,
590 465 710 519 quod
741 465 954 520 optimum
984 464 1030 504 in
1061 467 1209 519 pueris
1237 471 1320 517 est,
1360 465 1553 508 hilarula

86 527 170 573 est,
200 521 308 562 meis
338 521 485 562 verbis
515 521 716 561 suavium
747 521 840 561 des.
892 519 1021 560 Vale.

232 708 545 751 EPISTOLA
576 707 879 750 DCCLXXI.
937 708 1013 759 (ad
1042 707 1134 749 Att.
1163 707 1298 750 XVI.
1330 712 1415 759 12.)

322 787 402 821 Sor.
428 787 529 820 VIII.
556 787 609 821 Id.
637 788 732 821 Nov.
762 789 804 821 A.
833 788 876 821 U.
907 789 945 820 C.
973 789 1051 823 710.
1102 787 1149 829 (a.
1176 787 1216 821 C.
1244 788 1318 829 44.)

325 854 462 889 Scribit
490 865 528 888 se
555 853 733 888 arbitrari
756 855 855 898 prid.
882 854 936 888 Id.
966 855 1106 889 Romae
1131 857 1313 889 futurum.

596 924 775 959 CICERO
803 924 989 959 ATTICO
1019 925 1057 960 S.

198 994 337 1047 Oppii
386 992 624 1047 epistolae,
672 992 779 1045 quia
827 991 1102 1045 perhumana
1152 998 1271 1041 erat,
1321 994 1403 1035 tibi
1453 996 1556 1036 misi

89 1049 354 1103 exemplum.
439 1047 510 1088 De
552 1046 737 1098 Ocella,
787 1046 891 1088 dum
937 1053 986 1089 tu
1025 1049 1272 1103 muginaris
1321 1063 1403 1091 nec
1442 1051 1556 1091 mihi

90 1104 332 1159 quidquam
362 1102 589 1153 rescribis,
629 1103 728 1156 cepi
758 1103 995 1144 consilium
1025 1104 1329 1147 domesticum.
1398 1105 1557 1160 Itaque

88 1174 158 1201 me
198 1159 344 1213 pridie
384 1159 492 1199 Idus
530 1157 724 1198 arbitror
762 1157 933 1199 Romae
975 1158 1186 1201 futurum.
1268 1161 1556 1202 Commodius

91 1220 159 1256 est
193 1214 338 1256 visum
377 1213 545 1254 frustra
581 1227 649 1253 me
686 1213 790 1254 istic
829 1227 940 1266 esse,
988 1229 1123 1269 quum
1160 1216 1208 1256 id
1248 1229 1336 1257 non
1374 1230 1556 1258 necesse

91 1274 221 1321 esset,
251 1283 395 1324 quam,
435 1268 475 1309 si
504 1282 613 1322 opus
644 1274 775 1320 esset,
816 1283 902 1309 non
933 1270 1110 1312 adesse:
1150 1275 1195 1312 et
1223 1272 1371 1324 simul,
1400 1286 1456 1313 ne
1487 1273 1557 1312 in·

90 1325 381 1376 tercluderer,
410 1325 666 1365 metuebam.
736 1324 825 1365 Ille
854 1326 970 1366 enini
999 1327 1089 1367 iam
1118 1327 1358 1368 adventare
1387 1332 1557 1382 potest:

90 1381 176 1422 etsi
205 1381 322 1422 varii
352 1393 550 1421 rumores
579 1380 813 1434 multique,
852 1394 962 1435 quos
993 1395 1197 1436 cuperem
1226 1395 1371 1423 veros.
1427 1382 1559 1423 Nihil

90 1443 237 1478 tamen
266 1436 393 1477 certi.
450 1435 549 1490 Ego
568 1449 690 1487 vero,
721 1435 940 1490 quidquid
966 1441 1046 1490 est,
1068 1440 1214 1478 tecum
1236 1438 1398 1491 potius,
1429 1451 1560 1493 quam

91 1491 227 1533 animi
268 1491 506 1545 pendeam,
543 1504 678 1545 quum
717 1504 743 1531 a
781 1495 824 1532 te
854 1493 1019 1546 absim,
1063 1497 1108 1533 et
1147 1492 1202 1534 de
1241 1497 1285 1533 te
1315 1497 1360 1534 et
1389 1493 1445 1535 de
1474 1507 1557 1534 me.

186 1660 217 1695 8.
243 1659 300 1692 De
324 1658 538 1703 Lepidianis
555 1659 684 1701 seriis,
711 1658 803 1692 iiber
828 1658 886 1692 die
913 1659 1160 1707 Festsetzung
1186 1660 1253 1694 der
1271 1661 1409 1694 Ferien
1435 1660 1557 1695 durch

92 1708 164 1742 den
190 1707 457 1752 Oberpontifex
482 1707 657 1752 Lepidus.
710 1706 745 1741 S.
769 1718 827 1751 ep.
855 1708 935 1745 749,
961 1708 993 1741 4.
1048 1706 1194 1751 Scripsi
1220 1720 1305 1741 cum
1334 1709 1433 1742 Crat.
1459 1708 1556 1740 Vict.

95 1759 135 1791 l:
161 1754 382 1798 Lepidianis,
412 1760 453 1788 ut
479 1754 691 1788 Catulliana
718 1754 884 1788 carmina
918 1754 1088 1797 dicimus,
1125 1766 1200 1789 non
1227 1756 1445 1798 Catullana3
1481 1755 1557 1788 nisi

95 1804 226 1837 Cicero
258 1803 437 1836 formavit
468 1802 668 1846 Lepidimle,
702 1808 743 1836 ut
776 1802 867 1835 alibi
899 1802 939 1834 in
975 1801 1064 1835 Cdd.
1100 1808 1202 1836 certe
1239 1809 1293 1837 est
1322 1804 1554 1840 Caesarinus,

94 1850 268 1885 Hirtinus.
296 1850 369 1884 OR.
398 1869 440 1874 —
467 1851 514 1883 ad
539 1861 593 1883 me
618 1850 781 1895 scripsit.
808 1868 854 1874 —
879 1860 988 1893 usque
1015 1850 1064 1883 ad
1087 1862 1148 1883 ιιι.
1177 1850 1276 1893 Kal,
1302 1851 1384 1885 dass
1412 1851 1476 1884 ich
1502 1851 1557 1884 bis

93 1910 180 1933 zum
205 1899 261 1933 29.
287 1897 502 1933 November
526 1898 723 1932 abwesend
749 1898 826 1932 sein
851 1897 997 1938 k'o'nne3
1033 1897 1112 1931 dass
1139 1897 1199 1931 die
1225 1899 1363 1933 Ferien
1390 1899 1444 1932 bis
1470 1910 1558 1932 zum

94 1948 154 1983 29.
180 1946 371 1980 dauerten.
400 1963 441 1969 —-
468 1946 592 1989 Exsp„
619 1945 684 1979 ich
707 1945 835 1980 werde
860 1945 938 1979 also
965 1951 1042 1979 erst
1067 1945 1270 1980 abwarten.
1300 1966 1341 1971 -
1370 1946 1558 1990 Torquati,

95 1994 141 2028 ob
167 1994 210 2028 A.
243 1993 373 2026 Manlii
404 1992 587 2038 Torquati
625 1995 666 2034 (s.
689 2005 744 2039 ep.
770 1995 840 2029 517
865 1993 918 2025 im
952 1993 1036 2027 Anf.
1062 1994 1143 2028 524.
1169 1994 1248 2030 526.
1276 1996 1384 2034 559),
1420 1994 1488 2027 der
1513 1994 1559 2028 de

96 2041 219 2075 Finib.
246 2042 296 2080 11,
322 2043 379 2083 22,
405 2041 450 2073 ad
474 2042 589 2076 Attio.
617 2043 662 2080 V,
690 2044 720 2076 l.
761 2041 835 2074 und
860 2040 906 2074 ad
931 2040 1064 2075 Famil.
1091 2042 1155 2083 VI,
1182 2044 1202 2076 l
1238 2042 1409 2077 erw‘zihnt
1433 2042 1559 2083 wird,

95 2089 186 2123 oder
210 2089 251 2122 L.
279 2088 411 2122 Manlii
435 2088 615 2132 Torquati
641 2089 685 2123 de
713 2089 861 2123 Finibb.
890 2092 922 2130 1,
947 2090 979 2123 5.
1007 2088 1053 2121 ad
1078 2088 1189 2125 Attio.
1216 2090 1280 2130 IV,
1308 2092 1362 2125 16.
1389 2090 1476 2131 VII,
1505 2091 1559 2124 12.

96 2138 158 2177 IX,
182 2138 243 2172 85>
292 2137 378 2171 Non
404 2137 501 2170 male
525 2148 655 2185 marg-o
682 2138 795 2172 1584:
821 2146 943 2180 meque
968 2136 1010 2170 de
1035 2137 1074 2170 T.
1100 2137 1287 2179 negotiola
1311 2138 1487 2171 sciturum
1514 2149 1559 2170 ex

98 2185 217 2219 Oxon.
245 2186 277 2219 1.
303 2186 335 2220 2.
362 2184 434 2218 OR.
463 2203 503 2208 —
533 2196 608 2218 eam
636 2189 785 2226 amaret,
812 2185 850 2227 Q.
879 2185 1100 2219 Ciceronem
1126 2185 1257 2220 filium.
1285 2204 1326 2210 -—
1362 2187 1401 2219 in
1425 2186 1560 2229 pueris,

97 2244 142 2266 an
166 2232 347 2267 Kindern.
375 2253 417 2258 —
443 2234 532 2266 meis
555 2233 688 2274 verbis,
714 2233 753 2266 in
780 2233 944 2267 meinem
970 2233 1126 2266 Namen.

124 2298 127 2299 ⁷
193 2302 225 2335 1.
275 2300 315 2334 C.
343 2299 465 2343 Oppii,
503 2300 604 2334 eines
630 2300 822 2334 Freundes
858 2311 932 2334 von
959 2300 1089 2334 Cicero
1125 2300 1202 2334 und
1226 2301 1465 2348 vormaligen
1491 2302 1563 2334 Le-

100 2353 210 2395 gaten
235 2347 299 2381 des
325 2348 455 2381 C'a'sars
481 2347 520 2380 in
545 2348 686 2381 Africa.
738 2347 774 2382 S.
815 2360 861 2381 zu
892 2359 950 2393 ep.
978 2350 1045 2383 747
1083 2348 1136 2380 im
1162 2349 1249 2383 Ans.
1300 2368 1347 2374 —
1395 2349 1479 2381 misi
1514 2360 1563 2379 Ξ

101 2394 210 2428 mitto
234 2406 307 2428 una
332 2406 417 2429 cum
442 2394 501 2429 his
527 2396 661 2430 literis.
687 2413 733 2420 —-
757 2396 977 2438 muginaris,
1004 2395 1129 2429 indem
1145 2397 1204 2431 Du
1224 2397 1386 2431 dar-iiber
1412 2397 1566 2433 briitesn

103 2441 204 2474 nihil
229 2443 420 2488 explicans
446 2442 584 2477 differs.
612 2444 810 2477 MANUT.
846 2464 887 2470 —
921 2443 1044 2477 consil.
1071 2445 1177 2486 down„
1202 2445 1312 2478 einen
1338 2443 1564 2477 Entschluss

100 2491 167 2523 auf
189 2490 311 2524 meine
337 2491 469 2538 eigene
495 2491 651 2532 Gesahr,
680 2492 702 2523 i.
733 2502 762 2524 e.
790 2503 809 2523 a
835 2502 893 2524 me
920 2493 1015 2537 ipso,
1040 2493 1248 2538 proprium.
1301 2485 1402 2526 Uber
1431 2492 1566 2531 Ocella,

102 2537 174 2571 den
199 2538 454 2582 Pompeianer,
489 2552 517 2572 s.
545 2539 590 2572 ad
615 2539 745 2572 Famil.
773 2539 823 2579 ΙΙ,
852 2540 909 2581 15,
942 2540 1044 2581 VIII,
1070 2543 1103 2574 7.
1137 2540 1182 2573 ad
1208 2540 1316 2574 Attin.
1354 2540 1397 2580 X,
1425 2542 1479 2574 13.
1507 2541 1565 2573 lss:

104 2603 147 2609 -
171 2584 295 2628 pridie
319 2586 373 2618 Id.
401 2587 509 2626 Nov„
536 2599 593 2620 am
620 2588 674 2622 12.
703 2586 926 2620 November.
967 2607 1010 2612 —
1049 2589 1233 2627 commod,
1259 2587 1494 2634 gerathener.
1525 2605 1566 2610 -—

33 2679 35 2681 ι
102 2633 308 2671 interclusi„
335 2632 399 2666 ich
425 2634 577 2669 mochte
602 2646 678 2668 von
701 2634 797 2667 Rom
814 2634 1096 2680 abgeschuittcn
1118 2635 1281 2668 werden.
1310 2654 1351 2659 —
1380 2636 1445 2668 ille
1465 2635 1567 2673 enim,

104 2680 301 2714 Antonius.
321 2699 367 2705 —
393 2682 596 2723 adventare,
622 2682 697 2715 alle
723 2682 985 2728 Augenblicke
1010 2684 1300 2716 ankommen.-
1329 2693 1423 2718 vero,
1449 2682 1569 2716 wi1=k2

106 2728 199 2768 lich,
224 2730 264 2761 in
290 2727 359 2761 der·
385 2728 491 2762 That.
519 2748 564 2754 --
589 2735 702 2762 lecum
726 2730 847 2772 potius
872 2729 1126 2764 deliberarim.
1153 2748 1194 2754 —
1223 2741 1327 2773 qaam
1354 2732 1571 2774 animipen-

36 2797 38 2807 .
108 2776 220 2817 deam,
256 2786 361 2818 quum
403 2788 425 2810 a
462 2782 495 2807 te
528 2778 652 2817 absim,
690 2777 745 2810 als
782 2777 869 2810 hier
900 2778 1015 2811 allein
1052 2790 1111 2811 am
1138 2777 1284 2811 Kreuze
1323 2778 1470 2823 haugen
1536 2777 1559 2810 S

1085 2830 1177 2870 15*
