1795 3086
221 85 284 133 86
494 85 557 129 Μ.
588 88 644 130 Τ.
675 85 1014 131 CICERONIS
1042 87 1413 132 EPISTOLAE.

223 198 380 240 liorem
408 211 536 252 quam
565 211 613 239 se
643 197 945 242 arbitraretur.
1012 199 1113 242 Hoc
1140 199 1275 242 etiam
1303 200 1433 242 malis
1462 200 1692 256 contingit.

226 252 350 303 Quid
379 258 427 295 tu
455 254 598 294 Bruto
627 258 778 307 putas,
819 259 862 296 et
897 256 1126 309 ingenioso
1164 260 1210 298 et
1247 256 1450 297 erudito!
1497 256 1570 297 De
1607 271 1695 311 quo

226 309 361 351 etiam
390 308 563 363 experti
593 322 738 350 sumus
766 324 905 364 nuper
934 312 981 350 in
1011 310 1171 353 edicto.
1230 311 1505 366 Scripseram
1534 317 1696 366 rogatu

225 370 315 407 tuo.
372 364 523 405 Meum
552 363 664 405 mihi
691 365 917 418 placebat,
948 366 1018 406 illi
1040 380 1177 408 suum.
1234 367 1357 417 Quin
1379 366 1534 420 etiam,
1562 380 1697 423 quum

225 421 364 474 ipsius
404 418 606 474 precibus
643 433 780 474 paene
821 421 1039 463 adductus
1078 423 1357 477 scripsissem
1397 421 1453 462 ad
1502 423 1600 464 eu'in
1640 421 1698 463 de

226 477 392 529 optimo
433 487 592 529 genere
633 475 835 529 dicendi,
873 490 959 517 non
998 478 1130 519 modo
1159 477 1298 530 mihi,
1338 477 1418 519 sed
1448 477 1582 518 etiam
1610 477 1696 518 tibi

226 531 432 584 scripsit,
478 530 564 572 sibi
601 531 732 589 illud,
784 532 901 586 quod
938 531 1051 573 mihi
1099 534 1322 587 placeret,
1369 546 1456 574 non
1504 533 1697 587 probari.

226 585 376 635 Quare
405 585 501 626 sine
529 599 690 640 quaeso
719 588 806 628 sibi
836 601 1050 643 quemque
1080 588 1290 631 scribere.

307 639 454 684 Suam
494 642 661 696 cuique
697 654 940 700 sponsam,
987 643 1097 685 mihi
1137 656 1308 695 meam3
1360 655 1492 686 suum
1533 642 1701 696 cuique

366 725 379 734 ,,
885 710 1104 755 amorem,
1132 699 1242 741 mihi
1266 710 1427 741 meum.

226 749 330 792 Non
359 751 484 792 scite.
543 750 645 793 Hoc
673 753 791 794 enim
819 752 1028 807 Attilius,
1057 754 1189 807 poeta
1218 754 1496 797 durissimus.
1556 753 1700 809 Atque

225 806 394 847 utinam
423 807 561 847 liceat
589 807 665 849 isti
705 809 979 850 concionari!
1033 809 1118 850 Cui
1156 809 1195 850 si
1234 823 1329 850 esse
1368 811 1415 850 in
1454 809 1563 850 urbe
1601 813 1700 850 tuto

226 861 406 913 licebit,
444 863 648 904 vicimus.
706 865 880 906 Ducem
910 866 1028 906 enim
1056 866 1158 906 novi
1187 865 1298 905 belli
1327 864 1477 906 civilis
1515 868 1593 906 aut
1629 878 1703 905 ne·
1748 913 1754 917 ⁶

226 931 299 958 mo
329 921 536 971 sequetur
565 924 639 960 aut
667 920 701 959 ii
732 924 995 975 sequentur,
1033 921 1111 976 qui
1141 920 1276 961 facile
1305 920 1552 962 vincantur.
1611 919 1703 961 Ve-

227 973 303 1013 nio
333 972 389 1012 ad
417 974 607 1016 tertiam.
666 976 829 1019 Gratas
859 976 998 1018 fuisse
1027 989 1146 1017 meas
1170 976 1326 1017 literas
1356 976 1497 1017 Bruto
1528 978 1574 1016 et
1594 974 1703 1017 Cas-

227 1029 296 1070 sio
327 1028 510 1082 gaudeo.
566 1030 725 1085 Itaque
756 1033 814 1074 iis
844 1032 1071 1085 rescripsi.
1129 1031 1261 1081 Quod
1293 1032 1495 1073 Hirtium
1524 1044 1605 1085 per
1633 1045 1704 1072 me

227 1084 458 1124 meliorem
494 1084 596 1126 fieri
634 1088 814 1128 volunt:
851 1087 908 1128 do
938 1087 1142 1141 equidem
1171 1100 1376 1141 operam,
1405 1090 1451 1128 et
1479 1086 1560 1127 ille
1589 1087 1705 1140 opti-

229 1153 299 1179 me
328 1140 550 1193 loquitur3
590 1141 669 1182 sed
710 1143 825 1184 vivit
862 1142 1123 1196 habitatque
1162 1155 1261 1182 cum
1290 1142 1456 1191 Balbo,
1493 1143 1568 1195 qui
1597 1142 1706 1182 item

228 1195 339 1235 bene
368 1195 579 1249 loquitur.
649 1195 771 1246 Quid
800 1198 982 1251 credas,
1021 1196 1200 1239 videris.
1266 1197 1542 1238 Dolabellam
1575 1197 1706 1239 valde

230 1250 410 1304 placere
450 1251 535 1291 tibi
573 1251 727 1294 video:
773 1253 885 1294 mihi
924 1253 1102 1308 quidem
1138 1253 1328 1307 egregie.
1405 1253 1516 1294 Cum
1559 1252 1707 1294 Pansa

229 1305 325 1347 vixi
353 1306 398 1346 in
426 1305 716 1360 Pompeiano.
774 1309 820 1349 Is
851 1310 982 1364 plane
1011 1308 1122 1349 mihi
1149 1309 1364 1363 probabat
1393 1322 1440 1349 se
1470 1309 1579 1349 bene
1608 1322 1707 1350 sen-

232 1361 320 1401 tire
359 1366 404 1402 et
447 1375 609 1415 cupere
648 1377 815 1418 pacem.
903 1365 1091 1406 Causam
1131 1377 1354 1405 armorum
1392 1363 1549 1418 quaeri
1577 1364 1707 1418 plane

232 1416 380 1458 video.
438 1417 652 1459 Edictum
674 1419 806 1461 Bruti
827 1423 872 1461 et
893 1420 1039 1462 Cassii
1058 1421 1209 1474 probo.
1264 1419 1472 1470 Quaeris,
1501 1424 1550 1460 ut
1567 1420 1706 1461 susci-

234 1544 303 1566 ner
329 1535 553 1570 Grundsatz.
580 1557 626 1563 —
655 1538 748 1574 Quid
772 1565 780 1574 .
804 1564 812 1572 .
842 1563 853 1574 .
883 1538 1042 1580 erudito,
1068 1538 1138 1571 wie
1165 1537 1300 1571 kannst
1322 1539 1383 1572 Du
1407 1537 1591 1581 glauben,
1626 1539 1710 1574 dass

235 1582 307 1615 mit
332 1585 487 1625 Brutus,
521 1586 641 1619 einem
670 1598 710 1620 so
735 1587 985 1631 geistreichen
1012 1586 1087 1619 und
1112 1586 1306 1630 gelehrten
1338 1586 1494 1628 Manne,
1528 1587 1595 1620 der
1624 1588 1709 1623 Fan

235 1630 368 1664 andex-s
395 1632 472 1665 sein
500 1635 648 1669 werde?
674 1654 718 1659 —
744 1635 781 1668 in
808 1635 922 1670 edicto
948 1635 1160 1680 praetorio,
1187 1634 1291 1667 cuius
1306 1635 1539 1668 mentionem
1565 1636 1710 1670 faciunt

234 1679 369 1712 Brutus
403 1687 441 1712 et
475 1682 619 1717 Cassius
659 1683 697 1717 in
735 1683 843 1728 epist.
878 1683 921 1716 ad
961 1683 1164 1717 Antonium
1199 1682 1264 1722 XI,
1297 1684 1320 1718 2
1351 1682 1407 1722 (h.
1443 1683 1502 1718 ed.
1535 1684 1629 1726 713).
1661 1702 1708 1709 —

234 1726 373 1770 Scrips.
401 1738 484 1770 rog.
511 1733 557 1771 t.‚
590 1731 652 1764 ich
678 1733 783 1765 hatte
809 1732 875 1764 auf
898 1732 994 1765 Dein
1019 1730 1217 1779 Begehren
1243 1731 1337 1763 auch
1364 1741 1404 1763 so
1429 1731 1555 1764 Etwas
1579 1731 1708 1777 ausge-

234 1781 341 1809 setzt.
368 1793 410 1799 -
438 1777 482 1810 cle
508 1782 581 1821 opt.
607 1789 692 1821 gen.
718 1780 787 1813 dic.
822 1779 861 1815 S.
896 1791 957 1824 ep.
991 1781 1075 1823 453,
1108 1781 1144 1815 2.
1179 1779 1262 1821 474,
1295 1780 1332 1813 4-
1367 1779 1447 1819 521,
1481 1779 1514 1812 3.
1548 1779 1628 1814 713.
1662 1798 1709 1806 -

234 1832 303 1856 non
326 1823 491 1867 probari.
525 1826 559 1859 S.
588 1839 632 1861 zu
658 1828 740 1867 641,
769 1829 800 1863 2.
833 1846 877 1852 --
911 1828 1022 1861 Suam
1048 1852 1056 1861 .
1082 1853 1091 1860 .
1119 1837 1250 1867 meum,
1283 1827 1342 1859 ein
1374 1826 1559 1860 trochaic.
1592 1833 1710 1861 tetra-

234 1877 325 1904 met.
362 1889 405 1895 -—
442 1873 664 1908 durissimus.
716 1877 759 1910 In
793 1887 863 1920 quo
893 1876 1046 1909 tandem
1071 1875 1160 1909 insit
1183 1885 1251 1908 ηοη
1275 1875 1403 1908 scitum
1435 1874 1559 1914 istud,
1593 1886 1709 1921 expu-

233 1924 315 1951 tare
342 1930 532 1965 nunquam
559 1924 678 1966 potui.
726 1923 923 1957 Sententia
948 1924 1027 1968 ipsa
1052 1924 1154 1957 enim
1186 1922 1316 1955 eadem
1343 1928 1399 1955 est
1431 1934 1474 1956 ac
1501 1923 1635 1964 Tullii,
1670 1931 1712 1958 nt

235 1966 314 2011 ipse
340 1968 491 2002 scribit:
525 1971 636 2005 verba
661 1977 785 2005 autem
812 1971 909 2005 nihil
933 1970 1075 2004 habent
1100 1982 1169 2005 nec
1185 1970 1334 2004 molesti
1351 1981 1423 2003 nec
1448 1971 1566 2016 inepti
1591 1983 1710 2017 neque

235 2016 437 2049 rusticani:
473 2017 611 2059 immo,
645 2020 685 2052 ni
712 2031 850 2065 magno
878 2030 992 2064 opere
1019 2019 1146 2057 fallor,
1181 2030 1250 2051 nec
1283 2019 1460 2052 Plautum
1492 2030 1611 2065 neque
1636 2022 1709 2054 Te-

233 2063 401 2097 rentium
426 2063 537 2099 huius
562 2067 718 2112 puderet
745 2068 929 2101 versiculi.
980 2067 1143 2101 Meliora
1173 2073 1296 2099 tamen
1329 2067 1481 2100 edoceri
1512 2068 1707 2112 pervelim.
1759 2083 1760 2086 ¹

172 2134 174 2136 -
234 2110 404 2153 Interea,
441 2119 482 2146 ut
512 2114 550 2147 in
582 2127 623 2149 re
655 2116 857 2150 admodum
893 2116 1055 2154 lubrica,
1097 2115 1235 2161 triplex
1268 2115 1437 2149 occurrit
1472 2116 1568 2149 ratio
1602 2116 1705 2158 huic,

235 2170 347 2203 quam
382 2171 481 2194 nunc
514 2162 693 2206 legimus,
727 2165 885 2197 fortasse
917 2165 1180 2208 praeferenda:
1221 2163 1306 2197 Non
1331 2162 1456 2196 inscite
1480 2162 1546 2197 hoc
1572 2164 1709 2209 quidem

237 2207 407 2248 Annius,
434 2210 633 2254 (ceterum)
657 2216 762 2255 poeta
787 2213 865 2245 dur.
895 2213 950 2245 vel
976 2213 1059 2246 Non
1083 2210 1198 2244 scite?
1234 2212 1311 2244 Hoc
1337 2215 1454 2244 lamen
1477 2212 1579 2252 Aa„
1600 2216 1709 2255 poe'la
1768 2211 1769 2214 ’

235 2254 313 2288 dur.
341 2257 397 2289 vel
434 2257 540 2291 Nosti
571 2264 696 2293 cetera
721 2261 780 2302 (ut
803 2260 1019 2304 saepissime
1044 2260 1080 2292 in
1111 2259 1324 2301 similibus).
1373 2260 1453 2292 Hoc
1487 2261 1576 2293 enim
1609 2261 1706 2303 Aet„
1758 2269 1760 2272 ’

232 2306 342 2345 poeta
368 2304 447 2339 (ἶιιν.
475 2307 607 2351 (quem
632 2314 672 2340 tu
695 2308 776 2353 ipse
800 2308 969 2349 trivisti).
998 2309 1191 2342 ORELLI.
1241 2301 1343 2342 Uber
1370 2307 1443 2340 den
1460 2308 1621 2342 Dichter
1644 2308 1711 2342 At-

234 2350 336 2385 tilius
368 2363 397 2387 s,
433 2353 477 2385 G.
506 2355 533 2388 1.
587 2357 741 2388 Vossius
776 2356 819 2388 de
856 2358 979 2401 poetis
1009 2356 1155 2390 Latinis
1188 2366 1223 2400 p.
1258 2356 1340 2390 232.
1393 2356 1513 2391 Cicer.
1549 2357 1721 2397 Tuscul„

234 2399 368 2445 Dispp.
393 2401 458 2442 lv,
485 2404 539 2436 11.
566 2402 611 2435 de
636 2404 785 2437 Finibb.
813 2404 843 2444 1,
870 2406 902 2438 2.
931 2424 971 2430 —
999 2403 1227 2444 concionari,
1254 2403 1429 2448 iibrigens
1456 2405 1577 2439 wollte
1603 2404 1708 2444 Gon,
1768 2428 1769 2431 =

234 2447 315 2480 dass
342 2449 474 2481 Brutus
500 2451 630 2484 Reden
656 2464 703 2485 an
730 2452 792 2484 das
818 2452 910 2485 Volk
934 2453 1058 2485 halten
1087 2452 1232 2485 diirfte!

330 2496 362 2529 4.
390 2497 439 2530 ad
462 2499 607 2532 tertiam
639 2501 847 2544 epistolam.
875 2519 919 2524 —
950 2501 1121 2534 Hirtium.
1157 2499 1192 2533 S.
1221 2511 1267 2532 zu
1293 2510 1350 2544 ep.
1379 2501 1447 2535 720
1472 2500 1525 2534 im
1550 2500 1636 2535 Anf.
1664 2519 1709 2525 —-

234 2542 435 2587 meliorem,
462 2546 629 2581 besserer
647 2548 870 2591 Gesinnung.
898 2566 939 2571 --
968 2549 1121 2591 egregie
1147 2549 1283 2593 placet.
1310 2566 1352 2572 —-
1378 2548 1502 2582 Pansa
1525 2549 1600 2582 und
1624 2549 1712 2582 Hir-

233 2591 306 2623 tius
326 2590 455 2625 hatten
481 2594 543 2627 bei
569 2597 681 2630 Gasar
706 2596 792 2628 Viel
817 2597 996 2644 gegolten
1023 2597 1098 2630 und
1125 2606 1248 2628 waren
1274 2607 1344 2628 von
1372 2595 1455 2629 ihm
1480 2608 1522 2630 zu
1547 2597 1710 2631 Consuln

234 2638 299 2670 fiir
326 2638 389 2672 das
417 2642 503 2674 Ialir
529 2646 597 2677 711
625 2650 789 2678 ernannt.
824 2663 866 2668 —-
904 2646 1065 2678 Causam.
1118 2645 1244 2677 Davor
1275 2654 1355 2688 erg.
1385 2648 1435 2678 at.
1469 2664 1511 2670 -
1546 2644 1710 2678 Edictum

235 2686 356 2719 Bruti.
383 2689 417 2721 S.
446 2692 507 2726 ob,
535 2693 567 2735 ἕ.
593 2693 627 2727 3.
683 2692 865 2726 Antonius
890 2699 1028 2727 musste
1054 2703 1126 2726 nun
1142 2694 1251 2726 &Vort
1268 2692 1419 2734 hasten,
1446 2692 1536 2726 oder
1561 2704 1602 2725 er
1627 2704 1709 2726 ver-

235 2735 294 2767 lor
320 2735 392 2770 alle
420 2738 604 2785 Achtung,
665 2740 772 2775 Diess
804 2741 954 2775 kitzelte
988 2740 1060 2775 den
1092 2741 1236 2776 Cicero.
1263 2760 1309 2768 —-
1344 2741 1513 2781 Quaeris,
1549 2745 1586 2775 ul
1616 2751 1709 2775 susc.

1776 223 1780 244 b
