<?xml version="1.0" encoding="UTF-8"?>
<!DOCTYPE html PUBLIC "-//W3C//DTD XHTML 1.0 Transitional//EN"
    "http://www.w3.org/TR/xhtml1/DTD/xhtml1-transitional.dtd">
<html xmlns="http://www.w3.org/1999/xhtml" xml:lang="en" lang="en">
 <head>
  <title>
</title>
<meta http-equiv="Content-Type" content="text/html;charset=utf-8" />
  <meta name='ocr-system' content='tesseract 3.04.00' />
  <meta name='ocr-capabilities' content='ocr_page ocr_carea ocr_par ocr_line ocrx_word'/>
</head>
<body>
  <div class='ocr_page' id='page_1' title='image "./epistolaeadattic04ciceuoft_0400.png"; bbox 0 0 1795 3086; ppageno 0'>
   <div class='ocr_carea' id='block_1_1' title="bbox 235 97 1436 148">
    <p class='ocr_par' dir='ltr' id='par_1_1' title="bbox 235 97 1436 148">
     <span class='ocr_line' id='line_1_1' title="bbox 235 97 1436 148; baseline -0.002 -3"><span class='ocrx_word' id='word_1_1' title='bbox 235 98 329 148; x_wconf 85' lang='lat'><strong>390</strong></span> <span class='ocrx_word' id='word_1_2' title='bbox 506 98 571 141; x_wconf 84' lang='lat' dir='ltr'><strong>M.</strong></span> <span class='ocrx_word' id='word_1_3' title='bbox 603 101 658 142; x_wconf 90' lang='grc' dir='ltr'><strong>Τ.</strong></span> <span class='ocrx_word' id='word_1_4' title='bbox 687 97 1027 143; x_wconf 81' lang='lat' dir='ltr'>CICERONIS</span> <span class='ocrx_word' id='word_1_5' title='bbox 1068 99 1436 144; x_wconf 82' lang='lat' dir='ltr'>EPISTOLAE.</span> 
     </span>
    </p>
   </div>
   <div class='ocr_carea' id='block_1_2' title="bbox 366 282 1585 337">
    <p class='ocr_par' dir='ltr' id='par_1_2' title="bbox 366 282 1585 337">
     <span class='ocr_line' id='line_1_2' title="bbox 366 282 1585 337; baseline 0.001 -10"><span class='ocrx_word' id='word_1_6' title='bbox 366 282 678 328; x_wconf 82' lang='lat' dir='ltr'>EPISTOLA</span> <span class='ocrx_word' id='word_1_7' title='bbox 711 283 1052 328; x_wconf 85' lang='lat' dir='ltr'>DCCCLVIII.</span> <span class='ocrx_word' id='word_1_8' title='bbox 1113 286 1188 337; x_wconf 85' lang='lat' dir='ltr'><strong>(ad</strong></span> <span class='ocrx_word' id='word_1_9' title='bbox 1219 286 1324 331; x_wconf 88' lang='lat' dir='ltr'><strong>Div.</strong></span> <span class='ocrx_word' id='word_1_10' title='bbox 1356 285 1467 328; x_wconf 92' lang='lat' dir='ltr'><strong>XII.</strong></span> <span class='ocrx_word' id='word_1_11' title='bbox 1499 289 1585 335; x_wconf 86' lang='lat'><strong>20.)</strong></span> 
     </span>
    </p>
   </div>
   <div class='ocr_carea' id='block_1_3' title="bbox 604 380 1349 427">
    <p class='ocr_par' dir='ltr' id='par_1_3' title="bbox 604 380 1349 427">
     <span class='ocr_line' id='line_1_3' title="bbox 604 380 1349 427; baseline 0.005 -13"><span class='ocrx_word' id='word_1_12' title='bbox 604 380 752 427; x_wconf 81' lang='lat' dir='ltr'><strong>Scripta</strong></span> <span class='ocrx_word' id='word_1_13' title='bbox 778 393 873 416; x_wconf 87' lang='lat' dir='ltr'><strong>anno</strong></span> <span class='ocrx_word' id='word_1_14' title='bbox 899 382 1059 424; x_wconf 83' lang='lat' dir='ltr'><strong>incerto,</strong></span> <span class='ocrx_word' id='word_1_15' title='bbox 1084 383 1242 417; x_wconf 78' lang='lat' dir='ltr'><strong>fortasse</strong></span> <span class='ocrx_word' id='word_1_16' title='bbox 1270 385 1349 418; x_wconf 78' lang='lat'><strong>707.</strong></span> 
     </span>
    </p>
   </div>
   <div class='ocr_carea' id='block_1_4' title="bbox 238 465 1700 561">
    <p class='ocr_par' dir='ltr' id='par_1_4' title="bbox 238 465 1700 561">
     <span class='ocr_line' id='line_1_4' title="bbox 238 465 1700 511; baseline -0.001 -8"><span class='ocrx_word' id='word_1_17' title='bbox 238 471 304 503; x_wconf 84' lang='lat' dir='ltr'><strong>Per</strong></span> <span class='ocrx_word' id='word_1_18' title='bbox 331 467 454 501; x_wconf 82' lang='lat' dir='ltr'><strong>iocum</strong></span> <span class='ocrx_word' id='word_1_19' title='bbox 489 465 542 500; x_wconf 76' lang='lat' dir='ltr'><strong>ait</strong></span> <span class='ocrx_word' id='word_1_20' title='bbox 567 476 607 499; x_wconf 86' lang='lat' dir='ltr'><strong>se</strong></span> <span class='ocrx_word' id='word_1_21' title='bbox 633 466 789 501; x_wconf 84' lang='lat' dir='ltr'>moleste</span> <span class='ocrx_word' id='word_1_22' title='bbox 816 467 932 506; x_wconf 63' lang='lat' dir='ltr'><strong>fferre,</strong></span> <span class='ocrx_word' id='word_1_23' title='bbox 968 466 1067 511; x_wconf 84' lang='lat' dir='ltr'><strong>quod</strong></span> <span class='ocrx_word' id='word_1_24' title='bbox 1104 467 1328 501; x_wconf 82' lang='lat' dir='ltr'><strong>Cornificius</strong></span> <span class='ocrx_word' id='word_1_25' title='bbox 1361 469 1401 501; x_wconf 87' lang='lat' dir='ltr'><strong>in</strong></span> <span class='ocrx_word' id='word_1_26' title='bbox 1437 468 1700 508; x_wconf 73' lang='lat' dir='ltr'>Sinuessanum</span> 
     </span>
     <span class='ocr_line' id='line_1_5' title="bbox 355 512 1591 561; baseline 0.002 -14"><span class='ocrx_word' id='word_1_27' title='bbox 355 524 429 549; x_wconf 87' lang='lat' dir='ltr'><strong>non</strong></span> <span class='ocrx_word' id='word_1_28' title='bbox 454 512 615 556; x_wconf 84' lang='lat' dir='ltr'><strong>venerit,</strong></span> <span class='ocrx_word' id='word_1_29' title='bbox 639 525 799 559; x_wconf 85' lang='lat' dir='ltr'><strong>eumque</strong></span> <span class='ocrx_word' id='word_1_30' title='bbox 825 520 946 561; x_wconf 83' lang='lat' dir='ltr'><strong>rogat,</strong></span> <span class='ocrx_word' id='word_1_31' title='bbox 973 520 1014 548; x_wconf 88' lang='lat' dir='ltr'><strong>ut</strong></span> <span class='ocrx_word' id='word_1_32' title='bbox 1039 525 1078 547; x_wconf 84' lang='lat' dir='ltr'><strong>se</strong></span> <span class='ocrx_word' id='word_1_33' title='bbox 1103 515 1247 560; x_wconf 88' lang='lat' dir='ltr'><strong>scripto</strong></span> <span class='ocrx_word' id='word_1_34' title='bbox 1273 515 1400 561; x_wconf 83' lang='lat' dir='ltr'><strong>aliquo</strong></span> <span class='ocrx_word' id='word_1_35' title='bbox 1422 516 1591 550; x_wconf 80' lang='lat' dir='ltr'><strong>lacessat.</strong></span> 
     </span>
    </p>
   </div>
   <div class='ocr_carea' id='block_1_5' title="bbox 725 598 1221 635">
    <p class='ocr_par' dir='ltr' id='par_1_5' title="bbox 725 598 1221 635">
     <span class='ocr_line' id='line_1_6' title="bbox 725 598 1221 635; baseline 0 -1"><span class='ocrx_word' id='word_1_36' title='bbox 725 598 902 635; x_wconf 84' lang='lat' dir='ltr'>CICERO</span> <span class='ocrx_word' id='word_1_37' title='bbox 927 600 1221 635; x_wconf 85' lang='lat' dir='ltr'>CORNIFICIO.</span> 
     </span>
    </p>
   </div>
   <div class='ocr_carea' id='block_1_6' title="bbox 238 665 1705 834">
    <p class='ocr_par' dir='ltr' id='par_1_6' title="bbox 238 665 1705 834">
     <span class='ocr_line' id='line_1_7' title="bbox 345 665 1702 722; baseline 0.001 -14"><span class='ocrx_word' id='word_1_38' title='bbox 345 667 510 709; x_wconf 83' lang='lat' dir='ltr'><strong>Gratae</strong></span> <span class='ocrx_word' id='word_1_39' title='bbox 540 666 650 708; x_wconf 91' lang='lat' dir='ltr'><strong>mihi</strong></span> <span class='ocrx_word' id='word_1_40' title='bbox 679 669 779 708; x_wconf 82' lang='lat' dir='ltr'><strong>tuae</strong></span> <span class='ocrx_word' id='word_1_41' title='bbox 808 667 990 712; x_wconf 78' lang='lat' dir='ltr'><strong>literae,</strong></span> <span class='ocrx_word' id='word_1_42' title='bbox 1027 666 1114 707; x_wconf 88' lang='lat' dir='ltr'><strong>nisi</strong></span> <span class='ocrx_word' id='word_1_43' title='bbox 1143 667 1262 722; x_wconf 88' lang='lat' dir='ltr'><strong>quod</strong></span> <span class='ocrx_word' id='word_1_44' title='bbox 1291 665 1604 710; x_wconf 68' lang='lat' dir='ltr'><strong>Sinuessanum</strong></span> <span class='ocrx_word' id='word_1_45' title='bbox 1633 669 1702 710; x_wconf 89' lang='lat' dir='ltr'><strong>di-</strong></span> 
     </span>
     <span class='ocr_line' id='line_1_8' title="bbox 238 722 1703 778; baseline 0 -14"><span class='ocrx_word' id='word_1_46' title='bbox 238 723 534 764; x_wconf 81' lang='lat' dir='ltr'><strong>versoriolum</strong></span> <span class='ocrx_word' id='word_1_47' title='bbox 556 722 874 777; x_wconf 84' lang='lat' dir='ltr'><strong>contempsisti.</strong></span> <span class='ocrx_word' id='word_1_48' title='bbox 906 724 1050 773; x_wconf 83' lang='lat' dir='ltr'><strong>Quam</strong></span> <span class='ocrx_word' id='word_1_49' title='bbox 1071 723 1251 778; x_wconf 85' lang='lat' dir='ltr'><strong>quidem</strong></span> <span class='ocrx_word' id='word_1_50' title='bbox 1272 725 1580 766; x_wconf 78' lang='lat' dir='ltr'><strong>contumeliam</strong></span> <span class='ocrx_word' id='word_1_51' title='bbox 1591 724 1703 769; x_wconf 83' lang='lat' dir='ltr'><strong>villa</strong></span> 
     </span>
     <span class='ocr_line' id='line_1_9' title="bbox 239 777 1705 834; baseline 0.001 -16"><span class='ocrx_word' id='word_1_52' title='bbox 239 777 400 833; x_wconf 85' lang='lat' dir='ltr'><strong>pusilla</strong></span> <span class='ocrx_word' id='word_1_53' title='bbox 428 777 583 834; x_wconf 90' lang='lat' dir='ltr'><strong>iniquo</strong></span> <span class='ocrx_word' id='word_1_54' title='bbox 612 777 760 819; x_wconf 82' lang='lat' dir='ltr'><strong>animo</strong></span> <span class='ocrx_word' id='word_1_55' title='bbox 790 777 918 831; x_wconf 79' lang='lat' dir='ltr'><strong>feret,</strong></span> <span class='ocrx_word' id='word_1_56' title='bbox 948 778 1037 820; x_wconf 82' lang='lat' dir='ltr'><strong>nisi</strong></span> <span class='ocrx_word' id='word_1_57' title='bbox 1066 777 1112 818; x_wconf 90' lang='lat' dir='ltr'><strong>in</strong></span> <span class='ocrx_word' id='word_1_58' title='bbox 1142 779 1338 823; x_wconf 82' lang='lat' dir='ltr'><strong>Cumano</strong></span> <span class='ocrx_word' id='word_1_59' title='bbox 1367 783 1411 819; x_wconf 84' lang='lat' dir='ltr'><strong>et</strong></span> <span class='ocrx_word' id='word_1_60' title='bbox 1429 780 1705 834; x_wconf 84' lang='lat' dir='ltr'><strong>Pompeiano</strong></span> 
     </span>
    </p>
   </div>
   <div class='ocr_carea' id='block_1_7' title="bbox 238 831 1768 944">
    <p class='ocr_par' dir='ltr' id='par_1_7' title="bbox 238 831 1768 944">
     <span class='ocr_line' id='line_1_10' title="bbox 239 831 1768 888; baseline 0.001 -14"><span class='ocrx_word' id='word_1_61' title='bbox 239 833 494 874; x_wconf 82' lang='lat' dir='ltr'>reddideris</span> <span class='ocrx_word' id='word_1_62' title='bbox 532 831 665 874; x_wconf 80' lang='grc' dir='ltr'><strong><em>πάντα</em></strong></span> <span class='ocrx_word' id='word_1_63' title='bbox 702 836 793 882; x_wconf 76' lang='grc' dir='ltr'><strong>περὶ</strong></span> <span class='ocrx_word' id='word_1_64' title='bbox 828 832 998 874; x_wconf 78' lang='grc' dir='ltr'><strong><em>πάντων.</em></strong></span> <span class='ocrx_word' id='word_1_65' title='bbox 1065 833 1142 875; x_wconf 85' lang='lat' dir='ltr'><strong>Sic</strong></span> <span class='ocrx_word' id='word_1_66' title='bbox 1181 833 1324 888; x_wconf 82' lang='lat' dir='ltr'><strong>igitur</strong></span> <span class='ocrx_word' id='word_1_67' title='bbox 1360 834 1499 878; x_wconf 79' lang='lat' dir='ltr'><strong>facies</strong></span> <span class='ocrx_word' id='word_1_68' title='bbox 1548 847 1704 888; x_wconf 87' lang='lat' dir='ltr'><strong>meque</strong></span> <span class='ocrx_word' id='word_1_69' title='bbox 1766 854 1768 857; x_wconf 88' lang='grc'><em>·</em></span> 
     </span>
     <span class='ocr_line' id='line_1_11' title="bbox 238 889 1764 944; baseline 0 -14"><span class='ocrx_word' id='word_1_70' title='bbox 238 889 405 930; x_wconf 84' lang='lat' dir='ltr'><strong>amabis</strong></span> <span class='ocrx_word' id='word_1_71' title='bbox 434 893 480 930; x_wconf 81' lang='lat' dir='ltr'><strong>et</strong></span> <span class='ocrx_word' id='word_1_72' title='bbox 507 889 673 944; x_wconf 85' lang='lat' dir='ltr'><strong>scripto</strong></span> <span class='ocrx_word' id='word_1_73' title='bbox 702 889 856 944; x_wconf 82' lang='lat' dir='ltr'><strong>aliquo</strong></span> <span class='ocrx_word' id='word_1_74' title='bbox 887 890 1092 930; x_wconf 85' lang='lat' dir='ltr'><strong>lacesses.</strong></span> <span class='ocrx_word' id='word_1_75' title='bbox 1161 889 1261 944; x_wconf 87' lang='lat' dir='ltr'><strong>Ego</strong></span> <span class='ocrx_word' id='word_1_76' title='bbox 1290 890 1406 933; x_wconf 86' lang='lat' dir='ltr'><strong>enim</strong></span> <span class='ocrx_word' id='word_1_77' title='bbox 1436 889 1704 943; x_wconf 83' lang='lat' dir='ltr'><strong>respondere</strong></span> <span class='ocrx_word' id='word_1_78' title='bbox 1762 936 1764 941; x_wconf 48' lang='lat'><strong>.</strong></span> 
     </span>
    </p>
   </div>
   <div class='ocr_carea' id='block_1_8' title="bbox 237 943 1704 1152">
    <p class='ocr_par' dir='ltr' id='par_1_8' title="bbox 237 943 1704 1152">
     <span class='ocr_line' id='line_1_12' title="bbox 239 943 1702 999; baseline 0.001 -15"><span class='ocrx_word' id='word_1_79' title='bbox 239 943 420 985; x_wconf 86' lang='lat' dir='ltr'><strong>facilius</strong></span> <span class='ocrx_word' id='word_1_80' title='bbox 450 958 641 999; x_wconf 89' lang='lat' dir='ltr'><strong>possum,</strong></span> <span class='ocrx_word' id='word_1_81' title='bbox 670 957 800 997; x_wconf 88' lang='lat' dir='ltr'><strong>quam</strong></span> <span class='ocrx_word' id='word_1_82' title='bbox 830 957 1086 998; x_wconf 86' lang='lat' dir='ltr'><strong>provocare.</strong></span> <span class='ocrx_word' id='word_1_83' title='bbox 1146 944 1279 993; x_wconf 83' lang='lat' dir='ltr'><strong>Quod</strong></span> <span class='ocrx_word' id='word_1_84' title='bbox 1308 946 1361 991; x_wconf 89' lang='lat' dir='ltr'><strong>si,</strong></span> <span class='ocrx_word' id='word_1_85' title='bbox 1391 948 1440 986; x_wconf 81' lang='lat' dir='ltr'><strong>ut</strong></span> <span class='ocrx_word' id='word_1_86' title='bbox 1468 959 1529 990; x_wconf 86' lang='lat' dir='ltr'><strong>es,</strong></span> <span class='ocrx_word' id='word_1_87' title='bbox 1558 957 1702 986; x_wconf 82' lang='lat' dir='ltr'><strong>cessa-</strong></span> 
     </span>
     <span class='ocr_line' id='line_1_13' title="bbox 237 999 1703 1053; baseline 0 -13"><span class='ocrx_word' id='word_1_88' title='bbox 237 999 323 1050; x_wconf 88' lang='lat' dir='ltr'><strong>bis,</strong></span> <span class='ocrx_word' id='word_1_89' title='bbox 354 1000 592 1042; x_wconf 82' lang='lat' dir='ltr'><strong>lacessam:</strong></span> <span class='ocrx_word' id='word_1_90' title='bbox 629 1012 714 1038; x_wconf 88' lang='lat' dir='ltr'><strong>nec</strong></span> <span class='ocrx_word' id='word_1_91' title='bbox 741 1003 818 1039; x_wconf 83' lang='lat' dir='ltr'><strong>tua</strong></span> <span class='ocrx_word' id='word_1_92' title='bbox 845 999 1024 1053; x_wconf 84' lang='lat' dir='ltr'><strong>ignavia</strong></span> <span class='ocrx_word' id='word_1_93' title='bbox 1052 999 1186 1041; x_wconf 82' lang='lat' dir='ltr'><strong>etiam</strong></span> <span class='ocrx_word' id='word_1_94' title='bbox 1221 999 1333 1042; x_wconf 74' lang='lat' dir='ltr'><strong>mihi</strong></span> <span class='ocrx_word' id='word_1_95' title='bbox 1362 1000 1568 1041; x_wconf 79' lang='lat' dir='ltr'><strong>inertiam</strong></span> <span class='ocrx_word' id='word_1_96' title='bbox 1597 1001 1703 1040; x_wconf 83' lang='lat' dir='ltr'><strong>affe—</strong></span> 
     </span>
     <span class='ocr_line' id='line_1_14' title="bbox 238 1053 1704 1118; baseline -0.001 -22"><span class='ocrx_word' id='word_1_97' title='bbox 238 1058 332 1118; x_wconf 43' lang='lat' dir='ltr'><strong>ret..</strong></span> <span class='ocrx_word' id='word_1_98' title='bbox 380 1054 519 1096; x_wconf 86' lang='lat' dir='ltr'><strong>Plura</strong></span> <span class='ocrx_word' id='word_1_99' title='bbox 558 1053 750 1096; x_wconf 80' lang='lat' dir='ltr'><strong>otiosus:</strong></span> <span class='ocrx_word' id='word_1_100' title='bbox 792 1053 917 1099; x_wconf 80' lang='lat' dir='ltr'><strong>haec,</strong></span> <span class='ocrx_word' id='word_1_101' title='bbox 956 1067 1087 1108; x_wconf 88' lang='lat' dir='ltr'><strong>quum</strong></span> <span class='ocrx_word' id='word_1_102' title='bbox 1125 1069 1266 1096; x_wconf 86' lang='lat' dir='ltr'><strong>essem</strong></span> <span class='ocrx_word' id='word_1_103' title='bbox 1303 1056 1349 1096; x_wconf 88' lang='lat' dir='ltr'><strong>in</strong></span> <span class='ocrx_word' id='word_1_104' title='bbox 1387 1059 1556 1106; x_wconf 84' lang='lat' dir='ltr'><strong>senatu,</strong></span> <span class='ocrx_word' id='word_1_105' title='bbox 1597 1067 1704 1096; x_wconf 87' lang='lat' dir='ltr'><strong>exa-</strong></span> 
     </span>
     <span class='ocr_line' id='line_1_15' title="bbox 240 1122 350 1152; baseline -0.018 -1"><span class='ocrx_word' id='word_1_106' title='bbox 240 1122 350 1152; x_wconf 79' lang='lat' dir='ltr'><strong>ravi.</strong></span> 
     </span>
    </p>
   </div>
   <div class='ocr_carea' id='block_1_9' title="bbox 808 1235 998 1240">
    <p class='ocr_par' dir='ltr' id='par_1_9' title="bbox 808 1235 998 1240">
     <span class='ocr_line' id='line_1_16' title="bbox 808 1235 998 1240; baseline 0 0"><span class='ocrx_word' id='word_1_107' title='bbox 808 1235 998 1240; x_wconf 95' lang='lat' dir='ltr'><strong> </strong></span> 
     </span>
    </p>
   </div>
   <div class='ocr_carea' id='block_1_10' title="bbox 1001 1234 1216 1239">
    <p class='ocr_par' dir='ltr' id='par_1_10' title="bbox 1001 1234 1216 1239">
     <span class='ocr_line' id='line_1_17' title="bbox 1001 1234 1216 1239; baseline 0 0"><span class='ocrx_word' id='word_1_108' title='bbox 1001 1234 1216 1239; x_wconf 95' lang='lat' dir='ltr'><strong> </strong></span> 
     </span>
    </p>
   </div>
   <div class='ocr_carea' id='block_1_11' title="bbox 337 1305 1703 1362">
    <p class='ocr_par' dir='ltr' id='par_1_11' title="bbox 337 1296 1767 1362">
     <span class='ocr_line' id='line_1_18' title="bbox 337 1305 1703 1362; baseline -0.003 -18"><span class='ocrx_word' id='word_1_109' title='bbox 337 1310 370 1344; x_wconf 90' lang='lat'><strong>1.</strong></span> <span class='ocrx_word' id='word_1_110' title='bbox 419 1308 684 1351; x_wconf 74' lang='lat' dir='ltr'><strong>Sinuessanum,</strong></span> <span class='ocrx_word' id='word_1_111' title='bbox 710 1306 906 1353; x_wconf 76' lang='lat' dir='ltr'><strong>praedium</strong></span> <span class='ocrx_word' id='word_1_112' title='bbox 931 1306 972 1340; x_wconf 88' lang='lat' dir='ltr'><strong>in</strong></span> <span class='ocrx_word' id='word_1_113' title='bbox 995 1316 1088 1353; x_wconf 81' lang='lat' dir='ltr'><strong>agro</strong></span> <span class='ocrx_word' id='word_1_114' title='bbox 1113 1305 1337 1362; x_wconf 65' lang='lat' dir='ltr'><strong>Sinuessano</strong></span> <span class='ocrx_word' id='word_1_115' title='bbox 1361 1307 1408 1340; x_wconf 79' lang='lat' dir='ltr'><strong>ad</strong></span> <span class='ocrx_word' id='word_1_116' title='bbox 1434 1306 1616 1353; x_wconf 84' lang='lat' dir='ltr'><strong>oppidum</strong></span> <span class='ocrx_word' id='word_1_117' title='bbox 1644 1305 1703 1341; x_wconf 89' lang='lat' dir='ltr'><strong>Si·</strong></span> 
     </span>
    </p>
   </div>
   <div class='ocr_carea' id='block_1_12' title="bbox 240 1351 1767 1590">
    <p class='ocr_par' dir='ltr' id='par_1_12' title="bbox 240 1351 1767 1590">
     <span class='ocr_line' id='line_1_19' title="bbox 241 1351 1766 1402; baseline -0.001 -12"><span class='ocrx_word' id='word_1_118' title='bbox 241 1367 424 1391; x_wconf 81' lang='lat' dir='ltr'><strong>nuessam.</strong></span> <span class='ocrx_word' id='word_1_119' title='bbox 452 1375 495 1381; x_wconf 93' lang='lat'><strong>--</strong></span> <span class='ocrx_word' id='word_1_120' title='bbox 520 1356 593 1389; x_wconf 80' lang='lat' dir='ltr'><strong>nisi</strong></span> <span class='ocrx_word' id='word_1_121' title='bbox 618 1381 627 1390; x_wconf 92' lang='lat'><strong>.</strong></span> <span class='ocrx_word' id='word_1_122' title='bbox 654 1381 662 1388; x_wconf 87' lang='lat'><strong>.</strong></span> <span class='ocrx_word' id='word_1_123' title='bbox 689 1355 890 1389; x_wconf 82' lang='lat' dir='ltr'><strong>reddideris</strong></span> <span class='ocrx_word' id='word_1_124' title='bbox 913 1351 1067 1388; x_wconf 75' lang='grc' dir='ltr'><strong><em>πάντα</em></strong></span> <span class='ocrx_word' id='word_1_125' title='bbox 1092 1365 1130 1387; x_wconf 81' lang='grc' dir='ltr'><strong>π.</strong></span> <span class='ocrx_word' id='word_1_126' title='bbox 1154 1366 1344 1397; x_wconf 77' lang='grc' dir='ltr'><em>παντων,</em></span> <span class='ocrx_word' id='word_1_127' title='bbox 1371 1365 1496 1389; x_wconf 82' lang='lat' dir='ltr'><strong>omnia</strong></span> <span class='ocrx_word' id='word_1_128' title='bbox 1519 1354 1564 1388; x_wconf 91' lang='lat' dir='ltr'><strong>de</strong></span> <span class='ocrx_word' id='word_1_129' title='bbox 1581 1354 1703 1388; x_wconf 88' lang='lat' dir='ltr'><strong>omni·</strong></span> <span class='ocrx_word' id='word_1_130' title='bbox 1761 1360 1766 1402; x_wconf 66' lang='grc' dir='ltr'><em>ξ</em></span> 
     </span>
     <span class='ocr_line' id='line_1_20' title="bbox 240 1401 1767 1447; baseline -0.003 -9"><span class='ocrx_word' id='word_1_131' title='bbox 240 1405 320 1447; x_wconf 78' lang='lat' dir='ltr'><strong>bus,</strong></span> <span class='ocrx_word' id='word_1_132' title='bbox 344 1414 458 1439; x_wconf 88' lang='lat' dir='ltr'><strong>wenn</strong></span> <span class='ocrx_word' id='word_1_133' title='bbox 481 1404 540 1438; x_wconf 87' lang='lat' dir='ltr'><strong>Du</strong></span> <span class='ocrx_word' id='word_1_134' title='bbox 565 1402 673 1438; x_wconf 89' lang='lat' dir='ltr'><strong>nicht</strong></span> <span class='ocrx_word' id='word_1_135' title='bbox 697 1402 820 1437; x_wconf 80' lang='lat' dir='ltr'><strong>durch</strong></span> <span class='ocrx_word' id='word_1_136' title='bbox 845 1403 956 1437; x_wconf 83' lang='lat' dir='ltr'><strong>einen</strong></span> <span class='ocrx_word' id='word_1_137' title='bbox 980 1401 1127 1436; x_wconf 83' lang='lat' dir='ltr'><strong>Besuch</strong></span> <span class='ocrx_word' id='word_1_138' title='bbox 1152 1403 1219 1435; x_wconf 86' lang='lat' dir='ltr'><strong>auf</strong></span> <span class='ocrx_word' id='word_1_139' title='bbox 1239 1403 1402 1436; x_wconf 85' lang='lat' dir='ltr'><strong>meinem</strong></span> <span class='ocrx_word' id='word_1_140' title='bbox 1428 1402 1704 1436; x_wconf 87' lang='lat' dir='ltr'><strong>Cumanischen</strong></span> <span class='ocrx_word' id='word_1_141' title='bbox 1760 1407 1767 1442; x_wconf 62' lang='grc' dir='ltr'><em>ξ</em></span> 
     </span>
     <span class='ocr_line' id='line_1_21' title="bbox 240 1449 1705 1497; baseline -0.003 -11"><span class='ocrx_word' id='word_1_142' title='bbox 240 1452 335 1489; x_wconf 68' lang='lat' dir='ltr'><strong>oder</strong></span> <span class='ocrx_word' id='word_1_143' title='bbox 357 1450 689 1497; x_wconf 79' lang='lat' dir='ltr'><strong>Pompeianischen</strong></span> <span class='ocrx_word' id='word_1_144' title='bbox 714 1450 909 1497; x_wconf 79' lang='lat' dir='ltr'><strong>Landgute</strong></span> <span class='ocrx_word' id='word_1_145' title='bbox 933 1449 1042 1483; x_wconf 86' lang='lat' dir='ltr'><strong>Alles</strong></span> <span class='ocrx_word' id='word_1_146' title='bbox 1077 1449 1133 1483; x_wconf 83' lang='lat' dir='ltr'><strong>bis</strong></span> <span class='ocrx_word' id='word_1_147' title='bbox 1167 1450 1234 1482; x_wconf 80' lang='lat' dir='ltr'><strong>auf</strong></span> <span class='ocrx_word' id='word_1_148' title='bbox 1256 1450 1317 1482; x_wconf 88' lang='lat' dir='ltr'><strong>ein</strong></span> <span class='ocrx_word' id='word_1_149' title='bbox 1346 1450 1447 1484; x_wconf 83' lang='lat' dir='ltr'><strong>Haar</strong></span> <span class='ocrx_word' id='word_1_150' title='bbox 1470 1449 1613 1485; x_wconf 82' lang='lat' dir='ltr'><strong>wieder</strong></span> <span class='ocrx_word' id='word_1_151' title='bbox 1636 1456 1705 1497; x_wconf 84' lang='lat' dir='ltr'><strong>gut</strong></span> 
     </span>
     <span class='ocr_line' id='line_1_22' title="bbox 241 1496 1704 1545; baseline -0.003 -11"><span class='ocrx_word' id='word_1_152' title='bbox 241 1499 404 1535; x_wconf 78' lang='lat' dir='ltr'><strong>mucbst.</strong></span> <span class='ocrx_word' id='word_1_153' title='bbox 453 1499 513 1535; x_wconf 82' lang='lat' dir='ltr'><strong>Ex</strong></span> <span class='ocrx_word' id='word_1_154' title='bbox 536 1498 574 1536; x_wconf 81' lang='lat' dir='ltr'><strong>h.</strong></span> <span class='ocrx_word' id='word_1_155' title='bbox 600 1499 685 1533; x_wconf 90' lang='lat' dir='ltr'><strong>loco</strong></span> <span class='ocrx_word' id='word_1_156' title='bbox 709 1498 908 1545; x_wconf 81' lang='lat' dir='ltr'><strong>colligitur</strong></span> <span class='ocrx_word' id='word_1_157' title='bbox 931 1497 1152 1531; x_wconf 79' lang='lat' dir='ltr'><strong>rusticatum</strong></span> <span class='ocrx_word' id='word_1_158' title='bbox 1177 1496 1249 1530; x_wconf 85' lang='lat' dir='ltr'><strong>illo</strong></span> <span class='ocrx_word' id='word_1_159' title='bbox 1275 1504 1447 1542; x_wconf 83' lang='lat' dir='ltr'><strong>tempore</strong></span> <span class='ocrx_word' id='word_1_160' title='bbox 1463 1496 1704 1535; x_wconf 78' lang='lat' dir='ltr'><strong>Cornificium</strong></span> 
     </span>
     <span class='ocr_line' id='line_1_23' title="bbox 243 1544 1762 1590; baseline -0.003 -8"><span class='ocrx_word' id='word_1_161' title='bbox 243 1557 348 1590; x_wconf 77' lang='lat' dir='ltr'><strong>esse;</strong></span> <span class='ocrx_word' id='word_1_162' title='bbox 371 1548 528 1583; x_wconf 83' lang='lat' dir='ltr'><strong>fortasse</strong></span> <span class='ocrx_word' id='word_1_163' title='bbox 553 1557 648 1580; x_wconf 83' lang='lat' dir='ltr'><strong>anno</strong></span> <span class='ocrx_word' id='word_1_164' title='bbox 675 1548 755 1581; x_wconf 86' lang='lat'><strong>707.</strong></span> <span class='ocrx_word' id='word_1_165' title='bbox 807 1562 849 1568; x_wconf 89' lang='lat'><strong>—-</strong></span> <span class='ocrx_word' id='word_1_166' title='bbox 899 1549 931 1577; x_wconf 81' lang='lat' dir='ltr'><strong>et</strong></span> <span class='ocrx_word' id='word_1_167' title='bbox 962 1544 1096 1588; x_wconf 77' lang='lat' dir='ltr'><strong>scripto</strong></span> <span class='ocrx_word' id='word_1_168' title='bbox 1131 1544 1254 1589; x_wconf 71' lang='lat' dir='ltr'><strong>aliquo</strong></span> <span class='ocrx_word' id='word_1_169' title='bbox 1285 1546 1453 1587; x_wconf 78' lang='lat' dir='ltr'><strong>lacesses,</strong></span> <span class='ocrx_word' id='word_1_170' title='bbox 1486 1544 1562 1578; x_wconf 89' lang='lat' dir='ltr'><strong>und</strong></span> <span class='ocrx_word' id='word_1_171' title='bbox 1594 1544 1701 1582; x_wconf 82' lang='lat' dir='ltr'><strong>mich</strong></span> <span class='ocrx_word' id='word_1_172' title='bbox 1760 1551 1762 1554; x_wconf 88' lang='grc'><em>·</em></span> 
     </span>
    </p>
   </div>
   <div class='ocr_carea' id='block_1_13' title="bbox 240 1591 1708 1973">
    <p class='ocr_par' dir='ltr' id='par_1_13' title="bbox 240 1591 1708 1973">
     <span class='ocr_line' id='line_1_24' title="bbox 240 1591 1704 1642; baseline -0.003 -13"><span class='ocrx_word' id='word_1_173' title='bbox 240 1594 366 1633; x_wconf 81' lang='lat' dir='ltr'><strong>durch</strong></span> <span class='ocrx_word' id='word_1_174' title='bbox 398 1594 653 1642; x_wconf 78' lang='lat' dir='ltr'><strong>Aufertigung·</strong></span> <span class='ocrx_word' id='word_1_175' title='bbox 686 1593 792 1627; x_wconf 86' lang='lat' dir='ltr'><strong>einer</strong></span> <span class='ocrx_word' id='word_1_176' title='bbox 824 1591 973 1626; x_wconf 81' lang='lat' dir='ltr'><strong>schrift</strong></span> <span class='ocrx_word' id='word_1_177' title='bbox 1002 1604 1050 1627; x_wconf 85' lang='lat' dir='ltr'><strong>zu</strong></span> <span class='ocrx_word' id='word_1_178' title='bbox 1085 1591 1263 1640; x_wconf 76' lang='lat' dir='ltr'><strong>gleicher</strong></span> <span class='ocrx_word' id='word_1_179' title='bbox 1287 1592 1512 1640; x_wconf 68' lang='lat' dir='ltr'><strong>&#39;rhzitigkeit</strong></span> <span class='ocrx_word' id='word_1_180' title='bbox 1548 1592 1704 1630; x_wconf 78' lang='lat' dir='ltr'><strong>heraus-</strong></span> 
     </span>
     <span class='ocr_line' id='line_1_25' title="bbox 241 1638 1701 1689; baseline -0.002 -12"><span class='ocrx_word' id='word_1_181' title='bbox 241 1642 420 1685; x_wconf 78' lang='lat' dir='ltr'><strong>fordern3</strong></span> <span class='ocrx_word' id='word_1_182' title='bbox 444 1642 567 1678; x_wconf 80' lang='lat' dir='ltr'><strong>sodass</strong></span> <span class='ocrx_word' id='word_1_183' title='bbox 590 1641 653 1675; x_wconf 84' lang='lat' dir='ltr'><strong>ich</strong></span> <span class='ocrx_word' id='word_1_184' title='bbox 679 1640 740 1675; x_wconf 90' lang='lat' dir='ltr'><strong>ein</strong></span> <span class='ocrx_word' id='word_1_185' title='bbox 766 1638 1093 1689; x_wconf 74' lang='lat' dir='ltr'><strong>Gegengeschenk</strong></span> <span class='ocrx_word' id='word_1_186' title='bbox 1117 1639 1187 1674; x_wconf 86' lang='lat' dir='ltr'><strong>mit</strong></span> <span class='ocrx_word' id='word_1_187' title='bbox 1214 1640 1321 1674; x_wconf 85' lang='lat' dir='ltr'><strong>einer</strong></span> <span class='ocrx_word' id='word_1_188' title='bbox 1345 1640 1493 1675; x_wconf 82' lang='lat' dir='ltr'><strong>Schrift</strong></span> <span class='ocrx_word' id='word_1_189' title='bbox 1516 1651 1592 1674; x_wconf 89' lang='lat' dir='ltr'><strong>von</strong></span> <span class='ocrx_word' id='word_1_190' title='bbox 1610 1639 1701 1674; x_wconf 84' lang='lat' dir='ltr'><strong>mei-</strong></span> 
     </span>
     <span class='ocr_line' id='line_1_26' title="bbox 242 1687 1708 1726; baseline -0.005 0"><span class='ocrx_word' id='word_1_191' title='bbox 242 1700 311 1726; x_wconf 63' lang='grc' dir='ltr'><strong>τιον</strong></span> <span class='ocrx_word' id='word_1_192' title='bbox 343 1689 465 1725; x_wconf 83' lang='lat' dir='ltr'><strong>Feder</strong></span> <span class='ocrx_word' id='word_1_193' title='bbox 496 1690 567 1724; x_wconf 85' lang='lat' dir='ltr'><strong>Dir</strong></span> <span class='ocrx_word' id='word_1_194' title='bbox 600 1689 711 1723; x_wconf 79' lang='lat' dir='ltr'><strong>dafiir</strong></span> <span class='ocrx_word' id='word_1_195' title='bbox 743 1688 900 1723; x_wconf 88' lang='lat' dir='ltr'><strong>maehen</strong></span> <span class='ocrx_word' id='word_1_196' title='bbox 925 1699 1036 1724; x_wconf 84' lang='lat' dir='ltr'><strong>muss.</strong></span> <span class='ocrx_word' id='word_1_197' title='bbox 1086 1687 1264 1722; x_wconf 83' lang='lat' dir='ltr'><strong>Alienum</strong></span> <span class='ocrx_word' id='word_1_198' title='bbox 1297 1688 1428 1722; x_wconf 85' lang='lat' dir='ltr'><strong>fuisset</strong></span> <span class='ocrx_word' id='word_1_199' title='bbox 1452 1700 1473 1722; x_wconf 93' lang='lat' dir='ltr'>a</span> <span class='ocrx_word' id='word_1_200' title='bbox 1498 1688 1708 1726; x_wconf 28' lang='lat' dir='ltr'><strong>Cornificio.</strong></span> 
     </span>
     <span class='ocr_line' id='line_1_27' title="bbox 242 1735 1703 1784; baseline -0.002 -13"><span class='ocrx_word' id='word_1_201' title='bbox 242 1738 318 1771; x_wconf 82' lang='lat' dir='ltr'><strong>iam</strong></span> <span class='ocrx_word' id='word_1_202' title='bbox 355 1737 650 1783; x_wconf 82' lang='lat' dir='ltr'><strong>provincialibus</strong></span> <span class='ocrx_word' id='word_1_203' title='bbox 682 1736 842 1784; x_wconf 81' lang='lat' dir='ltr'><strong>negotiis</strong></span> <span class='ocrx_word' id='word_1_204' title='bbox 884 1736 924 1769; x_wconf 87' lang='lat' dir='ltr'><strong>in</strong></span> <span class='ocrx_word' id='word_1_205' title='bbox 956 1735 1085 1770; x_wconf 85' lang='lat' dir='ltr'><strong>Africa</strong></span> <span class='ocrx_word' id='word_1_206' title='bbox 1118 1742 1297 1781; x_wconf 87' lang='lat' dir='ltr'><strong>occupato</strong></span> <span class='ocrx_word' id='word_1_207' title='bbox 1333 1736 1519 1781; x_wconf 85' lang='lat' dir='ltr'><strong>scriptum</strong></span> <span class='ocrx_word' id='word_1_208' title='bbox 1552 1735 1703 1780; x_wconf 86' lang='lat' dir='ltr'><strong>aliquod</strong></span> 
     </span>
     <span class='ocr_line' id='line_1_28' title="bbox 242 1783 1701 1831; baseline -0.003 -12"><span class='ocrx_word' id='word_1_209' title='bbox 242 1785 451 1831; x_wconf 80' lang='lat' dir='ltr'><strong>postulare3</strong></span> <span class='ocrx_word' id='word_1_210' title='bbox 487 1796 639 1818; x_wconf 88' lang='lat' dir='ltr'><strong>necesse</strong></span> <span class='ocrx_word' id='word_1_211' title='bbox 665 1784 790 1829; x_wconf 80' lang='lat' dir='ltr'><strong>itaque</strong></span> <span class='ocrx_word' id='word_1_212' title='bbox 815 1789 883 1826; x_wconf 83' lang='lat' dir='ltr'><strong>est,</strong></span> <span class='ocrx_word' id='word_1_213' title='bbox 919 1789 975 1826; x_wconf 86' lang='lat' dir='ltr'><strong>ut,</strong></span> <span class='ocrx_word' id='word_1_214' title='bbox 1009 1794 1123 1828; x_wconf 85' lang='lat' dir='ltr'><strong>quum</strong></span> <span class='ocrx_word' id='word_1_215' title='bbox 1148 1783 1241 1818; x_wconf 83' lang='lat' dir='ltr'><strong>haec</strong></span> <span class='ocrx_word' id='word_1_216' title='bbox 1274 1784 1433 1829; x_wconf 84' lang='lat' dir='ltr'><strong>epistola</strong></span> <span class='ocrx_word' id='word_1_217' title='bbox 1458 1783 1701 1825; x_wconf 80' lang='lat' dir='ltr'><strong>scriberetur,</strong></span> 
     </span>
     <span class='ocr_line' id='line_1_29' title="bbox 243 1830 1702 1873; baseline -0.003 -7"><span class='ocrx_word' id='word_1_218' title='bbox 243 1834 283 1866; x_wconf 86' lang='lat' dir='ltr'><strong>in</strong></span> <span class='ocrx_word' id='word_1_219' title='bbox 308 1832 386 1868; x_wconf 79' lang='lat' dir='ltr'><strong>otio</strong></span> <span class='ocrx_word' id='word_1_220' title='bbox 411 1838 580 1866; x_wconf 82' lang='lat' dir='ltr'><strong>versatus</strong></span> <span class='ocrx_word' id='word_1_221' title='bbox 605 1832 736 1865; x_wconf 85' lang='lat' dir='ltr'><strong>fuerit.</strong></span> <span class='ocrx_word' id='word_1_222' title='bbox 765 1851 807 1857; x_wconf 92' lang='lat'>—</span> <span class='ocrx_word' id='word_1_223' title='bbox 832 1835 870 1864; x_wconf 78' lang='lat' dir='ltr'><strong>ut</strong></span> <span class='ocrx_word' id='word_1_224' title='bbox 897 1841 946 1873; x_wconf 82' lang='lat' dir='ltr'><strong>es,</strong></span> <span class='ocrx_word' id='word_1_225' title='bbox 971 1838 1033 1864; x_wconf 80' lang='lat' dir='ltr'><strong>tuo</strong></span> <span class='ocrx_word' id='word_1_226' title='bbox 1058 1842 1177 1865; x_wconf 84' lang='lat' dir='ltr'><strong>more.</strong></span> <span class='ocrx_word' id='word_1_227' title='bbox 1205 1852 1246 1857; x_wconf 93' lang='grc'><strong>--</strong></span> <span class='ocrx_word' id='word_1_228' title='bbox 1283 1831 1455 1872; x_wconf 79' lang='lat' dir='ltr'><strong>cessabis,</strong></span> <span class='ocrx_word' id='word_1_229' title='bbox 1480 1830 1583 1865; x_wconf 89' lang='lat' dir='ltr'><strong>nihil</strong></span> <span class='ocrx_word' id='word_1_230' title='bbox 1607 1830 1702 1864; x_wconf 82' lang='lat' dir='ltr'><strong>scri-</strong></span> 
     </span>
     <span class='ocr_line' id='line_1_30' title="bbox 242 1878 1701 1926; baseline -0.001 -13"><span class='ocrx_word' id='word_1_231' title='bbox 242 1881 374 1926; x_wconf 83' lang='lat' dir='ltr'><strong>pseris.</strong></span> <span class='ocrx_word' id='word_1_232' title='bbox 403 1899 446 1905; x_wconf 89' lang='lat'><strong>—</strong></span> <span class='ocrx_word' id='word_1_233' title='bbox 480 1879 569 1913; x_wconf 73' lang='lat' dir='ltr'><strong>mihi</strong></span> <span class='ocrx_word' id='word_1_234' title='bbox 594 1903 602 1911; x_wconf 88' lang='lat'><strong>.</strong></span> <span class='ocrx_word' id='word_1_235' title='bbox 629 1905 636 1912; x_wconf 92' lang='lat'><strong>.</strong></span> <span class='ocrx_word' id='word_1_236' title='bbox 664 1880 806 1923; x_wconf 81' lang='lat' dir='ltr'><strong>afferet.</strong></span> <span class='ocrx_word' id='word_1_237' title='bbox 850 1878 981 1912; x_wconf 87' lang='lat' dir='ltr'><strong>Cicero</strong></span> <span class='ocrx_word' id='word_1_238' title='bbox 1008 1878 1195 1925; x_wconf 81' lang='lat' dir='ltr'><strong>significat</strong></span> <span class='ocrx_word' id='word_1_239' title='bbox 1223 1890 1260 1912; x_wconf 89' lang='lat' dir='ltr'><strong>se</strong></span> <span class='ocrx_word' id='word_1_240' title='bbox 1285 1879 1532 1913; x_wconf 85' lang='lat' dir='ltr'><strong>Cornificium</strong></span> <span class='ocrx_word' id='word_1_241' title='bbox 1558 1878 1701 1922; x_wconf 85' lang='lat' dir='ltr'><strong>scripto</strong></span> 
     </span>
     <span class='ocr_line' id='line_1_31' title="bbox 241 1925 1701 1973; baseline -0.003 -12"><span class='ocrx_word' id='word_1_242' title='bbox 241 1928 424 1961; x_wconf 85' lang='lat' dir='ltr'><strong>lacessere</strong></span> <span class='ocrx_word' id='word_1_243' title='bbox 448 1927 562 1970; x_wconf 83' lang='lat' dir='ltr'><strong>velle,</strong></span> <span class='ocrx_word' id='word_1_244' title='bbox 597 1938 643 1961; x_wconf 90' lang='lat' dir='ltr'><strong>ne</strong></span> <span class='ocrx_word' id='word_1_245' title='bbox 669 1933 826 1972; x_wconf 84' lang='lat' dir='ltr'><strong>propter</strong></span> <span class='ocrx_word' id='word_1_246' title='bbox 850 1926 928 1960; x_wconf 85' lang='lat' dir='ltr'><strong>eius</strong></span> <span class='ocrx_word' id='word_1_247' title='bbox 955 1926 1142 1973; x_wconf 83' lang='lat' dir='ltr'><strong>ignaviam</strong></span> <span class='ocrx_word' id='word_1_248' title='bbox 1168 1926 1249 1972; x_wconf 82' lang='lat' dir='ltr'><strong>ipse</strong></span> <span class='ocrx_word' id='word_1_249' title='bbox 1283 1938 1430 1971; x_wconf 84' lang='lat' dir='ltr'><strong>quoque</strong></span> <span class='ocrx_word' id='word_1_250' title='bbox 1455 1926 1500 1959; x_wconf 89' lang='lat' dir='ltr'><strong>ad</strong></span> <span class='ocrx_word' id='word_1_251' title='bbox 1526 1925 1701 1967; x_wconf 79' lang='lat' dir='ltr'><strong>inertiam</strong></span> 
     </span>
    </p>
   </div>
   <div class='ocr_carea' id='block_1_14' title="bbox 242 1966 1795 2019">
    <p class='ocr_par' dir='ltr' id='par_1_14' title="bbox 242 1966 1795 2019">
     <span class='ocr_line' id='line_1_32' title="bbox 242 1966 1795 2019; baseline -0.002 -11"><span class='ocrx_word' id='word_1_252' title='bbox 242 1973 450 2009; x_wconf 81' lang='lat' dir='ltr'><strong>delabatur.</strong></span> <span class='ocrx_word' id='word_1_253' title='bbox 501 1975 618 2019; x_wconf 86' lang='lat' dir='ltr'><strong>Saepe</strong></span> <span class='ocrx_word' id='word_1_254' title='bbox 652 1975 751 2008; x_wconf 89' lang='lat' dir='ltr'><strong>enim</strong></span> <span class='ocrx_word' id='word_1_255' title='bbox 782 1974 934 2016; x_wconf 79' lang='lat' dir='ltr'><strong>ignavia.</strong></span> <span class='ocrx_word' id='word_1_256' title='bbox 966 1981 1002 2008; x_wconf 88' lang='lat' dir='ltr'><strong>et</strong></span> <span class='ocrx_word' id='word_1_257' title='bbox 1025 1973 1162 2008; x_wconf 74' lang='lat' dir='ltr'><strong>inertia</strong></span> <span class='ocrx_word' id='word_1_258' title='bbox 1188 1981 1379 2018; x_wconf 87' lang='lat' dir='ltr'><strong>ponuntur</strong></span> <span class='ocrx_word' id='word_1_259' title='bbox 1411 1980 1454 2007; x_wconf 87' lang='lat' dir='ltr'><strong>ut</strong></span> <span class='ocrx_word' id='word_1_260' title='bbox 1478 1984 1701 2018; x_wconf 85' lang='lat' dir='ltr'><strong>synonyma.</strong></span> <span class='ocrx_word' id='word_1_261' title='bbox 1754 1995 1755 1998; x_wconf 21' lang='grc' dir='ltr'><strong>κ</strong></span> <span class='ocrx_word' id='word_1_262' title='bbox 1794 1966 1795 1969; x_wconf 36' lang='grc'><strong>“</strong></span> 
     </span>
    </p>
   </div>
   <div class='ocr_carea' id='block_1_15' title="bbox 241 2019 1702 2112">
    <p class='ocr_par' dir='ltr' id='par_1_15' title="bbox 241 2019 1702 2112">
     <span class='ocr_line' id='line_1_33' title="bbox 241 2019 1702 2071; baseline -0.003 -15"><span class='ocrx_word' id='word_1_263' title='bbox 241 2022 351 2056; x_wconf 80' lang='grc'><strong><em>8011.</em></strong></span> <span class='ocrx_word' id='word_1_264' title='bbox 403 2022 495 2056; x_wconf 78' lang='lat' dir='ltr'><strong>Cunn</strong></span> <span class='ocrx_word' id='word_1_265' title='bbox 521 2022 647 2055; x_wconf 84' lang='lat' dir='ltr'><strong>Lamb.</strong></span> <span class='ocrx_word' id='word_1_266' title='bbox 674 2022 816 2055; x_wconf 84' lang='lat' dir='ltr'><strong>inserui</strong></span> <span class='ocrx_word' id='word_1_267' title='bbox 841 2021 928 2055; x_wconf 70' lang='lat' dir='ltr'><strong>milti</strong></span> <span class='ocrx_word' id='word_1_268' title='bbox 953 2022 1017 2062; x_wconf 69' lang='grc' dir='ltr'><strong>(Ξ</strong></span> <span class='ocrx_word' id='word_1_269' title='bbox 1041 2021 1090 2055; x_wconf 84' lang='lat' dir='ltr'><strong>mi</strong></span> <span class='ocrx_word' id='word_1_270' title='bbox 1116 2032 1134 2054; x_wconf 90' lang='lat' dir='ltr'><strong>e</strong></span> <span class='ocrx_word' id='word_1_271' title='bbox 1153 2021 1241 2055; x_wconf 84' lang='lat' dir='ltr'><strong>cdd.</strong></span> <span class='ocrx_word' id='word_1_272' title='bbox 1259 2022 1381 2071; x_wconf 83' lang='lat' dir='ltr'><strong>Regg.</strong></span> <span class='ocrx_word' id='word_1_273' title='bbox 1406 2022 1523 2064; x_wconf 82' lang='lat' dir='ltr'><strong>Lau.)</strong></span> <span class='ocrx_word' id='word_1_274' title='bbox 1547 2019 1702 2055; x_wconf 77' lang='lat' dir='ltr'><strong>lectioni</strong></span> 
     </span>
     <span class='ocr_line' id='line_1_34' title="bbox 241 2068 1700 2112; baseline -0.003 -8"><span class='ocrx_word' id='word_1_275' title='bbox 241 2068 309 2104; x_wconf 86' lang='lat' dir='ltr'><strong>Cd.</strong></span> <span class='ocrx_word' id='word_1_276' title='bbox 335 2069 406 2104; x_wconf 82' lang='lat' dir='ltr'><strong>Md.</strong></span> <span class='ocrx_word' id='word_1_277' title='bbox 434 2069 529 2104; x_wconf 88' lang='lat' dir='ltr'><strong>Vict.</strong></span> <span class='ocrx_word' id='word_1_278' title='bbox 551 2073 580 2104; x_wconf 90' lang='lat' dir='ltr'><strong>l.</strong></span> <span class='ocrx_word' id='word_1_279' title='bbox 601 2071 635 2105; x_wconf 86' lang='lat'><strong>2.</strong></span> <span class='ocrx_word' id='word_1_280' title='bbox 662 2070 753 2103; x_wconf 84' lang='lat' dir='ltr'><strong>Ern.</strong></span> <span class='ocrx_word' id='word_1_281' title='bbox 781 2069 915 2103; x_wconf 87' lang='lat' dir='ltr'><strong>Bened.</strong></span> <span class='ocrx_word' id='word_1_282' title='bbox 941 2080 984 2101; x_wconf 78' lang='lat' dir='ltr'><strong>ne</strong></span> <span class='ocrx_word' id='word_1_283' title='bbox 1009 2074 1069 2103; x_wconf 68' lang='lat' dir='ltr'><strong>lua</strong></span> <span class='ocrx_word' id='word_1_284' title='bbox 1094 2069 1169 2112; x_wconf 75' lang='lat' dir='ltr'><strong>ign.</strong></span> <span class='ocrx_word' id='word_1_285' title='bbox 1198 2069 1308 2103; x_wconf 80' lang='lat' dir='ltr'><strong>etiam</strong></span> <span class='ocrx_word' id='word_1_286' title='bbox 1334 2070 1382 2103; x_wconf 79' lang='lat' dir='ltr'><strong>in.</strong></span> <span class='ocrx_word' id='word_1_287' title='bbox 1410 2070 1545 2112; x_wconf 76' lang='lat' dir='ltr'><strong>afferat</strong></span> <span class='ocrx_word' id='word_1_288' title='bbox 1570 2068 1700 2103; x_wconf 81' lang='lat' dir='ltr'><strong>Dresd.</strong></span> 
     </span>
    </p>
   </div>
   <div class='ocr_carea' id='block_1_16' title="bbox 242 2115 1795 2163">
    <p class='ocr_par' dir='ltr' id='par_1_16' title="bbox 242 2115 1795 2163">
     <span class='ocr_line' id='line_1_35' title="bbox 242 2115 1795 2163; baseline -0.001 -12"><span class='ocrx_word' id='word_1_289' title='bbox 242 2123 329 2151; x_wconf 76' lang='lat' dir='ltr'><strong>tert.</strong></span> <span class='ocrx_word' id='word_1_290' title='bbox 356 2117 490 2151; x_wconf 84' lang='lat' dir='ltr'><strong>Graev.</strong></span> <span class='ocrx_word' id='word_1_291' title='bbox 529 2128 572 2150; x_wconf 86' lang='lat' dir='ltr'><strong>ne</strong></span> <span class='ocrx_word' id='word_1_292' title='bbox 597 2122 660 2151; x_wconf 76' lang='lat' dir='ltr'><strong>tua</strong></span> <span class='ocrx_word' id='word_1_293' title='bbox 684 2117 760 2159; x_wconf 72' lang='lat' dir='ltr'><strong>ign.</strong></span> <span class='ocrx_word' id='word_1_294' title='bbox 797 2117 901 2150; x_wconf 78' lang='lat' dir='ltr'><strong>eliam</strong></span> <span class='ocrx_word' id='word_1_295' title='bbox 925 2116 1015 2150; x_wconf 75' lang='lat' dir='ltr'><strong>mihi</strong></span> <span class='ocrx_word' id='word_1_296' title='bbox 1038 2117 1089 2150; x_wconf 84' lang='lat' dir='ltr'><strong>in.</strong></span> <span class='ocrx_word' id='word_1_297' title='bbox 1116 2118 1257 2163; x_wconf 73' lang='lat' dir='ltr'><strong>afferat¹</strong></span> <span class='ocrx_word' id='word_1_298' title='bbox 1284 2116 1372 2151; x_wconf 87' lang='lat' dir='ltr'><strong>Sch.</strong></span> <span class='ocrx_word' id='word_1_299' title='bbox 1411 2117 1504 2151; x_wconf 79' lang='lat' dir='ltr'><strong>Liin.</strong></span> <span class='ocrx_word' id='word_1_300' title='bbox 1554 2115 1626 2150; x_wconf 77' lang='grc' dir='ltr'><strong>ΟΕ.</strong></span> <span class='ocrx_word' id='word_1_301' title='bbox 1654 2133 1701 2141; x_wconf 93' lang='lat'><em>-</em></span> <span class='ocrx_word' id='word_1_302' title='bbox 1750 2117 1759 2139; x_wconf 66' lang='lat'><strong>&#39;⁴</strong></span> <span class='ocrx_word' id='word_1_303' title='bbox 1791 2120 1795 2162; x_wconf 63' lang='lat' dir='ltr'>j</span> 
     </span>
    </p>
   </div>
   <div class='ocr_carea' id='block_1_17' title="bbox 242 2164 1107 2209">
    <p class='ocr_par' dir='ltr' id='par_1_17' title="bbox 242 2164 1107 2209">
     <span class='ocr_line' id='line_1_36' title="bbox 242 2164 1107 2209; baseline -0.005 -10"><span class='ocrx_word' id='word_1_304' title='bbox 242 2165 361 2199; x_wconf 75' lang='lat' dir='ltr'><strong>Plura</strong></span> <span class='ocrx_word' id='word_1_305' title='bbox 385 2165 469 2200; x_wconf 81' lang='lat' dir='ltr'><strong>scil.</strong></span> <span class='ocrx_word' id='word_1_306' title='bbox 495 2165 665 2199; x_wconf 77' lang='lat' dir='ltr'><strong>scribam.</strong></span> <span class='ocrx_word' id='word_1_307' title='bbox 693 2183 733 2189; x_wconf 77' lang='lat'><strong>-—</strong></span> <span class='ocrx_word' id='word_1_308' title='bbox 770 2164 932 2208; x_wconf 71' lang='lat' dir='ltr'><strong>exaravi,</strong></span> <span class='ocrx_word' id='word_1_309' title='bbox 958 2164 1107 2209; x_wconf 85' lang='lat' dir='ltr'><strong>scripsi.</strong></span> 
     </span>
    </p>
   </div>
   <div class='ocr_carea' id='block_1_18' title="bbox 1765 34 1783 2313">
    <p class='ocr_par' dir='ltr' id='par_1_18' title="bbox 1765 34 1783 2313">
     <span class='ocr_line' id='line_1_37' title="bbox 1765 34 1783 2313; baseline 0 0"><span class='ocrx_word' id='word_1_310' title='bbox 1765 34 1783 2313; x_wconf 95' lang='lat' dir='ltr'><strong> </strong></span> 
     </span>
    </p>
   </div>
   <div class='ocr_carea' id='block_1_19' title="bbox 1725 1569 1795 3086">
    <p class='ocr_par' dir='ltr' id='par_1_19' title="bbox 1725 1569 1795 3086">
     <span class='ocr_line' id='line_1_38' title="bbox 1725 1569 1795 3086; baseline 0 0"><span class='ocrx_word' id='word_1_311' title='bbox 1725 1569 1795 3086; x_wconf 95' lang='lat' dir='ltr'><strong> </strong></span> 
     </span>
    </p>
   </div>
  </div>
 </body>
</html>
