1795 3086
215 67 531 112 EPISTOLA
563 65 962 110 DCCCXLVIII.
994 65 1340 112 DCCCXLIX.
1461 67 1555 119 369

0 179 1 201 ³
53 177 184 221 mur?
243 179 379 230 Quod
424 180 463 222 si
499 191 578 221 vos
610 178 718 219 istic
746 192 832 219 non
872 178 1130 226 defueritis,
1168 179 1387 235 profecto,
1428 182 1550 236 quod

0 264 1 272 ,
51 234 111 274 ad
140 248 209 276 me
238 238 416 289 attinet,
446 235 651 277 omnibus
683 234 814 275 rebus
843 234 1020 278 abunde
1061 236 1127 277 rei
1165 236 1374 291 publicae
1412 239 1547 280 satis-

52 289 233 334 faciam.
303 292 374 334 Te
428 290 634 347 quidem,
680 290 743 330 mi
783 289 973 344 Cicero,
1020 291 1067 331 in
1115 292 1214 333 dies
1263 291 1544 335 mehercules
1580 289 1612 332 7

0 373 1 392 2
51 344 196 387 habeo
246 348 469 389 cariorem
515 344 940 400 sollicitudinesque
982 359 1105 388 meas
1153 348 1356 402 quotidie
1400 350 1546 404 magis

0 438 1 446 ,
51 405 128 442 tua
158 404 320 444 merita
349 405 587 455 exacuunt,
626 413 681 442 ne
721 401 829 457 quid
860 407 936 443 aut
975 416 1033 444 ex
1073 415 1224 445 amore
1261 408 1340 446 aut
1377 417 1437 445 ex
1476 404 1544 445 iu-

0 471 2 478 >
48 456 171 498 dicio
224 464 299 500 tuo
336 459 534 513 perdam.
595 457 718 511 Opto
759 460 808 498 ut
845 457 959 498 mihi
1001 457 1139 499 liceat
1184 460 1275 500 iam
1315 460 1543 514 praesenti

0 550 2 555 .
47 513 216 567 pietate
244 528 444 556 meorum
479 512 736 555 officiorum
785 517 863 554 tua
903 513 1124 555 beneficia
1163 514 1246 555 tibi
1286 513 1436 558 facere
1474 516 1542 558 iu-

46 569 277 664 gundiora.
335 584 430 612 vm.
476 569 588 612 Idus
638 569 736 611 Iun.
788 568 1041 622 Cularone,
1091 581 1151 610 ex
1198 569 1363 613 finibus
1412 572 1541 614 Allo-

79 638 245 679 rogum.

182 834 501 878 EPISTOLA
532 834 882 878 DCCCXLIX.
952 834 1030 887 (ad
1060 834 1167 877 Div.
1209 834 1272 878 Χ.
1310 836 1402 887 32.)

212 910 294 946 Ser.
323 909 514 945 cordubae
540 910 602 943 vr.
629 909 683 944 m.
709 910 792 944 1un.
818 911 861 944 A.
891 909 936 943 U.
962 909 1002 943 c.
1029 912 1111 946 711.
1146 910 1195 952 (a.
1224 909 1263 945 c.
1292 911 1370 954 43.)

45 977 153 1012 Balbi
178 978 386 1022 quaestoris
421 977 480 1012 sui
503 976 650 1025 flagitia
676 977 853 1023 exponit;
897 976 1051 1019 deinde,
1085 977 1177 1023 quid
1213 988 1285 1023 pro
1317 989 1358 1012 re
1384 978 1538 1025 publica

43 1026 180 1073 egerit,
207 1033 339 1061 narrat
364 1031 412 1065 et,
449 1025 541 1071 quid
567 1032 713 1060 senatus
739 1026 937 1108 sle—gacere
963 1026 1060 1061 velit
1095 1032 1138 1061 ut
1167 1027 1393 1070 constituat,
1425 1028 1536 1074 petit.

410 1146 452 1181 C.
479 1143 678 1180 ASINIUS
705 1144 878 1179 POLLIO
906 1145 1155 1182 CICERONI.

153 1214 320 1257 Balbus
360 1217 586 1270 quaestor,
637 1225 798 1267 magna
844 1217 1074 1255 numerata
1120 1215 1323 1269 pecunia,
1374 1228 1536 1271 magno

43 1271 238 1326 pondere
274 1271 397 1323 auri,
447 1270 618 1311 maiore
658 1269 836 1323 argenti
877 1274 1036 1311 coacto
1081 1269 1138 1310 de
1183 1271 1376 1324 publicis
1425 1286 1535 1314 exa-

42 1329 281 1373 ctionibus,
308 1340 362 1368 ne
380 1325 608 1380 stipendio
629 1325 811 1379 quidem
842 1325 1063 1367 militibus
1094 1325 1290 1378 reddito,
1321 1327 1457 1368 duxit
1485 1341 1535 1369 se

42 1396 70 1425 a
108 1383 309 1425 Gadibus
360 1386 404 1424 et
451 1381 651 1423 triduum
702 1384 964 1435 tempestate
1013 1384 1214 1423 retentus
1262 1381 1320 1422 ad
1359 1383 1534 1438 Calpen

43 1439 146 1482 Kal.
177 1439 322 1481 Iuniis
351 1437 535 1481 traiecit
563 1450 660 1479 sese
700 1437 746 1477 in
776 1450 959 1492 regnum
988 1436 1214 1492 Bogudis,
1250 1438 1381 1492 plane
1420 1439 1533 1481 bene

44 1639 142 1673 Item
169 1636 309 1673 Ceteri.
337 1634 534 1672 ORELLI.
570 1654 613 1660 —
649 1643 719 1668 non
744 1633 953 1677 defueritis,
979 1632 1085 1667 mich
1111 1631 1219 1667 nicht
1246 1632 1298 1666 im
1323 1631 1436 1668 Stich
1459 1633 1535 1667 las-

43 1693 110 1722 set.
138 1705 180 1712 —
206 1697 299 1721 omn.
326 1685 447 1728 rebus,
481 1684 524 1718 in
548 1682 652 1717 allen
678 1682 859 1717 Stiicken.

139 1755 174 1789 7.
225 1756 413 1787 exacuunt.
439 1750 628 1795 sch‘arfem
653 1750 836 1799 steigern.
880 1768 920 1775 -
963 1760 1008 1783 ex
1032 1748 1165 1784 iudicio
1192 1751 1267 1790 lew,
1292 1759 1368 1783 von
1392 1748 1535 1784 Deiner

45 1799 237 1849 Achtung.
289 1821 332 1828 -
383 1802 459 1835 iam
487 1811 605 1843 praes.
641 1800 742 1843 piet„
782 1799 901 1832 sehon
934 1797 1058 1831 durch
1091 1796 1339 1842 persb'nliche
1364 1798 1533 1833 Beweise

44 1850 189 1884 meinos
214 1849 363 1892 Danks;
387 1849 516 1883 indem
541 1848 609 1882 der
634 1847 753 1892 Krieg
778 1859 826 1881 zu
851 1845 959 1880 Ende
984 1845 1062 1879 und
1086 1845 1152 1879 ich
1177 1846 1218 1879 in
1237 1846 1333 1880 Rom
1360 1845 1414 1879 als
1430 1846 1532 1881 Con-

9 1916 11 1945 3
44 1899 104 1932 sul
124 1901 249 1940 w'are3
285 1897 451 1931 studium
483 1896 707 1930 referendae
733 1895 877 1943 gratiae
902 1895 977 1928 iam
1003 1893 1072 1927 tibi
1099 1904 1228 1928 coram
1253 1893 1459 1939 probando.
1486 1912 1530 1918 —

10 1965 11 1974 κ
48 1947 162 1982 VIII.
187 1947 245 1980 14.
269 1947 365 1986 Iun„
390 1946 461 1980 den
488 1947 521 1981 6.
547 1944 690 1978 Iunius.
727 1962 772 1968 -
812 1942 992 1977 Cularone
1016 1942 1056 1975 in
1082 1941 1276 1976 Sabaudia.
1316 1941 1400 1975 vid.
1425 1944 1532 1976 Man-

10 2008 11 2013 *
45 2001 147 2030 nert.
175 1994 316 2039 Geogr.
342 1993 411 2028 der
446 1992 601 2027 Griech.
626 1992 704 2026 und
729 1991 835 2026 Rb'm.
862 1990 905 2024 T.
932 1991 980 2024 11.
1007 2002 1047 2035 p.
1073 1991 1132 2025 90.
1177 1989 1241 2024 Sic
1267 1989 1313 2022 de
1339 1988 1533 2024 Sirmondi

10 2050 12 2066 ³
47 2043 208 2077 coniect.
234 2042 371 2076 Graev.
396 2042 435 2074 in
460 2041 531 2078 Ed,
558 2041 644 2074 mai.
680 2039 818 2074 Bened.
853 2038 941 2072 Sch.
968 2039 1063 2071 Liin.
1106 2037 1290 2071 Ouiarone
1324 2037 1395 2071 Md.
1432 2039 1532 2072 Vict.

48 2094 82 2126 1.
118 2092 153 2126 2.
205 2090 388 2125 civarone
418 2089 548 2130 (hodie
580 2088 747 2123 Cherom
787 2087 826 2121 in
861 2085 1061 2129 sabaudia)
1095 2086 1223 2120 Lamb.
1261 2085 1399 2120 Graev.
1434 2085 1530 2121 Ern.

11 2168 12 2181 ἶ
49 2139 247 2174 ORELLI.
299 2138 438 2173 Crater
462 2137 545 2171 h‘ailt
570 2137 707 2172 Cularo
732 2137 796 2170 fiir
821 2135 884 2168 das
909 2134 1067 2182 heutige
1091 2133 1293 2169 Grenoble.

12 2253 13 2256 Ἴ
144 2212 177 2247 1.
226 2211 366 2246 Balbus
391 2209 611 2252 Gaditanus,
646 2208 747 2241 filius
773 2206 902 2241 fratris
937 2207 978 2241 L.
1004 2205 1174 2240 Cornelii
1198 2205 1319 2249 Balbi,
1353 2216 1425 2251 pro
1458 2217 1533 2251 quo

12 2264 13 2300 Ῐ
48 2264 171 2294 exstat
196 2258 387 2294 Ciceronis
411 2258 546 2293 oratio.
593 2257 730 2291 Balbus
755 2255 894 2294 minor,
927 2262 969 2288 ut
994 2254 1252 2301 distinguatur
1276 2266 1296 2288 a
1322 2261 1443 2299 patre,
1474 2255 1535 2288 di-

12 2306 13 2314 *
49 2308 150 2342 citur
175 2306 221 2342 ad
245 2308 359 2342 Attio.
383 2307 488 2347 v111,
513 2307 546 2342 9.
574 2308 633 2341 11.
661 2304 716 2346 (h.
744 2303 801 2338 ed.
826 2305 907 2338 332.
933 2304 1035 2343 334.)
1060 2309 1097 2336 et
1121 2303 1184 2342 lx,
1210 2304 1243 2338 6.
1271 2301 1325 2345 (h.
1350 2302 1407 2335 ed.
1433 2304 1535 2344 347.)

51 2355 250 2390 MANUT.
300 2374 342 2394 ·—„
392 2365 531 2397 magna
564 2363 660 2387 num.
684 2363 773 2396 pec„
809 2352 881 2385 mit
913 2351 1023 2385 einer
1055 2361 1212 2399 grossen
1239 2348 1394 2384 Summe
1419 2350 1534 2384 baren

51 2403 202 2438 Geldes.
254 2421 295 2429 —
347 2407 476 2437 coacto
502 2403 544 2436 de
563 2400 719 2445 publicis
744 2404 882 2438 exact„
910 2411 986 2434 was
1020 2409 1064 2434 er
1094 2399 1150 2432 als
1177 2399 1336 2441 Qu'astor
1368 2409 1432 2432 aus
1460 2398 1535 2432 den

51 2451 301 2486 b‘ffentlichen
328 2451 652 2498 Steuereinziigen
678 2459 895 2482 zusammen
922 2446 1106 2492 gebracht
1128 2446 1246 2480 hatte.
1296 2465 1341 2471 -
1391 2456 1430 2479 se
1451 2447 1536 2479 sub-

51 2500 155 2533 duxit
180 2512 203 2534 α
229 2500 285 2543 G„
311 2499 378 2534 hat
398 2499 482 2533 sich
507 2510 584 2532 von
610 2496 731 2531 Gades
750 2496 898 2538 (Cadix)
925 2495 1109 2529 heimlich
1134 2493 1426 2542 weg-gedriickt,
1453 2500 1536 2528 ent-

53 2549 168 2585 fex-nt.
197 2567 237 2573 -—
266 2549 316 2581 ad
341 2548 490 2591 Calpen,
515 2547 576 2581 bei
601 2545 809 2579 Gibraltar.
856 2564 898 2569 -
939 2543 1123 2586 Bogudis,
1146 2541 1462 2576 Mauritaniaesre
1493 2542 1536 2576 is.

53 2595 188 2630 Dieser
212 2607 294 2630 war
318 2595 465 2630 vorher
498 2595 560 2628 ein
586 2593 793 2641 Anhanger
824 2592 890 2625 des
927 2590 1055 2626 C'a‘Sars
1086 2601 1282 2638 gewesen;
1322 2589 1416 2623 ietzt
1447 2554 1537 2624 affer

54 2642 155 2678 hielt
181 2655 224 2677 er
249 2643 330 2678 sich
356 2656 442 2677 zum
467 2643 662 2677 Antonius.
714 2661 757 2667 —-
806 2640 916 2684 plane
942 2641 1029 2673 bene
1055 2638 1273 2682 peculiatus,
1308 2644 1539 2682 nummatus,

54 2691 126 2725 mit
160 2691 353 2727 reichlich
390 2691 613 2740 gespickter
657 2689 776 2724 casse.
817 2689 926 2732 plane
965 2689 1117 2730 beneque
1152 2687 1270 2731 Neap.
1306 2685 1389 2720 Asc.
1427 2688 1460 2720 1.
1495 2692 1540 2720 ut

16 2765 17 2768 η
55 2738 147 2774 haec
174 2740 341 2774 formula
377 2751 486 2785 saepe
514 2745 569 2773 est
595 2743 782 2783 corrupta.
818 2738 887 2770 cfr.
924 2735 1119 2770 Bremium
1154 2733 1200 2768 ad
1235 2732 1339 2769 Suet.
1365 2733 1469 2769 Caes.
1503 2745 1538 2768 c.

122 2819 180 2846 Cic.
203 2819 306 2847 ariete
326 2829 355 2847 v.
375 2819 504 2848 Billerb.
541 2818 590 2845 lV.
1045 2788 1109 2831 24
