1795 3086
186 72 287 126 ‘248
471 81 534 125 M.
565 82 622 126 Τ.
652 78 996 126 CICERONIS
1024 80 1399 128 EPISTOLAE.

129 186 157 227 6
193 191 382 235 similes.
457 196 509 233 To?
543 192 616 240 μὲν
651 183 721 235 οὖν
755 193 852 234 καθ’
888 192 992 245 ἡμᾶς
1027 191 1135 237 τάδε.
1212 196 1284 238 De
1306 193 1494 250 ¹Gorgia
1530 199 1693 240 autem=

192 250 314 304 quod
343 247 457 289 mihi
486 248 665 301 scribiS‚
706 254 803 292 erat
829 251 1014 306 quidem
1054 252 1137 293 ille
1164 251 1210 293 in
1239 251 1499 307 quotidiana
1527 253 1675 296 decla·

190 305 389 347 matione
416 303 564 345 utilis:
609 306 690 346 sed
730 309 879 347 omnia
915 307 1163 363 postposui,
1201 307 1440 350 dummodo
1468 321 1676 365 praecep-

189 362 252 403 tis
281 359 422 415 patris
450 373 687 415 parerem3
715 361 931 413 διαῤῥήόην
958 364 1076 404 enim
1104 363 1363 418 scripserat,
1401 367 1449 405 ut
1476 378 1578 406 eum
1606 367 1676 407 di-

192 417 421 458 mitterem
470 415 638 457 statim.
723 417 1040 472 Tergiversari
1088 420 1239 473 nolui,
1287 433 1344 462 ne
1391 433 1488 461 mea
1539 421 1679 463 nimia

191 475 349 523 σπουδή
374 472 673 526 suspicionem
712 474 754 515 ei
793 475 990 529 aliquam
1018 475 1294 530 importaret.
1352 475 1530 518 Deinde
1559 478 1679 519 illud

195 528 330 569 etiam
357 527 470 569 mihi
499 531 788 571 succurrebat
818 543 953 584 grave
982 544 1081 573 esse
1123 545 1193 573 me
1231 533 1287 573 de
1325 531 1496 574 iudicio
1535 533 1680 588 patris

193 583 410 626 iudicare.
482 584 632 626 Tuum
661 589 808 627 tamen
836 586 1027 627 studium
1060 589 1105 628 et
1133 588 1371 630 consilium
1400 592 1577 643 gratum
1606 603 1681 631 ac-

192 643 454 695 ceptumque
509 644 579 682 est
626 641 755 682 mihi.
843 642 1202 685 Excusationem
1252 645 1563 700 angustiarum
1610 647 1697 687 tui*

191 697 408 751 temporis
436 697 640 752 accipio:
669 697 768 739 scio
797 698 930 750 enim,
959 711 1092 753 quam
1120 700 1269 742 soleas
1298 714 1394 742 esse
1423 705 1683 756 occupatus.-

190 753 368 794 Emisse
398 755 442 793 te
470 752 703 807 praedium
731 753 1021 796 vehementer
1060 755 1233 810 gaudeo
1277 754 1567 812 feliciterque
1595 756 1681 799 tibi

190 822 287 851 rem
325 809 457 850 istam
497 809 678 852 evenire
722 811 868 865 cupio.
949 810 1053 853 Hoc
1092 811 1194 853 loco
1233 824 1304 853 me
1339 812 1425 853 tibi
1465 813 1684 867 gratulari

190 866 288 907 noli
316 864 496 906 mirari:
538 865 695 907 eodem
725 867 843 907 enim
872 865 969 909 fere
1009 867 1111 908 loco
1140 871 1191 909 tu
1229 881 1404 923 quoque
1441 869 1599 911 emisse
1639 873 1695 911 te

191 921 344 962 fecisti
371 934 442 962 me
472 921 723 963 certiorem.
783 921 947 964 Habes.
1003 922 1308 978 Deponendae
1346 923 1432 965 tibi
1469 928 1572 966 sunt
1608 933 1684 966 ιη’-4

190 977 434 1018 banitates:
480 977 674 1020 rusticus
712 977 943 1020 Romanus
990 977 1136 1020 factus
1178 992 1242 1020 es.
1319 979 1559 1030 Quomodo
1599 994 1685 1035 ego

190 1032 306 1074 mihi
334 1046 454 1074 nunc
481 1038 585 1074 ante
629 1034 781 1075 oculos
821 1039 946 1076 tuum
984 1034 1355 1077 iucundissimum
1395 1040 1686 1091 conspectum

191 1089 422 1143 propono?
479 1089 659 1130 Videor
687 1090 807 1130 enim
845 1090 1002 1130 videre
1041 1095 1260 1132 ementem
1298 1095 1344 1132 te
1373 1092 1566 1134 rusticas
1596 1105 1686 1142 res,

191 1158 292 1185 cum
341 1143 504 1185 villico
544 1145 815 1199 loquentem,
858 1145 904 1186 in
944 1146 1111 1187 lacinia
1147 1151 1400 1188 servantem
1437 1160 1498 1190 ex
1534 1160 1688 1189 mensa

191 1200 391 1242 secunda
429 1199 614 1243 semina.
694 1200 785 1244 Sed
825 1201 947 1256 quod
999 1202 1054 1244 ad
1094 1215 1190 1243 rem
1228 1203 1436 1257 pertinet,
1486 1217 1556 1245 me
1592 1207 1687 1246 tum

192 1256 279 1300 tibi
307 1255 510 1299 defuisse
539 1270 676 1314 aeque
707 1270 761 1299 ac
789 1260 837 1301 tu
867 1258 1014 1300 doleo.
1085 1257 1176 1301 Sed
1218 1259 1311 1300 noli
1348 1257 1575 1308 dubitare,
1621 1260 1686 1303 mi

292 1498 327 1533 6.
379 1496 436 1530 De
475 1497 632 1540 Gorgia.
681 1497 817 1533 Diesex·
855 1508 939 1533 war
980 1498 1043 1532 ein
1082 1495 1365 1532 Griechischex·
1400 1496 1577 1540 Redner‚
1621 1495 1690 1531 der

196 1557 325 1580 ausser
351 1545 391 1579 in
418 1545 487 1580 der
516 1545 803 1581 Beredsamkeit
836 1557 975 1580 unsern
1012 1546 1155 1594 iungen
1181 1545 1317 1580 Cicero
1354 1544 1452 1578 auch
1484 1545 1536 1578 im
1571 1544 1688 1578 Trin-

196 1594 273 1627 ken
313 1605 352 1628 so
386 1600 455 1642 gut
496 1593 800 1638 unterrichtete,
852 1594 933 1628 dass
976 1604 1019 1628 er
1060 1593 1162 1628 zwei
1196 1593 1413 1628 Bouteillen
1458 1593 1527 1627 auf
1578 1593 1691 1628 einen

196 1644 282 1687 Zug
307 1643 554 1677 auszuleeren
580 1643 769 1677 verstand.
820 1641 856 1677 S.
892 1642 990 1676 Plin.
1021 1641 1068 1677 H.
1107 1643 1155 1676 N.
1193 1642 1290 1684 XIV,
1325 1642 1384 1677 22.
1427 1640 1618 1675 Plutarch.
1646 1659 1689 1666 -—

195 1690 318 1725 omnia
341 1692 546 1735 postposui,
573 1690 640 1724 ich
665 1697 782 1726 setzte
808 1692 886 1726 alle
913 1689 1173 1725 Riicksichten
1198 1690 1259 1723 bei
1284 1689 1400 1725 Seite.
1428 1708 1471 1714 -·
1498 1687 1693 1736 διαῤῥή-

195 1739 291 1782 δην,
317 1746 461 1785 aperte,
489 1740 645 1778 diserte,
669 1751 768 1785 ganz
790 1738 1040 1780 unverholen,
1065 1737 1354 1773 ausdrucklich.
1403 1755 1447 1762 —
1492 1738 1692 1780 Tergiver-

194 1788 287 1828 sari,
313 1787 420 1822 mich
443 1794 519 1822 erst
537 1787 681 1822 drehen
701 1787 978 1831 und-weuden3
1004 1786 1226 1826 Ausfliichte
1241 1786 1397 1820 suchen.
1425 1804 1468 1810 —
1495 1784 1692 1829 σπουδὴ,

195 1835 376 1879 studium,
401 1846 590 1882 propensa
614 1836 802 1879 voluntas,
828 1835 1161 1884 Anh'zinglichkeit
1185 1846 1232 1869 an
1257 1833 1340 1876 ihn,
1372 1833 1406 1867 d.
1433 1833 1460 1867 i.
1486 1845 1600 1870 wenn
1626 1834 1693 1869 ich

195 1883 304 1919 mich
330 1884 457 1919 sciner
482 1897 530 1920 zu
556 1884 649 1919 selu·
673 1885 870 1918 annuhme.
923 1903 964 1908 —
1018 1884 1066 1924 ei,
1092 1883 1206 1929 patri,
1241 1882 1472 1926 importaret,
1510 1888 1693 1917 moveret.

196 1933 446 1975 succurrebat,
471 1933 511 1967 in
537 1938 704 1967 mentem
731 1933 920 1972 veniebat,
949 1931 1012 1965 fiel
1037 1932 1113 1965 mix·
1137 1929 1236 1965 auch
1263 1931 1337 1968 ein,
1376 1949 1423 1956 —
1460 1941 1581 1973 grave
1606 1941 1694 1971 esse,

198 1993 236 2015 es
263 1981 315 2013 sei
341 1980 441 2015 doch
466 1981 570 2025 hart,
598 1992 675 2016 non
700 1981 846 2024 decere,
884 1991 998 2017 wenn
1023 1979 1090 2015 ich
1116 1979 1179 2014 das
1205 1977 1362 2013 Urtheil
1388 1978 1532 2014 meines
1558 1979 1694 2015 Vaters

197 2029 381 2064 meistern
406 2030 554 2065 wollte.

294 2098 326 2131 7.
378 2096 484 2140 stud„
510 2097 691 2143 Sorgfalt.
720 2119 762 2125 —
798 2097 991 2133 consilium
1017 2097 1064 2132 de
1091 2095 1346 2142 relinquendo
1373 2094 1529 2143 Gorgia.
1559 2114 1602 2120 —
1630 2105 1692 2130 an·

197 2149 312 2187 gast„
336 2145 666 2181 Beschr‘zinktheit.
718 2167 760 2173 —
814 2158 934 2192 quam,
960 2145 1037 2180 wie
1062 2144 1163 2179 sehr.
1186 2143 1363 2189 gAdverb.
1392 2143 1628 2181 intendendi,
1651 2162 1695 2169 —

200 2193 267 2226 leoc
289 2194 380 2234 loco,
407 2193 448 2226 in
475 2199 647 2228 extrema
671 2194 823 2228 demum
850 2194 1036 2240 epistolae
1061 2199 1177 2238 parte.
1204 2211 1249 2218 —
1285 2192 1410 2226 eodem
1434 2192 1515 2226 loco
1543 2191 1568 2226 i.
1597 2203 1630 2227 e.
1656 2191 1698 2226 in

200 2241 275 2275 fine
303 2241 498 2285 epistolae.
527 2259 569 2267 —
596 2243 720 2276 Habes
746 2242 888 2283 locum,
914 2252 1115 2283 secessum,
1140 2239 1347 2288 refugium.
1375 2258 1418 2264 —
1451 2239 1698 2282 urbanitates,

201 2289 290 2332 ⁵,dae
317 2289 610 2332 Stmlterwesen,
644 2291 708 2324 das
735 2292 840 2324 feine
867 2289 1100 2331 ffladsseben,
1140 2289 1214 2323 den
1246 2286 1477 2322 st'zidtischen
1495 2290 1699 2336 ,Zwangf‘

203 2340 275 2373 Das
302 2337 353 2372 ist
378 2337 475 2372 auch
501 2338 643 2373 Deinor
669 2339 908 2373 Gesundheit
934 2337 1167 2386 zutr'aeiglich.
1204 2355 1249 2362 -
1284 2337 1459 2379 rusticus,
1485 2335 1548 2370 ein
1576 2336 1700 2370 Land-

203 2386 354 2421 iunker.
407 2405 449 2410 -
504 2388 684 2422 Quomodo
713 2413 721 2420 .
746 2414 755 2422 .
784 2411 793 2420 .
822 2398 999 2431 propono,
1039 2385 1116 2421 wie
1152 2397 1230 2419 nun
1256 2384 1354 2418 Dein
1388 2395 1525 2432 ganzes
1550 2384 1700 2420 Wesen

203 2434 280 2468 mii·
305 2445 346 2468 so
369 2433 545 2469 srb'hlich
570 2447 641 2470 vor
666 2436 801 2482 Augen
827 2435 1017 2470 schwebt!
1071 2434 1185 2470 Quum
1219 2433 1320 2467 Crat.
1355 2432 1486 2467 Lamb.
1531 2432 1607 2467 Sed
1641 2432 1700 2466 vi-

204 2484 317 2518 detur
355 2483 481 2529 potius
509 2483 802 2518 emendandum:
849 2484 1070 2516 commodum
1097 2508 1106 2517 .
1133 2506 1143 2516 .
1166 2492 1337 2526 propono
1372 2481 1453 2516 sine
1491 2481 1699 2529 interrog.;

207 2531 392 2577 ger-ade
431 2531 585 2575 ietzt,
622 2536 794 2576 appuneo.
839 2531 1037 2565 ORELLI.
1087 2550 1129 2556 -—
1182 2533 1271 2564 rust.
1308 2540 1380 2572 νος,
1425 2528 1595 2563 Ger‘a'the
1630 2539 1702 2562 zur

205 2579 574 2616 Landwirthschaft.
618 2599 661 2605 --
708 2590 738 2613 c.
772 2579 850 2613 vill.
877 2581 967 2626 loq„
1005 2579 1081 2613 wie
1114 2580 1175 2613 Du
1200 2578 1361 2613 Deinem
1387 2577 1603 2612 Verwalter
1626 2576 1701 2611 Be-

205 2628 312 2662 i‘ehle
341 2627 535 2665 ertheilst.
587 2648 629 2654 -
681 2628 722 2662 in
746 2628 898 2667 lacinia,
937 2628 978 2661 in
1004 2627 1102 2669 sinu,
1129 2627 1183 2660 im
1210 2626 1341 2670 Zipsel
1367 2625 1505 2660 Deines
1530 2625 1702 2659 Mantels.

205 2694 250 2701 —-
277 2676 429 2718 semina,
471 2677 532 2710 die
559 2677 782 2720 Obstkerne,
821 2688 916 2721 quae
943 2683 1068 2723 postea
1096 2676 1135 2708 in
1160 2682 1226 2708 tuo
1252 2674 1370 2708 fundo
1397 2684 1509 2707 seras.
1551 2690 1594 2696 —
1630 2673 1703 2726 *ttbz

206 2725 377 2764 «semisse,
396 2725 476 2759 dass
503 2725 648 2759 ichDir
673 2725 781 2759 nicht
809 2725 942 2758 helsen
967 2725 1125 2765 konnte,
1153 2733 1214 2756 me
1235 2732 1310 2756 non
1327 2722 1490 2768 potuisse
1505 2731 1703 2765 pecuniam
1734 2727 1748 2739 ³

206 2774 276 2807 sihi
297 2773 384 2809 darc
405 2773 450 2807 ad
478 2774 678 2809 sumendum
695 2773 917 2821 praedium,
946 2785 1016 2820 que
1040 2772 1151 2808 etiam
1169 2771 1339 2818 pertinet
1352 2781 1440 2805 mox
1453 2770 1704 2805 sublevaturus
