<?xml version="1.0" encoding="UTF-8"?>
<!DOCTYPE html PUBLIC "-//W3C//DTD XHTML 1.0 Transitional//EN"
    "http://www.w3.org/TR/xhtml1/DTD/xhtml1-transitional.dtd">
<html xmlns="http://www.w3.org/1999/xhtml" xml:lang="en" lang="en">
 <head>
  <title>
</title>
<meta http-equiv="Content-Type" content="text/html;charset=utf-8" />
  <meta name='ocr-system' content='tesseract 3.04.00' />
  <meta name='ocr-capabilities' content='ocr_page ocr_carea ocr_par ocr_line ocrx_word'/>
</head>
<body>
  <div class='ocr_page' id='page_1' title='image "./epistolaeadattic04ciceuoft_0339.png"; bbox 0 0 1795 3086; ppageno 0'>
   <div class='ocr_carea' id='block_1_1' title="bbox 313 83 1579 133">
    <p class='ocr_par' dir='ltr' id='par_1_1' title="bbox 313 83 1579 133">
     <span class='ocr_line' id='line_1_1' title="bbox 313 83 1579 133; baseline 0.002 -3"><span class='ocrx_word' id='word_1_1' title='bbox 313 85 625 131; x_wconf 86' lang='lat' dir='ltr'>EPISTOLA</span> <span class='ocrx_word' id='word_1_2' title='bbox 655 85 980 129; x_wconf 85' lang='lat' dir='ltr'>DCCCXXX.</span> <span class='ocrx_word' id='word_1_3' title='bbox 1011 83 1364 128; x_wconf 84' lang='lat' dir='ltr'>DCCCXXXI.</span> <span class='ocrx_word' id='word_1_4' title='bbox 1488 84 1579 133; x_wconf 79' lang='lat'>329</span> 
     </span>
    </p>
   </div>
   <div class='ocr_carea' id='block_1_2' title="bbox 247 196 1432 315">
    <p class='ocr_par' dir='ltr' id='par_1_2' title="bbox 247 196 1432 315">
     <span class='ocr_line' id='line_1_2' title="bbox 247 196 1432 247; baseline 0.001 -8"><span class='ocrx_word' id='word_1_5' title='bbox 247 198 564 241; x_wconf 81' lang='lat' dir='ltr'>EPISTOLA</span> <span class='ocrx_word' id='word_1_6' title='bbox 593 196 927 240; x_wconf 82' lang='lat' dir='ltr'>DCCCXXX.</span> <span class='ocrx_word' id='word_1_7' title='bbox 981 197 1056 247; x_wconf 88' lang='lat' dir='ltr'>(ad</span> <span class='ocrx_word' id='word_1_8' title='bbox 1087 198 1193 240; x_wconf 88' lang='lat' dir='ltr'>Div.</span> <span class='ocrx_word' id='word_1_9' title='bbox 1226 198 1315 240; x_wconf 91' lang='lat' dir='ltr'>XI.</span> <span class='ocrx_word' id='word_1_10' title='bbox 1348 197 1432 246; x_wconf 88' lang='grc'>15.)</span> 
     </span>
     <span class='ocr_line' id='line_1_3' title="bbox 293 272 1391 315; baseline -0.001 -7"><span class='ocrx_word' id='word_1_11' title='bbox 293 273 374 308; x_wconf 73' lang='lat' dir='ltr'>scr.</span> <span class='ocrx_word' id='word_1_12' title='bbox 401 274 540 308; x_wconf 74' lang='lat' dir='ltr'>nomae</span> <span class='ocrx_word' id='word_1_13' title='bbox 564 283 691 307; x_wconf 78' lang='lat' dir='ltr'>mense</span> <span class='ocrx_word' id='word_1_14' title='bbox 718 272 814 306; x_wconf 79' lang='lat' dir='ltr'>Maio</span> <span class='ocrx_word' id='word_1_15' title='bbox 849 272 891 304; x_wconf 81' lang='lat' dir='ltr'>A.</span> <span class='ocrx_word' id='word_1_16' title='bbox 914 272 959 305; x_wconf 90' lang='lat' dir='ltr'>U.</span> <span class='ocrx_word' id='word_1_17' title='bbox 988 272 1027 306; x_wconf 82' lang='lat' dir='ltr'>c,</span> <span class='ocrx_word' id='word_1_18' title='bbox 1055 275 1133 308; x_wconf 88' lang='lat'>711.</span> <span class='ocrx_word' id='word_1_19' title='bbox 1175 272 1220 315; x_wconf 85' lang='lat' dir='ltr'>(a.</span> <span class='ocrx_word' id='word_1_20' title='bbox 1247 272 1285 306; x_wconf 89' lang='lat' dir='ltr'>c.</span> <span class='ocrx_word' id='word_1_21' title='bbox 1314 272 1391 315; x_wconf 81' lang='grc'><strong>43.)</strong></span> 
     </span>
    </p>
   </div>
   <div class='ocr_carea' id='block_1_3' title="bbox 100 337 1580 421">
    <p class='ocr_par' dir='ltr' id='par_1_3' title="bbox 100 337 1580 421">
     <span class='ocr_line' id='line_1_4' title="bbox 100 337 1580 421; baseline 0.001 -47"><span class='ocrx_word' id='word_1_22' title='bbox 100 340 239 375; x_wconf 79' lang='lat' dir='ltr'>Laudat</span> <span class='ocrx_word' id='word_1_23' title='bbox 271 340 439 375; x_wconf 85' lang='lat' dir='ltr'>officium</span> <span class='ocrx_word' id='word_1_24' title='bbox 485 347 522 374; x_wconf 80' lang='lat' dir='ltr'>et</span> <span class='ocrx_word' id='word_1_25' title='bbox 554 338 793 387; x_wconf 82' lang='lat' dir='ltr'>diligentiam</span> <span class='ocrx_word' id='word_1_26' title='bbox 828 337 1240 421; x_wconf 78' lang='lat' dir='ltr'>Bruti2hortaturque,</span> <span class='ocrx_word' id='word_1_27' title='bbox 1266 346 1306 374; x_wconf 84' lang='lat' dir='ltr'>ut</span> <span class='ocrx_word' id='word_1_28' title='bbox 1340 351 1466 375; x_wconf 85' lang='lat' dir='ltr'>secum</span> <span class='ocrx_word' id='word_1_29' title='bbox 1501 340 1580 386; x_wconf 82' lang='lat' dir='ltr'>ipsc</span> 
     </span>
     <span class='ocr_line' id='line_1_5' title="bbox 705 389 974 420; baseline -0.007 0"><span class='ocrx_word' id='word_1_30' title='bbox 705 392 835 420; x_wconf 85' lang='lat' dir='ltr'>certet.</span> <span class='ocrx_word' id='word_1_31' title='bbox 873 389 931 420; x_wconf 93' lang='lat' dir='ltr'>l—</span> <span class='ocrx_word' id='word_1_32' title='bbox 968 412 974 418; x_wconf 94' lang='lat'><strong>.</strong></span> 
     </span>
    </p>
   </div>
   <div class='ocr_carea' id='block_1_4' title="bbox 385 456 1291 494">
    <p class='ocr_par' dir='ltr' id='par_1_4' title="bbox 385 456 1291 494">
     <span class='ocr_line' id='line_1_6' title="bbox 385 456 1291 494; baseline 0 0"><span class='ocrx_word' id='word_1_33' title='bbox 385 462 434 494; x_wconf 82' lang='lat' dir='ltr'>M.</span> <span class='ocrx_word' id='word_1_34' title='bbox 462 458 640 494; x_wconf 89' lang='lat' dir='ltr'>CICERO</span> <span class='ocrx_word' id='word_1_35' title='bbox 666 459 710 492; x_wconf 92' lang='lat' dir='ltr'>D.</span> <span class='ocrx_word' id='word_1_36' title='bbox 737 456 899 491; x_wconf 88' lang='lat' dir='ltr'>BRUTO</span> <span class='ocrx_word' id='word_1_37' title='bbox 927 457 1025 492; x_wconf 89' lang='lat' dir='ltr'>COS.</span> <span class='ocrx_word' id='word_1_38' title='bbox 1053 456 1159 492; x_wconf 88' lang='lat' dir='ltr'><strong>DES.</strong></span> <span class='ocrx_word' id='word_1_39' title='bbox 1185 458 1220 492; x_wconf 90' lang='lat' dir='ltr'>S.</span> <span class='ocrx_word' id='word_1_40' title='bbox 1247 460 1291 494; x_wconf 92' lang='lat' dir='ltr'>D.</span> 
     </span>
    </p>
   </div>
   <div class='ocr_carea' id='block_1_5' title="bbox 101 525 1585 1138">
    <p class='ocr_par' dir='ltr' id='par_1_5' title="bbox 101 525 1585 1138">
     <span class='ocr_line' id='line_1_7' title="bbox 212 525 1578 584; baseline 0.001 -15"><span class='ocrx_word' id='word_1_41' title='bbox 212 528 313 569; x_wconf 88' lang='lat' dir='ltr'>Etsi</span> <span class='ocrx_word' id='word_1_42' title='bbox 341 526 454 568; x_wconf 85' lang='lat' dir='ltr'>mihi</span> <span class='ocrx_word' id='word_1_43' title='bbox 483 531 583 567; x_wconf 88' lang='lat' dir='ltr'>tuae</span> <span class='ocrx_word' id='word_1_44' title='bbox 612 526 772 566; x_wconf 87' lang='lat' dir='ltr'>literae</span> <span class='ocrx_word' id='word_1_45' title='bbox 801 525 1147 567; x_wconf 85' lang='lat' dir='ltr'>iucundissimae</span> <span class='ocrx_word' id='word_1_46' title='bbox 1177 530 1296 584; x_wconf 78' lang='lat' dir='ltr'>sunt,</span> <span class='ocrx_word' id='word_1_47' title='bbox 1338 531 1482 570; x_wconf 85' lang='lat' dir='ltr'>tamen</span> <span class='ocrx_word' id='word_1_48' title='bbox 1511 527 1578 570; x_wconf 90' lang='lat' dir='ltr'>iu-</span> 
     </span>
     <span class='ocr_line' id='line_1_8' title="bbox 102 581 1580 637; baseline 0.001 -13"><span class='ocrx_word' id='word_1_49' title='bbox 102 585 290 624; x_wconf 84' lang='lat' dir='ltr'>cundius</span> <span class='ocrx_word' id='word_1_50' title='bbox 340 583 442 631; x_wconf 81' lang='lat' dir='ltr'>fuit,</span> <span class='ocrx_word' id='word_1_51' title='bbox 493 582 613 637; x_wconf 90' lang='lat' dir='ltr'>quod</span> <span class='ocrx_word' id='word_1_52' title='bbox 660 581 708 622; x_wconf 91' lang='lat' dir='ltr'>in</span> <span class='ocrx_word' id='word_1_53' title='bbox 744 595 915 623; x_wconf 84' lang='lat' dir='ltr'>summa</span> <span class='ocrx_word' id='word_1_54' title='bbox 962 581 1255 637; x_wconf 84' lang='lat' dir='ltr'>occupatione</span> <span class='ocrx_word' id='word_1_55' title='bbox 1296 587 1374 625; x_wconf 86' lang='lat' dir='ltr'>tua</span> <span class='ocrx_word' id='word_1_56' title='bbox 1409 586 1580 627; x_wconf 82' lang='lat' dir='ltr'>Planco</span> 
     </span>
     <span class='ocr_line' id='line_1_9' title="bbox 103 637 1580 693; baseline 0.001 -13"><span class='ocrx_word' id='word_1_57' title='bbox 103 641 303 693; x_wconf 77' lang='lat' dir='ltr'>collegae</span> <span class='ocrx_word' id='word_1_58' title='bbox 352 637 590 688; x_wconf 80' lang='lat' dir='ltr'><strong>mandasti,</strong></span> <span class='ocrx_word' id='word_1_59' title='bbox 636 641 685 678; x_wconf 86' lang='lat' dir='ltr'>ut</span> <span class='ocrx_word' id='word_1_60' title='bbox 734 643 778 679; x_wconf 89' lang='lat' dir='ltr'>te</span> <span class='ocrx_word' id='word_1_61' title='bbox 824 637 937 679; x_wconf 86' lang='lat' dir='ltr'>mihi</span> <span class='ocrx_word' id='word_1_62' title='bbox 984 652 1064 693; x_wconf 90' lang='lat' dir='ltr'>per</span> <span class='ocrx_word' id='word_1_63' title='bbox 1112 638 1267 679; x_wconf 84' lang='lat' dir='ltr'><strong>literas</strong></span> <span class='ocrx_word' id='word_1_64' title='bbox 1319 646 1580 682; x_wconf 80' lang='lat' dir='ltr'>excusaret:</span> 
     </span>
     <span class='ocr_line' id='line_1_10' title="bbox 101 693 1580 749; baseline 0.001 -14"><span class='ocrx_word' id='word_1_65' title='bbox 101 696 220 749; x_wconf 86' lang='lat' dir='ltr'>quod</span> <span class='ocrx_word' id='word_1_66' title='bbox 250 695 361 736; x_wconf 85' lang='lat' dir='ltr'>fecit</span> <span class='ocrx_word' id='word_1_67' title='bbox 390 695 472 735; x_wconf 89' lang='lat' dir='ltr'>ille</span> <span class='ocrx_word' id='word_1_68' title='bbox 510 694 764 748; x_wconf 80' lang='lat' dir='ltr'><strong>diligenter.</strong></span> <span class='ocrx_word' id='word_1_69' title='bbox 840 693 959 735; x_wconf 84' lang='lat' dir='ltr'>Mihi</span> <span class='ocrx_word' id='word_1_70' title='bbox 1003 697 1148 734; x_wconf 86' lang='lat' dir='ltr'>autem</span> <span class='ocrx_word' id='word_1_71' title='bbox 1187 693 1303 734; x_wconf 88' lang='lat' dir='ltr'>nihil</span> <span class='ocrx_word' id='word_1_72' title='bbox 1345 697 1580 737; x_wconf 83' lang='lat' dir='ltr'>amabilius</span> 
     </span>
     <span class='ocr_line' id='line_1_11' title="bbox 103 749 1582 806; baseline 0.001 -15"><span class='ocrx_word' id='word_1_73' title='bbox 103 750 257 792; x_wconf 84' lang='lat' dir='ltr'>officio</span> <span class='ocrx_word' id='word_1_74' title='bbox 305 756 381 792; x_wconf 89' lang='lat' dir='ltr'>tuo</span> <span class='ocrx_word' id='word_1_75' title='bbox 430 755 474 791; x_wconf 89' lang='lat' dir='ltr'>et</span> <span class='ocrx_word' id='word_1_76' title='bbox 515 750 761 804; x_wconf 84' lang='lat' dir='ltr'>diligentia.</span> <span class='ocrx_word' id='word_1_77' title='bbox 838 749 1106 790; x_wconf 84' lang='lat' dir='ltr'>coniunctio</span> <span class='ocrx_word' id='word_1_78' title='bbox 1147 753 1224 790; x_wconf 86' lang='lat' dir='ltr'>tua</span> <span class='ocrx_word' id='word_1_79' title='bbox 1269 763 1368 791; x_wconf 91' lang='lat' dir='ltr'>cum</span> <span class='ocrx_word' id='word_1_80' title='bbox 1407 753 1582 806; x_wconf 82' lang='lat' dir='ltr'>collega</span> 
     </span>
     <span class='ocr_line' id='line_1_12' title="bbox 103 805 1584 860; baseline 0.002 -14"><span class='ocrx_word' id='word_1_81' title='bbox 103 806 427 860; x_wconf 86' lang='lat' dir='ltr'>concordiaque</span> <span class='ocrx_word' id='word_1_82' title='bbox 464 810 629 858; x_wconf 70' lang='lat' dir='ltr'>vestra,</span> <span class='ocrx_word' id='word_1_83' title='bbox 677 818 790 859; x_wconf 89' lang='lat' dir='ltr'>quae</span> <span class='ocrx_word' id='word_1_84' title='bbox 832 805 976 845; x_wconf 85' lang='lat' dir='ltr'>literis</span> <span class='ocrx_word' id='word_1_85' title='bbox 1015 806 1317 846; x_wconf 86' lang='lat' dir='ltr'>communibus</span> <span class='ocrx_word' id='word_1_86' title='bbox 1355 807 1584 849; x_wconf 83' lang='lat' dir='ltr'>declarata</span> 
     </span>
     <span class='ocr_line' id='line_1_13' title="bbox 104 859 1581 917; baseline 0.001 -15"><span class='ocrx_word' id='word_1_87' title='bbox 104 866 186 912; x_wconf 84' lang='lat' dir='ltr'>est,</span> <span class='ocrx_word' id='word_1_88' title='bbox 236 862 279 902; x_wconf 88' lang='lat' dir='ltr'>S.</span> <span class='ocrx_word' id='word_1_89' title='bbox 322 863 378 903; x_wconf 87' lang='lat' dir='ltr'>P.</span> <span class='ocrx_word' id='word_1_90' title='bbox 421 860 476 910; x_wconf 83' lang='lat' dir='ltr'>Q.</span> <span class='ocrx_word' id='word_1_91' title='bbox 520 861 576 902; x_wconf 85' lang='lat' dir='ltr'>R.</span> <span class='ocrx_word' id='word_1_92' title='bbox 619 860 873 914; x_wconf 78' lang='lat' dir='ltr'>gratissima</span> <span class='ocrx_word' id='word_1_93' title='bbox 918 859 1092 900; x_wconf 85' lang='lat' dir='ltr'>accidit.</span> <span class='ocrx_word' id='word_1_94' title='bbox 1179 861 1313 910; x_wconf 83' lang='lat' dir='ltr'>Quod</span> <span class='ocrx_word' id='word_1_95' title='bbox 1362 868 1581 917; x_wconf 79' lang='lat' dir='ltr'>superest,</span> 
     </span>
     <span class='ocr_line' id='line_1_14' title="bbox 105 916 1584 972; baseline 0.001 -14"><span class='ocrx_word' id='word_1_96' title='bbox 105 931 254 972; x_wconf 82' lang='lat' dir='ltr'>perge,</span> <span class='ocrx_word' id='word_1_97' title='bbox 284 918 346 958; x_wconf 84' lang='lat' dir='ltr'>mi</span> <span class='ocrx_word' id='word_1_98' title='bbox 374 918 527 969; x_wconf 80' lang='lat' dir='ltr'>Brute,</span> <span class='ocrx_word' id='word_1_99' title='bbox 568 921 612 956; x_wconf 86' lang='lat' dir='ltr'>et</span> <span class='ocrx_word' id='word_1_100' title='bbox 641 917 729 956; x_wconf 89' lang='lat' dir='ltr'>iam</span> <span class='ocrx_word' id='word_1_101' title='bbox 758 929 844 956; x_wconf 90' lang='lat' dir='ltr'>non</span> <span class='ocrx_word' id='word_1_102' title='bbox 885 928 983 955; x_wconf 90' lang='lat' dir='ltr'>cum</span> <span class='ocrx_word' id='word_1_103' title='bbox 1022 916 1139 962; x_wconf 87' lang='lat' dir='ltr'>aliis,</span> <span class='ocrx_word' id='word_1_104' title='bbox 1182 917 1262 957; x_wconf 85' lang='lat' dir='ltr'>sed</span> <span class='ocrx_word' id='word_1_105' title='bbox 1302 921 1448 958; x_wconf 88' lang='lat' dir='ltr'>tecum</span> <span class='ocrx_word' id='word_1_106' title='bbox 1490 920 1584 972; x_wconf 84' lang='lat' dir='ltr'>ipse</span> 
     </span>
     <span class='ocr_line' id='line_1_15' title="bbox 106 971 1584 1029; baseline 0.001 -15"><span class='ocrx_word' id='word_1_107' title='bbox 106 979 241 1014; x_wconf 74' lang='lat' dir='ltr'>certa.</span> <span class='ocrx_word' id='word_1_108' title='bbox 299 973 444 1014; x_wconf 89' lang='lat' dir='ltr'>Plura</span> <span class='ocrx_word' id='word_1_109' title='bbox 472 971 664 1011; x_wconf 85' lang='lat' dir='ltr'>scribere</span> <span class='ocrx_word' id='word_1_110' title='bbox 694 985 781 1012; x_wconf 89' lang='lat' dir='ltr'>non</span> <span class='ocrx_word' id='word_1_111' title='bbox 812 971 967 1019; x_wconf 85' lang='lat' dir='ltr'>debeo,</span> <span class='ocrx_word' id='word_1_112' title='bbox 1013 973 1278 1025; x_wconf 85' lang='lat' dir='ltr'>praesertim</span> <span class='ocrx_word' id='word_1_113' title='bbox 1309 974 1365 1013; x_wconf 91' lang='lat' dir='ltr'>ad</span> <span class='ocrx_word' id='word_1_114' title='bbox 1396 979 1454 1026; x_wconf 86' lang='lat' dir='ltr'>te,</span> <span class='ocrx_word' id='word_1_115' title='bbox 1496 989 1584 1029; x_wconf 89' lang='lat' dir='ltr'>quo</span> 
     </span>
     <span class='ocr_line' id='line_1_16' title="bbox 105 1026 1585 1082; baseline 0.003 -15"><span class='ocrx_word' id='word_1_116' title='bbox 105 1029 318 1082; x_wconf 82' lang='lat' dir='ltr'>magistro</span> <span class='ocrx_word' id='word_1_117' title='bbox 348 1026 582 1069; x_wconf 76' lang='lat' dir='ltr'>brevitatis</span> <span class='ocrx_word' id='word_1_118' title='bbox 612 1027 678 1067; x_wconf 84' lang='lat' dir='ltr'>uti</span> <span class='ocrx_word' id='word_1_119' title='bbox 708 1027 871 1081; x_wconf 81' lang='lat' dir='ltr'>cogito.</span> <span class='ocrx_word' id='word_1_120' title='bbox 942 1026 1121 1068; x_wconf 85' lang='lat' dir='ltr'>Literas</span> <span class='ocrx_word' id='word_1_121' title='bbox 1158 1031 1257 1070; x_wconf 79' lang='lat' dir='ltr'>tuas</span> <span class='ocrx_word' id='word_1_122' title='bbox 1296 1029 1585 1072; x_wconf 81' lang='lat' dir='ltr'>vehementer</span> 
     </span>
     <span class='ocr_line' id='line_1_17' title="bbox 106 1083 1306 1138; baseline 0.001 -14"><span class='ocrx_word' id='word_1_123' title='bbox 106 1089 319 1138; x_wconf 84' lang='lat' dir='ltr'>exspecto</span> <span class='ocrx_word' id='word_1_124' title='bbox 351 1088 396 1125; x_wconf 90' lang='lat' dir='ltr'>et</span> <span class='ocrx_word' id='word_1_125' title='bbox 425 1083 605 1138; x_wconf 86' lang='lat' dir='ltr'>quidem</span> <span class='ocrx_word' id='word_1_126' title='bbox 634 1083 761 1129; x_wconf 85' lang='lat' dir='ltr'>tales,</span> <span class='ocrx_word' id='word_1_127' title='bbox 789 1084 944 1137; x_wconf 88' lang='lat' dir='ltr'>quales</span> <span class='ocrx_word' id='word_1_128' title='bbox 974 1084 1160 1124; x_wconf 75' lang='lat' dir='ltr'>maxime</span> <span class='ocrx_word' id='word_1_129' title='bbox 1190 1088 1306 1138; x_wconf 90' lang='lat' dir='ltr'>opto.</span> 
     </span>
    </p>
   </div>
   <div class='ocr_carea' id='block_1_6' title="bbox 257 1300 1442 1421">
    <p class='ocr_par' dir='ltr' id='par_1_6' title="bbox 257 1300 1442 1421">
     <span class='ocr_line' id='line_1_18' title="bbox 257 1300 1442 1355; baseline -0.001 -10"><span class='ocrx_word' id='word_1_130' title='bbox 257 1300 571 1345; x_wconf 74' lang='lat' dir='ltr'>EPISTULA</span> <span class='ocrx_word' id='word_1_131' title='bbox 603 1301 956 1344; x_wconf 85' lang='lat' dir='ltr'>DCCCXXXI.</span> <span class='ocrx_word' id='word_1_132' title='bbox 1017 1302 1092 1351; x_wconf 88' lang='lat' dir='ltr'>(ad</span> <span class='ocrx_word' id='word_1_133' title='bbox 1122 1303 1229 1344; x_wconf 85' lang='lat' dir='ltr'>Div.</span> <span class='ocrx_word' id='word_1_134' title='bbox 1261 1302 1323 1344; x_wconf 90' lang='lat' dir='ltr'>X.</span> <span class='ocrx_word' id='word_1_135' title='bbox 1356 1303 1442 1355; x_wconf 86' lang='lat'>13.)</span> 
     </span>
     <span class='ocr_line' id='line_1_19' title="bbox 298 1376 1400 1421; baseline 0.001 -11"><span class='ocrx_word' id='word_1_136' title='bbox 298 1377 378 1411; x_wconf 84' lang='lat' dir='ltr'>Ser.</span> <span class='ocrx_word' id='word_1_137' title='bbox 405 1376 544 1411; x_wconf 85' lang='lat' dir='ltr'>Romae</span> <span class='ocrx_word' id='word_1_138' title='bbox 571 1388 697 1410; x_wconf 85' lang='lat' dir='ltr'>mense</span> <span class='ocrx_word' id='word_1_139' title='bbox 724 1377 819 1412; x_wconf 84' lang='lat' dir='ltr'>Maio</span> <span class='ocrx_word' id='word_1_140' title='bbox 855 1378 894 1411; x_wconf 85' lang='lat' dir='ltr'>A.</span> <span class='ocrx_word' id='word_1_141' title='bbox 923 1378 967 1411; x_wconf 88' lang='lat' dir='ltr'>U.</span> <span class='ocrx_word' id='word_1_142' title='bbox 995 1377 1034 1411; x_wconf 83' lang='lat' dir='ltr'>C.</span> <span class='ocrx_word' id='word_1_143' title='bbox 1066 1380 1144 1413; x_wconf 88' lang='lat'>711.</span> <span class='ocrx_word' id='word_1_144' title='bbox 1182 1379 1229 1419; x_wconf 84' lang='lat' dir='ltr'>(a.</span> <span class='ocrx_word' id='word_1_145' title='bbox 1257 1378 1296 1412; x_wconf 92' lang='lat' dir='ltr'>C.</span> <span class='ocrx_word' id='word_1_146' title='bbox 1323 1379 1400 1421; x_wconf 83' lang='lat'>43.)</span> 
     </span>
    </p>
   </div>
   <div class='ocr_carea' id='block_1_7' title="bbox 110 1445 1574 1530">
    <p class='ocr_par' dir='ltr' id='par_1_7' title="bbox 110 1445 1574 1530">
     <span class='ocr_line' id='line_1_20' title="bbox 110 1445 1574 1493; baseline 0.001 -13"><span class='ocrx_word' id='word_1_147' title='bbox 110 1448 164 1481; x_wconf 87' lang='lat' dir='ltr'>De</span> <span class='ocrx_word' id='word_1_148' title='bbox 199 1445 234 1483; x_wconf 86' lang='lat' dir='ltr'>S.</span> <span class='ocrx_word' id='word_1_149' title='bbox 271 1446 309 1480; x_wconf 92' lang='lat' dir='ltr'>C.</span> <span class='ocrx_word' id='word_1_150' title='bbox 343 1456 413 1491; x_wconf 83' lang='lat' dir='ltr'>pro</span> <span class='ocrx_word' id='word_1_151' title='bbox 446 1445 633 1493; x_wconf 79' lang='lat' dir='ltr'>dignitate</span> <span class='ocrx_word' id='word_1_152' title='bbox 666 1445 797 1479; x_wconf 83' lang='lat' dir='ltr'>Planci</span> <span class='ocrx_word' id='word_1_153' title='bbox 830 1447 929 1480; x_wconf 81' lang='lat' dir='ltr'>sacto</span> <span class='ocrx_word' id='word_1_154' title='bbox 964 1445 1097 1480; x_wconf 79' lang='lat' dir='ltr'>scribit</span> <span class='ocrx_word' id='word_1_155' title='bbox 1130 1456 1290 1491; x_wconf 86' lang='lat' dir='ltr'>eumque</span> <span class='ocrx_word' id='word_1_156' title='bbox 1326 1445 1517 1491; x_wconf 76' lang='lat' dir='ltr'>hortatur,</span> <span class='ocrx_word' id='word_1_157' title='bbox 1552 1460 1574 1481; x_wconf 87' lang='lat' dir='ltr'>u</span> 
     </span>
     <span class='ocr_line' id='line_1_21' title="bbox 464 1493 1572 1530; baseline 0.003 -3"><span class='ocrx_word' id='word_1_158' title='bbox 464 1494 716 1528; x_wconf 86' lang='lat' dir='ltr'>Antonianum</span> <span class='ocrx_word' id='word_1_159' title='bbox 739 1493 884 1527; x_wconf 87' lang='lat' dir='ltr'>bellum</span> <span class='ocrx_word' id='word_1_160' title='bbox 910 1494 1092 1528; x_wconf 80' lang='lat' dir='ltr'>conficiat.</span> <span class='ocrx_word' id='word_1_161' title='bbox 1135 1497 1238 1530; x_wconf 87' lang='lat'>1—2.</span> <span class='ocrx_word' id='word_1_162' title='bbox 1566 1512 1572 1515; x_wconf 92' lang='lat'>·</span> 
     </span>
    </p>
   </div>
   <div class='ocr_carea' id='block_1_8' title="bbox 654 1564 1061 1599">
    <p class='ocr_par' dir='ltr' id='par_1_8' title="bbox 654 1564 1061 1599">
     <span class='ocr_line' id='line_1_22' title="bbox 654 1564 1061 1599; baseline 0.002 -1"><span class='ocrx_word' id='word_1_163' title='bbox 654 1564 831 1599; x_wconf 86' lang='lat' dir='ltr'>CICERO</span> <span class='ocrx_word' id='word_1_164' title='bbox 859 1564 1061 1599; x_wconf 85' lang='lat' dir='ltr'>PLANCO.</span> 
     </span>
    </p>
   </div>
   <div class='ocr_carea' id='block_1_9' title="bbox 114 1632 1593 1746">
    <p class='ocr_par' dir='ltr' id='par_1_9' title="bbox 114 1632 1593 1746">
     <span class='ocr_line' id='line_1_23' title="bbox 220 1632 1592 1690; baseline 0.003 -16"><span class='ocrx_word' id='word_1_165' title='bbox 220 1633 284 1674; x_wconf 92' lang='lat' dir='ltr'>Ut</span> <span class='ocrx_word' id='word_1_166' title='bbox 313 1633 501 1687; x_wconf 86' lang='lat' dir='ltr'>primum</span> <span class='ocrx_word' id='word_1_167' title='bbox 530 1632 639 1673; x_wconf 75' lang='lat' dir='ltr'>milzz‘</span> <span class='ocrx_word' id='word_1_168' title='bbox 667 1636 861 1687; x_wconf 85' lang='lat' dir='ltr'>potestas</span> <span class='ocrx_word' id='word_1_169' title='bbox 901 1634 1006 1675; x_wconf 84' lang='lat' dir='ltr'>data</span> <span class='ocrx_word' id='word_1_170' title='bbox 1045 1635 1112 1674; x_wconf 84' lang='lat' dir='ltr'>est</span> <span class='ocrx_word' id='word_1_171' title='bbox 1141 1632 1368 1688; x_wconf 79' lang='lat' dir='ltr'>augendae</span> <span class='ocrx_word' id='word_1_172' title='bbox 1398 1634 1592 1690; x_wconf 80' lang='lat' dir='ltr'>dignita-</span> 
     </span>
     <span class='ocr_line' id='line_1_24' title="bbox 114 1688 1593 1746; baseline 0.003 -17"><span class='ocrx_word' id='word_1_173' title='bbox 114 1689 168 1730; x_wconf 90' lang='lat' dir='ltr'>tis</span> <span class='ocrx_word' id='word_1_174' title='bbox 199 1693 316 1741; x_wconf 88' lang='lat' dir='ltr'>tuae,</span> <span class='ocrx_word' id='word_1_175' title='bbox 346 1688 459 1729; x_wconf 91' lang='lat' dir='ltr'>nihil</span> <span class='ocrx_word' id='word_1_176' title='bbox 489 1688 768 1743; x_wconf 83' lang='lat' dir='ltr'>praetermisi</span> <span class='ocrx_word' id='word_1_177' title='bbox 806 1690 854 1729; x_wconf 90' lang='lat' dir='ltr'>in</span> <span class='ocrx_word' id='word_1_178' title='bbox 893 1694 937 1730; x_wconf 87' lang='lat' dir='ltr'>te</span> <span class='ocrx_word' id='word_1_179' title='bbox 977 1689 1191 1741; x_wconf 83' lang='lat' dir='ltr'>ornando,</span> <span class='ocrx_word' id='word_1_180' title='bbox 1241 1691 1362 1744; x_wconf 88' lang='lat' dir='ltr'>quod</span> <span class='ocrx_word' id='word_1_181' title='bbox 1399 1693 1593 1746; x_wconf 86' lang='lat' dir='ltr'>positum</span> 
     </span>
    </p>
   </div>
   <div class='ocr_carea' id='block_1_10' title="bbox 212 1900 1596 1950">
    <p class='ocr_par' dir='ltr' id='par_1_10' title="bbox 212 1900 1596 1950">
     <span class='ocr_line' id='line_1_25' title="bbox 212 1900 1596 1950; baseline 0.002 -15"><span class='ocrx_word' id='word_1_182' title='bbox 212 1903 244 1935; x_wconf 92' lang='lat'>1.</span> <span class='ocrx_word' id='word_1_183' title='bbox 295 1900 332 1934; x_wconf 81' lang='lat' dir='ltr'>in</span> <span class='ocrx_word' id='word_1_184' title='bbox 357 1911 494 1934; x_wconf 78' lang='lat' dir='ltr'>summa</span> <span class='ocrx_word' id='word_1_185' title='bbox 519 1910 641 1943; x_wconf 79' lang='lat' dir='ltr'>occup.</span> <span class='ocrx_word' id='word_1_186' title='bbox 669 1904 741 1943; x_wconf 75' lang='lat' dir='ltr'>tua,</span> <span class='ocrx_word' id='word_1_187' title='bbox 787 1900 993 1934; x_wconf 84' lang='lat' dir='ltr'>diessmahl</span> <span class='ocrx_word' id='word_1_188' title='bbox 1028 1900 1149 1934; x_wconf 85' lang='lat' dir='ltr'>durch</span> <span class='ocrx_word' id='word_1_189' title='bbox 1189 1901 1250 1936; x_wconf 85' lang='lat' dir='ltr'>die</span> <span class='ocrx_word' id='word_1_190' title='bbox 1284 1904 1420 1950; x_wconf 73' lang='lat' dir='ltr'>Menge</span> <span class='ocrx_word' id='word_1_191' title='bbox 1453 1903 1596 1938; x_wconf 85' lang='lat' dir='ltr'>Deiner</span> 
     </span>
    </p>
   </div>
   <div class='ocr_carea' id='block_1_11' title="bbox 0 1948 1596 2010">
    <p class='ocr_par' dir='ltr' id='par_1_11' title="bbox 0 1948 1596 2010">
     <span class='ocr_line' id='line_1_26' title="bbox 0 1948 1596 2010; baseline 0.001 -26"><span class='ocrx_word' id='word_1_192' title='bbox 0 1996 12 2010; x_wconf 47' lang='grc' dir='ltr'>κ</span> <span class='ocrx_word' id='word_1_193' title='bbox 53 1968 54 1971; x_wconf 40' lang='lat'>¹</span> <span class='ocrx_word' id='word_1_194' title='bbox 116 1948 318 1984; x_wconf 64' lang='lat' dir='ltr'>Gesch‘zifte</span> <span class='ocrx_word' id='word_1_195' title='bbox 342 1961 400 1982; x_wconf 82' lang='lat' dir='ltr'>am</span> <span class='ocrx_word' id='word_1_196' title='bbox 412 1948 624 1982; x_wconf 87' lang='lat' dir='ltr'>Schreiben</span> <span class='ocrx_word' id='word_1_197' title='bbox 649 1948 865 1995; x_wconf 80' lang='lat' dir='ltr'>gehindert.</span> <span class='ocrx_word' id='word_1_198' title='bbox 893 1967 935 1974; x_wconf 92' lang='lat'><em>-</em></span> <span class='ocrx_word' id='word_1_199' title='bbox 962 1949 1100 1983; x_wconf 83' lang='lat' dir='ltr'>Planco</span> <span class='ocrx_word' id='word_1_200' title='bbox 1126 1951 1294 1993; x_wconf 81' lang='lat' dir='ltr'>collegae</span> <span class='ocrx_word' id='word_1_201' title='bbox 1319 1951 1359 1983; x_wconf 88' lang='lat' dir='ltr'>in</span> <span class='ocrx_word' id='word_1_202' title='bbox 1384 1952 1596 1995; x_wconf 83' lang='lat' dir='ltr'>consulatu,</span> 
     </span>
    </p>
   </div>
   <div class='ocr_carea' id='block_1_12' title="bbox 117 1996 1598 2043">
    <p class='ocr_par' dir='ltr' id='par_1_12' title="bbox 117 1996 1598 2043">
     <span class='ocr_line' id='line_1_27' title="bbox 117 1996 1598 2043; baseline 0.003 -13"><span class='ocrx_word' id='word_1_203' title='bbox 117 1998 207 2041; x_wconf 88' lang='lat' dir='ltr'>quia</span> <span class='ocrx_word' id='word_1_204' title='bbox 232 2003 339 2030; x_wconf 85' lang='lat' dir='ltr'>erant</span> <span class='ocrx_word' id='word_1_205' title='bbox 365 1997 438 2030; x_wconf 87' lang='lat' dir='ltr'>iam</span> <span class='ocrx_word' id='word_1_206' title='bbox 464 1996 652 2043; x_wconf 78' lang='lat' dir='ltr'>designati</span> <span class='ocrx_word' id='word_1_207' title='bbox 687 1997 867 2030; x_wconf 89' lang='lat' dir='ltr'>consules.</span> <span class='ocrx_word' id='word_1_208' title='bbox 918 1997 1095 2031; x_wconf 83' lang='lat' dir='ltr'>Ceterum</span> <span class='ocrx_word' id='word_1_209' title='bbox 1130 1998 1204 2031; x_wconf 82' lang='lat' dir='ltr'>iam</span> <span class='ocrx_word' id='word_1_210' title='bbox 1240 2010 1278 2032; x_wconf 84' lang='lat' dir='ltr'>se</span> <span class='ocrx_word' id='word_1_211' title='bbox 1304 1999 1460 2033; x_wconf 86' lang='lat' dir='ltr'>Plancus</span> <span class='ocrx_word' id='word_1_212' title='bbox 1483 2001 1598 2035; x_wconf 88' lang='lat' dir='ltr'>Bruto</span> 
     </span>
    </p>
   </div>
   <div class='ocr_carea' id='block_1_13' title="bbox 0 2044 1598 2138">
    <p class='ocr_par' dir='ltr' id='par_1_13' title="bbox 0 2044 1598 2138">
     <span class='ocr_line' id='line_1_28' title="bbox 0 2044 1597 2093; baseline 0.001 -14"><span class='ocrx_word' id='word_1_213' title='bbox 0 2054 12 2059; x_wconf 85' lang='lat'><em>·</em></span> <span class='ocrx_word' id='word_1_214' title='bbox 55 2076 56 2080; x_wconf 74' lang='grc'>,</span> <span class='ocrx_word' id='word_1_215' title='bbox 116 2046 374 2079; x_wconf 83' lang='lat' dir='ltr'>coniunxerat.</span> <span class='ocrx_word' id='word_1_216' title='bbox 423 2044 593 2078; x_wconf 78' lang='lat' dir='ltr'>Velleius</span> <span class='ocrx_word' id='word_1_217' title='bbox 620 2045 670 2087; x_wconf 89' lang='grc' dir='ltr'>ΙΙ,</span> <span class='ocrx_word' id='word_1_218' title='bbox 705 2046 766 2080; x_wconf 82' lang='lat'>63:</span> <span class='ocrx_word' id='word_1_219' title='bbox 794 2045 978 2087; x_wconf 83' lang='lat' dir='ltr'>„Plancus</span> <span class='ocrx_word' id='word_1_220' title='bbox 1005 2045 1128 2086; x_wconf 84' lang='lat' dir='ltr'>dubia,</span> <span class='ocrx_word' id='word_1_221' title='bbox 1155 2046 1193 2079; x_wconf 86' lang='lat' dir='ltr'>id</span> <span class='ocrx_word' id='word_1_222' title='bbox 1221 2054 1290 2088; x_wconf 87' lang='lat' dir='ltr'>est,</span> <span class='ocrx_word' id='word_1_223' title='bbox 1314 2059 1378 2081; x_wconf 85' lang='lat' dir='ltr'>sua</span> <span class='ocrx_word' id='word_1_224' title='bbox 1402 2048 1491 2090; x_wconf 86' lang='lat' dir='ltr'>fide,</span> <span class='ocrx_word' id='word_1_225' title='bbox 1519 2049 1597 2093; x_wconf 85' lang='lat' dir='ltr'>diu,</span> 
     </span>
     <span class='ocr_line' id='line_1_29' title="bbox 55 2093 1598 2138; baseline 0.003 -12"><span class='ocrx_word' id='word_1_226' title='bbox 55 2097 56 2101; x_wconf 78' lang='grc'>’</span> <span class='ocrx_word' id='word_1_227' title='bbox 118 2105 277 2138; x_wconf 85' lang='lat' dir='ltr'>quarum</span> <span class='ocrx_word' id='word_1_228' title='bbox 304 2099 401 2126; x_wconf 78' lang='lat' dir='ltr'>esset</span> <span class='ocrx_word' id='word_1_229' title='bbox 426 2093 604 2137; x_wconf 79' lang='lat' dir='ltr'>partium,</span> <span class='ocrx_word' id='word_1_230' title='bbox 648 2104 772 2126; x_wconf 85' lang='lat' dir='ltr'>seeum</span> <span class='ocrx_word' id='word_1_231' title='bbox 806 2093 966 2127; x_wconf 86' lang='lat' dir='ltr'>luctatus</span> <span class='ocrx_word' id='word_1_232' title='bbox 1000 2105 1040 2127; x_wconf 86' lang='lat' dir='ltr'>ae</span> <span class='ocrx_word' id='word_1_233' title='bbox 1080 2094 1152 2127; x_wconf 89' lang='lat' dir='ltr'>sibi</span> <span class='ocrx_word' id='word_1_234' title='bbox 1176 2094 1334 2129; x_wconf 79' lang='lat' dir='ltr'>difficile</span> <span class='ocrx_word' id='word_1_235' title='bbox 1363 2097 1598 2130; x_wconf 81' lang='lat' dir='ltr'>consentiens</span> 
     </span>
    </p>
   </div>
   <div class='ocr_carea' id='block_1_14' title="bbox 0 0 99 3086">
    <p class='ocr_par' dir='ltr' id='par_1_14' title="bbox 0 0 99 3086">
     <span class='ocr_line' id='line_1_30' title="bbox 0 0 99 3086; baseline 0 0"><span class='ocrx_word' id='word_1_236' title='bbox 0 0 99 3086; x_wconf 95' lang='lat' dir='ltr'> </span> 
     </span>
    </p>
   </div>
   <div class='ocr_carea' id='block_1_15' title="bbox 119 2140 1599 2188">
    <p class='ocr_par' dir='ltr' id='par_1_15' title="bbox 119 2140 1599 2188">
     <span class='ocr_line' id='line_1_31' title="bbox 119 2140 1599 2188; baseline 0.003 -13"><span class='ocrx_word' id='word_1_237' title='bbox 119 2148 157 2175; x_wconf 83' lang='lat' dir='ltr'>et</span> <span class='ocrx_word' id='word_1_238' title='bbox 180 2153 282 2175; x_wconf 87' lang='lat' dir='ltr'>nunc</span> <span class='ocrx_word' id='word_1_239' title='bbox 318 2141 466 2174; x_wconf 80' lang='lat' dir='ltr'>adiutor</span> <span class='ocrx_word' id='word_1_240' title='bbox 497 2141 540 2174; x_wconf 91' lang='lat' dir='ltr'>D.</span> <span class='ocrx_word' id='word_1_241' title='bbox 574 2140 698 2181; x_wconf 84' lang='lat' dir='ltr'>Bruti,</span> <span class='ocrx_word' id='word_1_242' title='bbox 742 2141 839 2174; x_wconf 87' lang='lat' dir='ltr'>colle</span> <span class='ocrx_word' id='word_1_243' title='bbox 870 2153 912 2174; x_wconf 87' lang='lat' dir='ltr'>ae</span> <span class='ocrx_word' id='word_1_244' title='bbox 947 2142 1017 2185; x_wconf 81' lang='lat' dir='ltr'>sui,</span> <span class='ocrx_word' id='word_1_245' title='bbox 1062 2153 1149 2176; x_wconf 82' lang='lat' dir='ltr'>mox</span> <span class='ocrx_word' id='word_1_246' title='bbox 1183 2143 1347 2177; x_wconf 84' lang='lat' dir='ltr'>eiusdem</span> <span class='ocrx_word' id='word_1_247' title='bbox 1380 2144 1599 2188; x_wconf 80' lang='lat' dir='ltr'>proditor.“</span> 
     </span>
    </p>
   </div>
   <div class='ocr_carea' id='block_1_16' title="bbox 117 2188 1600 2285">
    <p class='ocr_par' dir='ltr' id='par_1_16' title="bbox 117 2188 1600 2285">
     <span class='ocr_line' id='line_1_32' title="bbox 117 2188 1600 2238; baseline 0.003 -15"><span class='ocrx_word' id='word_1_248' title='bbox 117 2190 170 2223; x_wconf 80' lang='lat' dir='ltr'>Et</span> <span class='ocrx_word' id='word_1_249' title='bbox 202 2190 361 2235; x_wconf 81' lang='lat' dir='ltr'>Appian.</span> <span class='ocrx_word' id='word_1_250' title='bbox 395 2189 436 2223; x_wconf 89' lang='lat' dir='ltr'>B.</span> <span class='ocrx_word' id='word_1_251' title='bbox 474 2188 554 2222; x_wconf 86' lang='lat' dir='ltr'>Civ.</span> <span class='ocrx_word' id='word_1_252' title='bbox 582 2189 651 2231; x_wconf 87' lang='grc' dir='ltr'>ΙΙΙ,</span> <span class='ocrx_word' id='word_1_253' title='bbox 677 2190 735 2224; x_wconf 82' lang='grc'>81.</span> <span class='ocrx_word' id='word_1_254' title='bbox 778 2190 825 2222; x_wconf 90' lang='lat' dir='ltr'><em>M</em></span> <span class='ocrx_word' id='word_1_255' title='bbox 864 2189 984 2224; x_wconf 89' lang='lat' dir='ltr'>NUT.</span> <span class='ocrx_word' id='word_1_256' title='bbox 1034 2209 1080 2215; x_wconf 93' lang='lat'>-—-</span> <span class='ocrx_word' id='word_1_257' title='bbox 1132 2196 1334 2233; x_wconf 72' lang='lat' dir='ltr'>excusaret,</span> <span class='ocrx_word' id='word_1_258' title='bbox 1368 2193 1466 2238; x_wconf 88' lang='lat' dir='ltr'>quod</span> <span class='ocrx_word' id='word_1_259' title='bbox 1500 2194 1600 2228; x_wconf 84' lang='lat' dir='ltr'>nihil</span> 
     </span>
     <span class='ocr_line' id='line_1_33' title="bbox 119 2236 1357 2285; baseline 0.002 -14"><span class='ocrx_word' id='word_1_260' title='bbox 119 2237 315 2284; x_wconf 71' lang='lat' dir='ltr'>scripsisti.</span> <span class='ocrx_word' id='word_1_261' title='bbox 343 2254 387 2262; x_wconf 88' lang='lat'>—</span> <span class='ocrx_word' id='word_1_262' title='bbox 413 2236 533 2270; x_wconf 76' lang='lat' dir='ltr'>literis</span> <span class='ocrx_word' id='word_1_263' title='bbox 558 2247 685 2271; x_wconf 80' lang='lat' dir='ltr'>comm.</span> <span class='ocrx_word' id='word_1_264' title='bbox 722 2237 760 2272; x_wconf 88' lang='lat' dir='ltr'>S.</span> <span class='ocrx_word' id='word_1_265' title='bbox 788 2237 861 2270; x_wconf 87' lang='lat' dir='ltr'>den</span> <span class='ocrx_word' id='word_1_266' title='bbox 886 2238 973 2271; x_wconf 84' lang='lat' dir='ltr'>Anf.</span> <span class='ocrx_word' id='word_1_267' title='bbox 1000 2238 1062 2273; x_wconf 88' lang='lat' dir='ltr'>des</span> <span class='ocrx_word' id='word_1_268' title='bbox 1088 2238 1268 2285; x_wconf 82' lang='lat' dir='ltr'>vox-berg.</span> <span class='ocrx_word' id='word_1_269' title='bbox 1295 2241 1357 2274; x_wconf 91' lang='lat' dir='ltr'>Br.</span> 
     </span>
    </p>
   </div>
   <div class='ocr_carea' id='block_1_17' title="bbox 54 2304 1601 2451">
    <p class='ocr_par' dir='ltr' id='par_1_17' title="bbox 54 2304 1601 2451">
     <span class='ocr_line' id='line_1_34' title="bbox 215 2304 1599 2353; baseline 0.003 -16"><span class='ocrx_word' id='word_1_270' title='bbox 215 2307 250 2340; x_wconf 87' lang='lat'>2.</span> <span class='ocrx_word' id='word_1_271' title='bbox 302 2309 413 2337; x_wconf 84' lang='lat' dir='ltr'>tecum</span> <span class='ocrx_word' id='word_1_272' title='bbox 446 2305 525 2349; x_wconf 79' lang='lat' dir='ltr'>ipse</span> <span class='ocrx_word' id='word_1_273' title='bbox 557 2309 670 2346; x_wconf 79' lang='lat' dir='ltr'>certa,</span> <span class='ocrx_word' id='word_1_274' title='bbox 706 2304 820 2339; x_wconf 88' lang='lat' dir='ltr'>suche</span> <span class='ocrx_word' id='word_1_275' title='bbox 850 2305 953 2340; x_wconf 90' lang='lat' dir='ltr'>Dich</span> <span class='ocrx_word' id='word_1_276' title='bbox 991 2306 1107 2340; x_wconf 85' lang='lat' dir='ltr'>selbst</span> <span class='ocrx_word' id='word_1_277' title='bbox 1141 2319 1189 2340; x_wconf 87' lang='lat' dir='ltr'>zu</span> <span class='ocrx_word' id='word_1_278' title='bbox 1223 2306 1469 2341; x_wconf 81' lang='lat' dir='ltr'>iibertreffen.</span> <span class='ocrx_word' id='word_1_279' title='bbox 1517 2308 1599 2353; x_wconf 65' lang='lat' dir='ltr'>ipso</span> 
     </span>
     <span class='ocr_line' id='line_1_35' title="bbox 121 2352 1601 2399; baseline 0.002 -12"><span class='ocrx_word' id='word_1_280' title='bbox 121 2352 210 2387; x_wconf 83' lang='lat' dir='ltr'>Sch.</span> <span class='ocrx_word' id='word_1_281' title='bbox 238 2353 337 2386; x_wconf 87' lang='lat' dir='ltr'>coni.</span> <span class='ocrx_word' id='word_1_282' title='bbox 374 2352 422 2386; x_wconf 88' lang='lat' dir='ltr'>So</span> <span class='ocrx_word' id='word_1_283' title='bbox 449 2364 507 2398; x_wconf 87' lang='lat' dir='ltr'>ep.</span> <span class='ocrx_word' id='word_1_284' title='bbox 533 2355 615 2395; x_wconf 74' lang='lat'>804,</span> <span class='ocrx_word' id='word_1_285' title='bbox 642 2356 675 2388; x_wconf 90' lang='lat'>2.</span> <span class='ocrx_word' id='word_1_286' title='bbox 710 2359 748 2386; x_wconf 84' lang='lat' dir='ltr'>te</span> <span class='ocrx_word' id='word_1_287' title='bbox 774 2353 897 2397; x_wconf 87' lang='lat' dir='ltr'>ipsum</span> <span class='ocrx_word' id='word_1_288' title='bbox 923 2354 1065 2387; x_wconf 87' lang='lat' dir='ltr'>vincas.</span> <span class='ocrx_word' id='word_1_289' title='bbox 1117 2374 1159 2381; x_wconf 88' lang='lat'><em>—</em></span> <span class='ocrx_word' id='word_1_290' title='bbox 1211 2367 1278 2399; x_wconf 77' lang='lat' dir='ltr'>quo</span> <span class='ocrx_word' id='word_1_291' title='bbox 1304 2366 1401 2397; x_wconf 79' lang='lat' dir='ltr'>mag.</span> <span class='ocrx_word' id='word_1_292' title='bbox 1427 2356 1521 2389; x_wconf 80' lang='lat' dir='ltr'>brev.</span> <span class='ocrx_word' id='word_1_293' title='bbox 1549 2358 1601 2390; x_wconf 66' lang='grc' dir='ltr'>υἱέ</span> 
     </span>
     <span class='ocr_line' id='line_1_36' title="bbox 54 2400 1599 2451; baseline 0.003 -18"><span class='ocrx_word' id='word_1_294' title='bbox 54 2429 57 2438; x_wconf 62' lang='lat'><em>„</em></span> <span class='ocrx_word' id='word_1_295' title='bbox 120 2401 260 2442; x_wconf 80' lang='lat' dir='ltr'>cogito,</span> <span class='ocrx_word' id='word_1_296' title='bbox 288 2400 360 2434; x_wconf 88' lang='lat' dir='ltr'>den</span> <span class='ocrx_word' id='word_1_297' title='bbox 386 2400 450 2433; x_wconf 85' lang='lat' dir='ltr'>ich</span> <span class='ocrx_word' id='word_1_298' title='bbox 476 2401 553 2433; x_wconf 86' lang='lat' dir='ltr'>mir</span> <span class='ocrx_word' id='word_1_299' title='bbox 579 2413 663 2434; x_wconf 85' lang='lat' dir='ltr'>zum</span> <span class='ocrx_word' id='word_1_300' title='bbox 693 2403 836 2434; x_wconf 69' lang='lat' dir='ltr'>illuster</span> <span class='ocrx_word' id='word_1_301' title='bbox 862 2402 900 2434; x_wconf 90' lang='lat' dir='ltr'>in</span> <span class='ocrx_word' id='word_1_302' title='bbox 924 2402 1125 2438; x_wconf 84' lang='lat' dir='ltr'>‹lerKiirzc</span> <span class='ocrx_word' id='word_1_303' title='bbox 1151 2415 1197 2437; x_wconf 86' lang='lat' dir='ltr'>zu</span> <span class='ocrx_word' id='word_1_304' title='bbox 1224 2403 1389 2437; x_wconf 86' lang='lat' dir='ltr'>nehmen</span> <span class='ocrx_word' id='word_1_305' title='bbox 1414 2403 1599 2451; x_wconf 80' lang='lat' dir='ltr'>gedenke.</span> 
     </span>
    </p>
   </div>
   <div class='ocr_carea' id='block_1_18' title="bbox 61 2448 1599 2548">
    <p class='ocr_par' dir='ltr' id='par_1_18' title="bbox 61 2448 1599 2548">
     <span class='ocr_line' id='line_1_37' title="bbox 122 2448 1599 2498; baseline 0.003 -17"><span class='ocrx_word' id='word_1_306' title='bbox 122 2449 351 2482; x_wconf 74' lang='lat' dir='ltr'>Brevitatem</span> <span class='ocrx_word' id='word_1_307' title='bbox 379 2449 478 2481; x_wconf 85' lang='lat' dir='ltr'>enim</span> <span class='ocrx_word' id='word_1_308' title='bbox 512 2449 551 2481; x_wconf 91' lang='lat' dir='ltr'>in</span> <span class='ocrx_word' id='word_1_309' title='bbox 585 2448 708 2482; x_wconf 85' lang='lat' dir='ltr'>literis</span> <span class='ocrx_word' id='word_1_310' title='bbox 749 2450 892 2484; x_wconf 84' lang='lat' dir='ltr'>amabat</span> <span class='ocrx_word' id='word_1_311' title='bbox 917 2451 1103 2485; x_wconf 86' lang='lat' dir='ltr'>Decimus.</span> <span class='ocrx_word' id='word_1_312' title='bbox 1152 2452 1262 2486; x_wconf 83' lang='lat' dir='ltr'>SCH.</span> <span class='ocrx_word' id='word_1_313' title='bbox 1312 2451 1394 2485; x_wconf 86' lang='lat' dir='ltr'>Vid.</span> <span class='ocrx_word' id='word_1_314' title='bbox 1433 2463 1491 2498; x_wconf 84' lang='lat' dir='ltr'>ep.</span> <span class='ocrx_word' id='word_1_315' title='bbox 1518 2453 1599 2488; x_wconf 74' lang='lat'><strong>847.</strong></span> 
     </span>
     <span class='ocr_line' id='line_1_38' title="bbox 61 2496 1143 2548; baseline 0 -17"><span class='ocrx_word' id='word_1_316' title='bbox 61 2524 62 2548; x_wconf 56' lang='lat'><em>3</em></span> <span class='ocrx_word' id='word_1_317' title='bbox 119 2497 201 2531; x_wconf 72' lang='lat'>853.</span> <span class='ocrx_word' id='word_1_318' title='bbox 229 2514 271 2521; x_wconf 96' lang='lat'>—</span> <span class='ocrx_word' id='word_1_319' title='bbox 299 2496 421 2541; x_wconf 74' lang='lat' dir='ltr'>quales</span> <span class='ocrx_word' id='word_1_320' title='bbox 448 2525 456 2533; x_wconf 82' lang='grc'>,</span> <span class='ocrx_word' id='word_1_321' title='bbox 485 2522 491 2529; x_wconf 91' lang='grc'><strong>.</strong></span> <span class='ocrx_word' id='word_1_322' title='bbox 515 2502 612 2541; x_wconf 84' lang='lat' dir='ltr'>opto.</span> <span class='ocrx_word' id='word_1_323' title='bbox 650 2496 685 2530; x_wconf 90' lang='lat' dir='ltr'>S.</span> <span class='ocrx_word' id='word_1_324' title='bbox 715 2496 822 2531; x_wconf 87' lang='lat' dir='ltr'>Ende</span> <span class='ocrx_word' id='word_1_325' title='bbox 848 2498 909 2533; x_wconf 87' lang='lat' dir='ltr'>des</span> <span class='ocrx_word' id='word_1_326' title='bbox 934 2500 1058 2546; x_wconf 80' lang='lat' dir='ltr'>vorig.</span> <span class='ocrx_word' id='word_1_327' title='bbox 1083 2500 1143 2533; x_wconf 55' lang='grc' dir='ltr'>ΒΓ.</span> 
     </span>
    </p>
   </div>
   <div class='ocr_carea' id='block_1_19' title="bbox 121 2561 1605 2802">
    <p class='ocr_par' dir='ltr' id='par_1_19' title="bbox 121 2561 1605 2802">
     <span class='ocr_line' id='line_1_39' title="bbox 217 2561 1604 2607; baseline 0.003 -10"><span class='ocrx_word' id='word_1_328' title='bbox 217 2565 248 2597; x_wconf 86' lang='grc'>1.</span> <span class='ocrx_word' id='word_1_329' title='bbox 299 2561 388 2596; x_wconf 73' lang='lat' dir='ltr'>mihi</span> <span class='ocrx_word' id='word_1_330' title='bbox 418 2568 492 2606; x_wconf 78' lang='lat' dir='ltr'>pot.</span> <span class='ocrx_word' id='word_1_331' title='bbox 531 2564 620 2598; x_wconf 85' lang='lat' dir='ltr'>Cdd.</span> <span class='ocrx_word' id='word_1_332' title='bbox 646 2563 737 2607; x_wconf 84' lang='lat' dir='ltr'>aliq.</span> <span class='ocrx_word' id='word_1_333' title='bbox 762 2565 860 2599; x_wconf 88' lang='lat' dir='ltr'>Vict.</span> <span class='ocrx_word' id='word_1_334' title='bbox 887 2568 922 2601; x_wconf 89' lang='lat'>2.</span> <span class='ocrx_word' id='word_1_335' title='bbox 948 2566 1082 2599; x_wconf 83' lang='lat' dir='ltr'>Bened.</span> <span class='ocrx_word' id='word_1_336' title='bbox 1116 2566 1206 2601; x_wconf 83' lang='lat' dir='ltr'>Sch.</span> <span class='ocrx_word' id='word_1_337' title='bbox 1254 2566 1379 2599; x_wconf 80' lang='lat' dir='ltr'>Facile</span> <span class='ocrx_word' id='word_1_338' title='bbox 1416 2566 1517 2606; x_wconf 63' lang='lat' dir='ltr'>milli,</span> <span class='ocrx_word' id='word_1_339' title='bbox 1553 2565 1604 2602; x_wconf 64' lang='lat' dir='ltr'>ml</span> 
     </span>
     <span class='ocr_line' id='line_1_40' title="bbox 121 2611 1602 2657; baseline 0.002 -12"><span class='ocrx_word' id='word_1_340' title='bbox 121 2611 319 2645; x_wconf 80' lang='lat' dir='ltr'>absorberi</span> <span class='ocrx_word' id='word_1_341' title='bbox 345 2617 494 2656; x_wconf 83' lang='lat' dir='ltr'>poterat</span> <span class='ocrx_word' id='word_1_342' title='bbox 526 2625 546 2645; x_wconf 84' lang='lat' dir='ltr'>a</span> <span class='ocrx_word' id='word_1_343' title='bbox 583 2612 825 2657; x_wconf 69' lang='lat' dir='ltr'>praecedenti</span> <span class='ocrx_word' id='word_1_344' title='bbox 860 2613 918 2647; x_wconf 83' lang='lat' dir='ltr'>lit.</span> <span class='ocrx_word' id='word_1_345' title='bbox 943 2625 1010 2655; x_wconf 86' lang='lat' dir='ltr'>m.;</span> <span class='ocrx_word' id='word_1_346' title='bbox 1045 2616 1218 2657; x_wconf 78' lang='lat' dir='ltr'>quocirca</span> <span class='ocrx_word' id='word_1_347' title='bbox 1251 2615 1375 2648; x_wconf 87' lang='lat' dir='ltr'>literis</span> <span class='ocrx_word' id='word_1_348' title='bbox 1409 2614 1602 2648; x_wconf 76' lang='lat' dir='ltr'>inclinatis</span> 
     </span>
     <span class='ocr_line' id='line_1_41' title="bbox 124 2659 1603 2709; baseline 0.003 -17"><span class='ocrx_word' id='word_1_349' title='bbox 124 2660 261 2703; x_wconf 81' lang='lat' dir='ltr'>recepi,</span> <span class='ocrx_word' id='word_1_350' title='bbox 289 2670 361 2695; x_wconf 81' lang='lat' dir='ltr'>om,</span> <span class='ocrx_word' id='word_1_351' title='bbox 389 2659 475 2692; x_wconf 71' lang='lat' dir='ltr'>milti</span> <span class='ocrx_word' id='word_1_352' title='bbox 500 2660 595 2694; x_wconf 85' lang='lat' dir='ltr'>Cett.</span> <span class='ocrx_word' id='word_1_353' title='bbox 634 2660 829 2694; x_wconf 82' lang='lat' dir='ltr'>ORELLI.</span> <span class='ocrx_word' id='word_1_354' title='bbox 857 2680 897 2685; x_wconf 91' lang='lat'>—</span> <span class='ocrx_word' id='word_1_355' title='bbox 924 2667 1097 2705; x_wconf 82' lang='lat' dir='ltr'>potestas,</span> <span class='ocrx_word' id='word_1_356' title='bbox 1124 2661 1400 2709; x_wconf 76' lang='lat' dir='ltr'>Gelegenheit3</span> <span class='ocrx_word' id='word_1_357' title='bbox 1437 2663 1472 2697; x_wconf 88' lang='lat' dir='ltr'>d.</span> <span class='ocrx_word' id='word_1_358' title='bbox 1499 2664 1523 2696; x_wconf 88' lang='lat' dir='ltr'>i.</span> <span class='ocrx_word' id='word_1_359' title='bbox 1550 2664 1603 2696; x_wconf 66' lang='lat' dir='ltr'>als</span> 
     </span>
     <span class='ocr_line' id='line_1_42' title="bbox 122 2707 1602 2754; baseline 0.003 -15"><span class='ocrx_word' id='word_1_360' title='bbox 122 2709 173 2739; x_wconf 78' lang='lat' dir='ltr'>im</span> <span class='ocrx_word' id='word_1_361' title='bbox 202 2708 337 2741; x_wconf 71' lang='lat' dir='ltr'>Senatc</span> <span class='ocrx_word' id='word_1_362' title='bbox 365 2707 590 2742; x_wconf 79' lang='lat' dir='ltr'>nochmahls</span> <span class='ocrx_word' id='word_1_363' title='bbox 619 2708 711 2742; x_wconf 81' lang='lat' dir='ltr'>iiber</span> <span class='ocrx_word' id='word_1_364' title='bbox 736 2709 854 2742; x_wconf 88' lang='lat' dir='ltr'>Dcinc</span> <span class='ocrx_word' id='word_1_365' title='bbox 880 2710 1102 2744; x_wconf 71' lang='lat' dir='ltr'>Verdienste</span> <span class='ocrx_word' id='word_1_366' title='bbox 1129 2711 1370 2754; x_wconf 81' lang='lat' dir='ltr'>abgestimmt</span> <span class='ocrx_word' id='word_1_367' title='bbox 1396 2712 1536 2745; x_wconf 83' lang='lat' dir='ltr'>wurde.</span> <span class='ocrx_word' id='word_1_368' title='bbox 1561 2731 1602 2735; x_wconf 84' lang='lat'>—-</span> 
     </span>
     <span class='ocr_line' id='line_1_43' title="bbox 122 2755 1605 2802; baseline 0.003 -14"><span class='ocrx_word' id='word_1_369' title='bbox 122 2755 279 2799; x_wconf 76' lang='lat' dir='ltr'>positum</span> <span class='ocrx_word' id='word_1_370' title='bbox 312 2760 402 2789; x_wconf 73' lang='lat' dir='ltr'>essct</span> <span class='ocrx_word' id='word_1_371' title='bbox 443 2768 486 2789; x_wconf 83' lang='lat' dir='ltr'>cx</span> <span class='ocrx_word' id='word_1_372' title='bbox 533 2756 683 2802; x_wconf 80' lang='lat' dir='ltr'>antiqua</span> <span class='ocrx_word' id='word_1_373' title='bbox 721 2757 979 2792; x_wconf 79' lang='lat' dir='ltr'>emendatione</span> <span class='ocrx_word' id='word_1_374' title='bbox 1015 2758 1113 2792; x_wconf 84' lang='lat' dir='ltr'>Crat.</span> <span class='ocrx_word' id='word_1_375' title='bbox 1155 2760 1248 2792; x_wconf 81' lang='lat' dir='ltr'>Man.</span> <span class='ocrx_word' id='word_1_376' title='bbox 1288 2758 1383 2794; x_wconf 81' lang='lat' dir='ltr'>Viet.</span> <span class='ocrx_word' id='word_1_377' title='bbox 1411 2762 1444 2795; x_wconf 83' lang='grc'>2.</span> <span class='ocrx_word' id='word_1_378' title='bbox 1477 2759 1605 2793; x_wconf 79' lang='lat' dir='ltr'>Lamb.</span> 
     </span>
    </p>
   </div>
  </div>
 </body>
</html>
