1795 3086
222 112 540 157 EPISTOLA
579 113 933 157 DCCCXXVI.
964 113 1345 159 DCCCXXVII.
1462 113 1557 162 323
1572 148 1581 173 *.

64 226 312 274 existimes,
362 239 451 280 quo
490 224 576 266 tibi
614 225 749 280 plura
788 224 865 268 tuo
905 227 1067 268 merito
1097 226 1249 268 debeo.
1308 225 1438 268 Vale.
1495 228 1556 271 D.

65 296 128 325 xx.
160 281 391 325 Kalendas
423 280 589 333 IuniaS,
621 295 680 323 ex
712 283 892 336 castris,
924 297 982 324 ex
1011 283 1159 326 Ponte
1186 283 1426 338 Argenteo.

201 436 517 482 EPISTOLA
547 434 927 478 DCCCXXVII.
994 439 1070 490 (ad
1099 439 1208 482 Div.
1239 439 1301 481 X.
1324 440 1414 490 25.)

256 513 339 548 Sor.
366 512 507 547 Romae
533 522 661 546 mense
688 511 785 545 Maio
813 511 855 545 A.
884 511 928 546 U.
955 512 995 547 c,
1024 514 1104 549 711.
1144 516 1191 556 (a.
1219 513 1259 547 c.
1286 515 1363 558 43.)

63 580 213 624 Suadet,
241 587 281 615 ut
306 579 362 613 rei
389 578 563 624 publicae
590 590 747 624 operam
775 590 913 612 navare
939 585 1076 628 pergat
1101 590 1199 614 neve
1225 590 1265 612 ea
1288 581 1425 616 omissa
1447 591 1556 628 prae-

347 634 471 661 turam
499 627 688 671 petiturus
717 627 762 660 ad
788 627 942 661 comitia
967 628 1132 661 festinet.
1177 629 1280 661 1-3.

533 699 710 733 CICERO
738 698 773 733 S.
802 699 846 732 D.
875 698 1074 733 FURNIO.

173 765 224 807 Si
254 765 459 811 interest,
504 765 553 806 id
582 765 702 821 quod
732 765 936 806 homines
967 765 1259 819 arbitrantur,
1315 768 1383 809 rei
1412 769 1558 823 publi-

64 833 142 861 cae.
171 826 230 868 te,
259 826 308 862 ut
338 820 577 863 instituisti
607 825 741 876 atque
770 820 938 871 fecisti,
981 834 1146 863 navare
1183 836 1367 876 operam
1407 825 1559 866 rebus-

0 870 3 897 *
65 890 150 932 que
179 878 406 929 maximis,
452 889 565 930 quae
604 877 661 917 ad
695 876 1042 931 exstinguendas
1072 878 1288 932 reliquias
1318 879 1429 920 belli
1459 893 1560 934 per-

62 933 220 985 tinent,
250 933 490 974 interesse:
542 931 660 973 nihil
701 932 872 974 videris
911 932 1070 974 melius
1107 947 1250 988 neque
1290 935 1559 977 laudabilius

61 1002 206 1043 neque
236 988 469 1029 honestius
500 986 650 1028 facere
682 1001 812 1042 posse
841 988 1060 1043 istamque
1091 1003 1272 1043 operam
1303 995 1440 1044 tuam,
1483 1004 1559 1032 na-

4 1052 5 1055 ’
61 1044 263 1096 vitatem,
313 1044 509 1085 animum
550 1042 598 1084 in
640 1058 734 1085 rem
775 1043 1002 1099 publicam
1052 1045 1277 1087 celeritati
1323 1052 1560 1103 praeturae

60 1099 416 1154 anteponendam
447 1112 626 1141 censeo.
685 1098 806 1141 Nolo
838 1099 956 1142 enim
996 1105 1042 1142 te
1082 1102 1308 1155 ignorare,
1346 1107 1560 1157 quantam

61 1156 241 1197 laudem
281 1160 546 1196 consecutus
585 1154 670 1196 sis:
713 1155 829 1196 mihi
868 1156 1016 1206 crede,
1070 1159 1324 1211 proximam
1367 1159 1559 1212 Planco,

6 1219 7 1242 ²
61 1211 198 1267 idque
227 1212 367 1266 ipsius
398 1211 563 1253 Planci
592 1211 866 1257 testimonio,
916 1214 1148 1265 praeterea
1185 1213 1304 1254 fama
1345 1214 1556 1256 scientia-

7 1296 9 1301 .
61 1282 149 1322 que
181 1268 391 1308 omnium.
454 1267 753 1316 Quamobrem
783 1269 823 1307 si
862 1267 969 1320 quid
1001 1269 1152 1322 operis
1182 1270 1268 1310 tibi
1299 1271 1556 1312 etiamnunc

6 1328 8 1350 ³
64 1326 217 1369 restat,
263 1323 313 1363 id
353 1323 552 1363 maximo
605 1336 737 1378 opere
784 1336 943 1363 censeo
983 1324 1368 1379 persequendum?
1431 1327 1557 1376 Quid

63 1380 180 1421 enim
220 1377 479 1420 honestius?
531 1382 604 1419 aut
653 1378 763 1433 quid
809 1377 997 1419 honesto
1037 1380 1420 1435 anteponendum?
1477 1382 1560 1424 Sin

8 1480 9 1483 Ἴ
60 1438 207 1476 autem
236 1433 516 1476 satisfactum
547 1434 615 1475 rei
641 1433 844 1490 publicae
865 1439 1010 1489 putas,
1041 1437 1252 1479 celeriter
1280 1437 1337 1477 ad
1359 1437 1557 1490 comitia,

8 1489 10 1510 ³
62 1490 275 1546 quoniam
314 1494 490 1532 mature
530 1489 684 1531 futura
723 1495 841 1543 sunt,
890 1491 1158 1534 veniendum
1197 1506 1382 1534 censeo:
1430 1494 1558 1535 dum-

10 1590 11 1607 3
61 1547 194 1588 modo
235 1560 290 1588 ne
337 1546 445 1601 quid
486 1546 601 1588 haec
641 1546 882 1589 ambitiosa
923 1547 1152 1591 festinatio
1191 1549 1424 1591 imminuat
1464 1552 1560 1592 eius

63 1667 171 1709 „wie
199 1677 236 1699 es
264 1666 366 1699 eines
394 1664 560 1709 Lepidus
587 1663 741 1712 wiirdig·
767 1663 859 1697 ist.“
903 1683 948 1689 -
993 1670 1056 1699 tuo
1080 1667 1228 1709 merito,
1255 1679 1393 1715 wegen
1419 1669 1559 1703 Deines

11 1703 14 1759 ζ
63 1714 308 1749 Verdienstes
336 1725 401 1747 um
428 1711 546 1746 mich.
574 1731 620 1737 —
646 1712 717 1746 XI.
743 1712 833 1746 Kal.
862 1713 954 1757 Iun„
982 1725 1041 1748 am
1067 1715 1125 1751 22.
1153 1716 1239 1749 Mai.

158 1782 366 1819 FURNIO.
418 1782 458 1816 C.
485 1782 649 1815 Furnius
675 1782 817 1816 strebte
843 1782 899 1816 als
925 1783 1177 1817 Volkstribun
1205 1785 1295 1819 sehr
1321 1786 1451 1830 dahin,
1478 1788 1560 1822 dass

14 1835 15 1876 ζ
63 1832 149 1866 dem
175 1831 309 1865 Cicero
335 1842 476 1879 wegen
502 1830 629 1865 seinex·
655 1830 804 1864 Thaten
837 1830 879 1864 in
906 1831 1073 1866 Cilicien
1105 1833 1259 1868 mochte
1295 1835 1380 1868 eine
1415 1837 1561 1882 suppli-

10 1884 15 1918 κζ
64 1881 162 1914 catio
186 1879 431 1914 beschlossen
457 1879 623 1913 werden.
677 1878 714 1912 S.
740 1878 784 1911 ad
809 1879 960 1914 Divers.
988 1880 1094 1921 VIII,
1125 1884 1181 1915 ll.
1217 1882 1263 1922 ad
1287 1883 1402 1917 Attic.
1428 1885 1473 1927 V,
1503 1886 1558 1920 18.

10 1923 15 1945 ³¹
66 1927 175 1962 Auch
201 1927 318 1961 nahm
347 1939 390 1961 er
416 1926 498 1960 sich
524 1927 588 1960 des
615 1926 745 1961 C'zisars
771 1927 896 1961 wider
927 1928 999 1961 den
1026 1929 1210 1963 Aemilius
1236 1931 1369 1965 Paulus
1396 1943 1456 1973 an,
1492 1932 1561 1967 der

10 1986 17 2014 ς
65 1977 178 2010 ienen
205 1988 268 2009 aus
295 1975 449 2009 Gallien
478 1975 722 2022 verdr'a'ngen
746 1975 892 2009 wollte.
945 1975 981 2010 S.
1008 1975 1159 2011 sueton.
1186 1978 1288 2013 Caes.
1314 1980 1370 2014 29.
1408 1979 1486 2014 Cic.
1514 1981 1560 2014 ad

12 2022 18 2067 ᾖ
64 2025 216 2058 Divers.
252 2024 355 2065 VIII,
389 2026 444 2058 10.
505 2022 689 2057 Nachhcr
721 2023 829 2057 ward
865 2034 907 2057 er
937 2035 1023 2057 vom
1058 2024 1173 2060 C'a'sar
1206 2027 1259 2060 als
1292 2027 1416 2075 Legat
1447 2035 1562 2062 unter

64 2072 223 2105 Plancus
262 2071 316 2104 im
350 2072 574 2119 ienseitigen
601 2071 755 2105 Gallien
791 2072 1008 2115 angestellt‚
1044 2084 1104 2108 wo
1136 2085 1179 2107 er
1217 2074 1316 2109 noch
1349 2076 1468 2109 stand.
1519 2076 1558 2111 S.

16 2114 19 2161 ἶ
64 2120 110 2154 ad
135 2120 283 2154 Divers.
310 2120 354 2162 X,
383 2122 415 2155 8.
445 2132 478 2154 u.
509 2123 539 2154 1.
592 2119 726 2153 Cicero
765 2120 900 2154 wollte
933 2120 1002 2153 ihn
1029 2132 1148 2168 gerne
1172 2122 1275 2157 heim
1301 2123 1458 2163 Plancus
1485 2124 1559 2158 las-

13 2162 20 2193 ῗι
64 2167 263 2249 se1111,1<(11em
289 2179 331 2202 er
364 2167 472 2202 nicht
500 2166 613 2202 recht
645 2173 812 2209 tramete,
855 2167 1027 2216 dagegen
1057 2169 1219 2206 Furnius
1251 2170 1337 2206 dem
1373 2173 1560 2207 Antonius

14 2215 15 2231 ³
64 2216 107 2250 ab
141 2227 161 2251 0
227 2227 320 2250 war.

160 2283 194 2316 1.
246 2280 290 2315 Si
324 2281 494 2322 interest,
535 2293 648 2316 wenn
674 2282 760 2316 Viel
795 2282 910 2316 daran
943 2283 1110 2332 gelegen
1141 2285 1200 2320 ist.
1251 2304 1294 2311 —-
1346 2287 1558 2322 navitatem,

16 2346 17 2352 1
64 2331 204 2363 Manut.
233 2340 332 2374 susp.
359 2340 509 2374 operam
534 2335 632 2363 tuam
657 2335 841 2364 navatam.
884 2331 1083 2368 ORELLI.
1135 2353 1177 2359 -—
1227 2335 1412 2369 celeritati
1434 2340 1557 2379 praet.

16 2370 20 2422 ¹,
66 2381 245 2421 antepon„
286 2377 393 2410 einer
425 2389 466 2413 so
498 2378 815 2427 beschleunigten
840 2379 1065 2425 Erlangung
1098 2381 1167 2416 dex·
1198 2383 1333 2417 Pr'atur
1358 2384 1557 2417 vorzuzie-

18 2443 19 2449 =
65 2425 143 2459 hen
165 2424 232 2462 sei.
285 2425 448 2460 Furnius
484 2427 585 2461 enim
610 2427 764 2461 Romam
797 2428 853 2461 ire
890 2428 1065 2473 cupiebat
1095 2430 1142 2464 ad
1173 2430 1371 2476 petendam
1404 2438 1557 2475 praetu-

18 2507 21 2516 .
64 2485 160 2516 ram,
188 2485 304 2518 quum
329 2473 461 2508 aedilis
497 2486 572 2509 non
598 2475 744 2509 fuisset.
780 2476 987 2511 MANUT.
1038 2480 1317 2522 anteponendum
1344 2479 1436 2513 Cdd.
1464 2480 1555 2524 aliq,

19 2517 25 2571 3
65 2521 153 2555 sch.
180 2521 221 2555 in
246 2521 315 2555 Ed.
346 2522 434 2555 mai.
463 2523 555 2557 Liin.
584 2522 779 2556 ORELLI.
807 2541 849 2549 —-
876 2525 1041 2563 scientia,
1077 2519 1370 2574 Uberzeugung.
1415 2532 1556 2561 senten-

20 2577 23 2616 3
63 2571 186 2613 ficique
210 2580 229 2602 e
256 2569 344 2603 Cld.
373 2570 481 2618 Regu,
507 2578 549 2605 ut
572 2571 726 2605 volebat
751 2573 847 2605 Man.
874 2579 911 2606 et
936 2573 1150 2619 Stephanus
1178 2576 1217 2609 in
1236 2575 1407 2617 Castigg.
1427 2577 1554 2620 p.107.

22 2636 24 2645 ι
64 2616 254 2662 habetque
279 2619 410 2665 Margo
435 2619 535 2653 Crat.
562 2618 658 2653 Lau.
687 2619 824 2653 Fuitne
851 2623 1167 2667 conscientiaque?
1212 2622 1410 2657 ORELLI.

160 2684 195 2718 2.
243 2694 402 2728 pers-eq„
436 2683 690 2719 durchsetzen
725 2688 895 2720 miissest.
947 2706 990 2713 -
1043 2693 1206 2732 antepon.
1258 2688 1299 2723 Si
1333 2689 1427 2734 quid
1461 2691 1556 2725 utile

68 2737 134 2773 est,
160 2731 262 2775 quod
287 2731 387 2765 idem
413 2743 488 2766 non
522 2733 572 2766 sit
599 2734 712 2767 etiam
738 2733 951 2778 honestum,
997 2735 1035 2770 id
1069 2737 1371 2781 posthabendum
1405 2745 1463 2772 est
1487 2738 1555 2773 hc·

67 2780 216 2815 nesrati*
246 2799 288 2805 -
316 2780 492 2824 quoniam,
520 2782 594 2815 wie
621 2793 679 2827 ep,
705 2783 787 2825 810,
815 2784 847 2819 2.
878 2801 920 2807 —
955 2788 1114 2826 mature,
1142 2785 1260 2819 brevi.
1288 2806 1329 2813 -.
1358 2787 1555 2821 ambitiosa

999 2832 1087 2879 21*
