1795 3086
251 75 349 124 262
403 134 409 138 ο
531 78 596 120 Μ.
627 76 684 120 Τ.
714 73 1055 119 CICERONIS
1085 74 1462 120 EPISTOLAE.

254 188 326 231 hil
366 187 486 231 enim
524 191 569 229 te
608 185 766 241 sugere
805 189 953 243 potuit
995 208 1045 216 —
1096 187 1237 230 fuisse
1286 186 1511 243 quoddam
1554 189 1738 242 tempus,

257 259 393 301 quum
423 244 629 284 homines
658 243 973 286 existimarent
1001 248 1045 286 te
1074 245 1208 286 nimis
1237 244 1410 286 servire
1438 243 1738 298 temporibus:

255 300 377 356 quod
407 312 490 354 ego
521 311 698 354 quoque
727 299 1058 353 existimarem,
1098 304 1143 342 te
1171 300 1211 341 si
1240 313 1318 350 ea,
1357 311 1470 353 quae
1498 299 1740 352 patiebare,

255 357 447 411 probare
477 355 614 397 etiam
644 355 898 397 arbitrarer.
958 356 1050 398 Sed
1078 369 1214 412 quum
1257 355 1588 409 intelligerem,
1627 353 1741 410 quid

254 411 471 461 sentires,
512 414 558 452 te
599 411 849 452 arbitrabar
887 412 1068 465 videre,
1111 411 1222 467 quid
1261 423 1429 466 posses.
1486 408 1620 451 Nunc
1650 410 1742 451 alia

256 466 376 508 ratio
406 469 475 507 est
503 466 698 507 omnium
729 480 899 508 rerum:
940 471 1062 509 tuum
1101 467 1320 509 iudicium
1362 469 1430 508 est
1458 464 1597 521 idque
1627 464 1740 507 libe-

255 535 367 563 rum.
429 521 596 564 Consul
626 536 673 563 es
704 521 990 576 designatus,
1029 524 1199 579 optima
1240 526 1406 574 aetate,
1447 534 1618 563 summa
1646 522 1742 563 elo-

256 577 455 632 quentia,
495 577 694 620 maxima
733 578 927 619 orbitate
964 579 1032 620 rei
1074 579 1284 634 publicae
1323 579 1525 620 virorum
1564 577 1740 618 talium.

255 634 484 681 Incumbe,
512 648 594 689 per
623 634 731 674 deos
761 633 1060 676 immortales!
1108 635 1156 675 in
1186 648 1284 676 eam
1313 647 1466 675 curam
1496 637 1543 675 et
1571 632 1743 688 eogita-

254 689 437 742 tionem,
468 703 582 744 quae
612 689 699 730 tibi
729 702 943 730 summam
974 690 1242 744 dignitatem
1271 693 1317 731 et
1345 691 1540 745 gloriam
1568 689 1743 731 afferat.

254 746 383 786 Unus
423 750 568 786 autem
598 749 679 798 est,
721 744 810 786 hoc
838 745 1107 799 praesertim
1135 749 1349 800 tempore,
1389 759 1472 801 per
1509 749 1578 786 tot
1606 757 1744 786 annos

255 814 304 842 re
332 801 517 856 publiea
545 801 793 852 devexata,
840 801 906 841 rei
946 802 1154 856 publicae
1192 803 1302 842 bene
1333 801 1556 856 gerendae
1585 809 1744 842 cursus

259 856 315 897 ad
345 857 548 911 gloriam.
607 857 737 898 Haec
780 869 931 898 amore
971 858 1113 912 magis
1153 858 1371 912 impulsus
1408 855 1647 898 scribenda
1685 856 1745 897 ad

255 916 300 954 te
330 914 502 967 putavi,
545 926 680 967 quam
709 926 798 967 quo
829 916 875 953 te
906 913 1156 955 arbitrarer
1183 912 1369 954 monitis
1407 917 1453 954 et
1491 913 1744 967 praeceptis

254 982 400 1023 egere.
461 969 664 1010 Sciebam
693 969 812 1009 enim
835 981 895 1010 ex
923 967 1087 1010 iisdem
1116 973 1162 1011 te
1191 969 1305 1010 haec
1325 968 1510 1010 haurire
1529 967 1745 1019 fontibus,

254 1037 314 1065 ex
344 1023 505 1078 quibus
534 1024 633 1079 ipse
663 1024 915 1066 hauseram.
975 1024 1127 1074 Quare
1163 1024 1345 1066 modum
1374 1024 1554 1066 faciam.
1610 1023 1745 1065 Nunc

252 1084 424 1121 tantum
474 1079 822 1133 significandum
870 1081 1052 1134 putavi;
1109 1084 1160 1121 ut
1208 1081 1356 1134 potius
1414 1092 1608 1121 amorem
1658 1080 1742 1120 tibi

253 1135 535 1176 ostenderem
556 1149 716 1181 meum,
745 1148 879 1190 quam
904 1139 1176 1177 ostentarem
1197 1136 1494 1191 prudentiam.
1550 1135 1745 1187 Interea,
1780 1168 1782 1173 ,

254 1203 367 1245 quae
397 1190 455 1231 ad
484 1191 753 1246 dignitatem
790 1194 914 1232 tuam
955 1192 1186 1247 pertinere
1215 1192 1495 1244 arbitrabor,
1542 1190 1745 1234 studiose

256 1245 593 1302 diligenterque
625 1248 806 1289 curabo.

255 1439 322 1472 auf
353 1438 413 1474 die
448 1438 671 1487 Erhaltung
709 1438 772 1473 des
804 1438 1009 1474 Freistaats
1048 1439 1102 1472 im
1136 1438 1266 1474 besten
1301 1437 1492 1474 Zustande
1527 1438 1589 1474 die
1624 1450 1745 1488 ganze

254 1486 407 1523 Wiirde
433 1488 572 1522 Deines
599 1487 779 1536 iibrigens
799 1487 946 1521 Lebens
972 1486 1163 1536 griinden.

1783 1518 1787 1544 1

350 1560 384 1594 3.
435 1559 625 1603 quoddam,
650 1560 781 1607 Margo
809 1558 911 1594 Crat.
937 1558 1130 1602 quondam.
1169 1577 1211 1585 ·-·
1264 1561 1417 1601 tempus,
1444 1568 1551 1603 quum
1575 1572 1625 1592 z
1649 1569 1745 1606 quo;
1783 1545 1787 1581 f

255 1605 339 1641 scil.
368 1606 526 1641 Caesare
552 1618 659 1653 rege.
695 1623 738 1629 —
779 1610 814 1640 te
838 1606 951 1640 nimis
974 1616 1071 1641 serv.
1100 1610 1226 1651 temp„
1252 1606 1313 1640 Du
1336 1605 1552 1655 huldigtest
1576 1619 1625 1641 zu
1651 1607 1745 1643 sehr
1781 1586 1788 1656 i

255 1654 328 1687 den
356 1655 681 1689 Zeitumsffinden.
730 1654 824 1690 Wie
851 1653 1065 1702 geu-offen!
1093 1672 1141 1680 —
1186 1654 1364 1698 probare,
1390 1654 1519 1689 Lamb.
1542 1656 1774 1699 prtzlm.‹1³.5·e;x

255 1702 328 1736 tibi
353 1713 395 1737 ea
420 1703 670 1749 placuisse.—-
698 1703 785 1747 quz'd
809 1703 980 1744 sentires,
1005 1702 1126 1737 Deine
1152 1701 1387 1749 Gesinnung.
1405 1721 1446 1728 —
1475 1707 1512 1737 te
1538 1727 1547 1736 .
1575 1728 1584 1737 .
1609 1704 1744 1746 videre,

256 1751 345 1795 quid
367 1762 504 1795 posses,
532 1751 613 1785 dass
637 1752 697 1785 Du
723 1750 823 1785 bloss
850 1763 913 1785 aus
939 1747 1130 1798 Klugheit
1154 1750 1276 1785 Deine
1302 1749 1435 1784 Krafte
1463 1750 1743 1788 berechnetest.
1767 1740 1774 1756 ⁸

257 1817 300 1824 -
327 1799 442 1841 ratio,
468 1799 531 1833 das
556 1798 806 1834 Verh‘eiltniss.
859 1817 903 1824 -—
956 1802 1054 1832 tuum
1081 1824 1090 1833 .
1117 1824 1127 1834 .
1155 1824 1164 1833 .
1191 1798 1359 1840 liberum,
1397 1799 1458 1832 Du
1483 1798 1621 1834 kannst
1646 1799 1744 1834 nach
1780 1803 1782 1823 1

254 1846 399 1881 Deiner
420 1846 603 1883 Einsioht
628 1846 707 1881 und
732 1858 838 1882 zwar
862 1846 1103 1894 unbefangen
1128 1846 1307 1881 handeln.
1343 1864 1387 1871 —-
1436 1846 1599 1881 maxima
1631 1848 1743 1892 (Ern.

254 1905 354 1940 susp.
382 1895 421 1929 in
445 1898 561 1937 max.)
599 1895 744 1938 talium,
778 1895 820 1929 in
846 1895 971 1929 einem
1007 1907 1054 1929 an
1088 1895 1271 1928 M'annern
1304 1893 1382 1928 wie
1406 1895 1467 1929 Du
1491 1895 1745 1930 verwaiseten

255 1942 391 1976 staate.
429 1964 472 1970 —
514 1944 688 1977 Incumbe
716 1970 724 1979 .
753 1968 761 1976 .
786 1943 824 1978 in
850 1954 928 1978 eam
952 1954 1029 1978 cur.
1057 1946 1092 1976 et
1118 1943 1244 1985 cogit„
1271 1941 1336 1987 gib
1364 1942 1463 1977 Dich
1489 1943 1597 1977 einer
1622 1943 1745 1992 Sorge

253 1989 331 2023 und
356 1991 480 2026 einem
504 1991 771 2027 Nachdenken
796 1991 875 2025 liin.
925 2010 972 2016 —
1023 1992 1207 2024 devea-ata.
1233 1990 1386 2033 Melius,
1424 1996 1535 2037 puto:
1562 1991 1743 2026 divexata.

253 2038 373 2083 Neap.
400 2039 485 2073 Asc.
505 2043 536 2075 l.
562 2041 693 2087 Margo
721 2040 821 2074 Crat.
845 2039 986 2074 Bened.
1015 2039 1167 2074 deiecta.
1195 2038 1270 2072 OR.
1311 2039 1376 2073 Ph.
1395 2039 1628 2074 Melanchth.
1647 2040 1745 2088 legit

253 2085 436 2130 divarum,
465 2088 490 2122 i.
519 2099 548 2121 e.
574 2094 729 2122 vastata.
783 2107 826 2113 —
878 2088 935 2122 rei
955 2099 991 2132 p.
1019 2088 1105 2121 bene
1129 2087 1325 2129 gerendae,
1357 2087 1426 2120 der
1461 2087 1612 2134 einzige
1636 2087 1744 2136 Weg·

255 2145 343 2168 zum
369 2135 496 2169 Ruhm
523 2135 572 2170 ist
597 2136 680 2178 der,
718 2135 799 2170 dass
826 2147 913 2169 man
939 2135 1001 2169 die
1027 2135 1219 2181 Republik
1252 2146 1301 2169 zu
1326 2141 1452 2169 retten
1477 2135 1600 2169 sucht.
1649 2136 1743 2170 Ern.

255 2182 353 2216 coni.
379 2194 420 2216 re
444 2195 480 2228 p.
507 2184 591 2219 bene
615 2184 791 2226 gerenda.
841 2184 1049 2233 Vulgatum
1085 2182 1258 2217 defendit
1286 2182 1505 2230 Heusinger
1537 2183 1585 2218 ad
1612 2183 1741 2228 Officc.

354 2298 387 2332 4.
421 2307 489 2342 quo
516 2311 565 2330 z
590 2299 646 2333 als
672 2310 800 2342 wenn,
825 2296 917 2333 weil
942 2310 993 2329 z
1018 2296 1128 2341 quod.
1155 2315 1200 2322 -
1229 2297 1417 2339 sontibus,
1446 2308 1466 2331 e
1493 2296 1744 2343 philosophia

258 2345 489 2380 Sto'icorum.
540 2364 583 2370 —-
635 2348 741 2381 Nunc
767 2372 776 2381 .
803 2372 812 2380 .
838 2345 979 2390 putavi,
1004 2346 1068 2379 fiir
1093 2344 1264 2379 dasmahl
1290 2345 1374 2379 hab’
1401 2345 1467 2380 ich
1492 2358 1566 2380 nur
1591 2346 1741 2380 Andeu-

257 2400 415 2442 mugen,
441 2394 592 2430 Winke
618 2394 840 2430 hinwerfen
856 2393 1076 2428 wollen.-
1102 2404 1210 2438 quum
1234 2397 1363 2429 ostent.
1388 2394 1509 2440 prud„
1534 2394 1590 2430 als
1615 2394 1741 2429 meina

257 2442 454 2478 Weisheit
478 2442 763 2483 auszukramen,
789 2442 907 2477 sehen
934 2453 981 2475 zu
1007 2441 1144 2477 lassen-
