1795 3086
255 62 571 109 EPISTOLA
600 59 987 105 DCCXXXVII.
1017 84 1070 92 -
1099 60 1457 105 DCCXXXIX.
1525 60 1608 107 157

152 179 274 228 dem,
303 189 484 224 vereor,
520 188 576 215 ne
604 172 788 213 miniata
814 173 966 213 cerula
993 177 1068 213 tua
1096 173 1292 227 pluribus
1320 173 1430 214 locis
1458 177 1601 213 notan,

150 233 232 272 «lae
259 231 367 273 sint:
407 232 470 273 ita
498 243 593 272 sum
634 230 827 277 μετέωρος
865 230 910 267 et
949 229 1117 283 magnis
1152 228 1494 283 cogitationibus
1530 229 1609 270 i1n--

151 287 339 340 peditus.

240 433 550 476 EPISTOLA
581 431 992 475 DCCXXXVIII.
1049 430 1130 483 (ad
1158 435 1248 474 Att.
1275 433 1407 476 XVI.
1436 433 1523 484 16.)

246 508 326 544 scr.
351 510 391 542 in
415 507 625 541 Tusculano
650 511 810 541 exeunte
836 506 943 540 Iunio
967 508 1008 540 A.
1036 507 1080 542 U.
1107 506 1149 540 c.
1174 507 1254 541 710.
1302 510 1348 549 (a.
1376 509 1417 543 c.
1443 506 1521 552 44.)

154 576 380 621 Exemplum
405 574 600 608 literarum
635 573 683 607 ad
713 574 890 606 Plancum
921 574 960 606 in
994 571 1283 607 Buthrotiorum
1317 566 1428 609 ¹causa
1459 573 1617 620 scripta-

624 633 710 656 rum
737 621 861 655 Attico
886 622 1016 656 mittit.
1052 622 1141 656 1-2.

664 688 849 723 CICERO
873 689 1049 724 ATTICO
1076 686 1111 723 S.

261 755 606 798 Iucundissimas
635 759 732 797 tuas
760 756 850 809 legi
878 757 1045 797 literas.
1103 754 1173 796 Ad
1191 754 1406 797 Plancum
1436 756 1618 810 scripsi:

154 812 288 853 habes
318 813 578 865 exemplum.
636 812 748 853 Cum
776 811 945 852 Tirone
975 810 1180 867 quitlssssis
1224 812 1418 864 locutus,
1456 825 1617 865 cogno-

155 881 275 908 scam
304 881 361 908 ex
389 868 500 921 ipso,
567 867 678 908 Cum
706 879 859 908 sorore
887 879 991 920 ages
1021 867 1254 919 attentius,
1291 868 1331 909 si
1358 870 1403 910 te
1431 879 1615 922 occupa=
1655 877 1682 914 2

155 923 274 964 tione
303 924 388 964 ista
418 922 644 964 relaxaris.

160 1081 469 1124 EPISTOLA
490 1080 854 1124 Dccxxxlx.
885 1083 961 1134 (ad
984 1069 1071 1126 At‘t.
1089 1083 1221 1126 xvl.
1241 1084 1305 1126 16.
1327 1082 1528 1137 append.
1546 1081 1622 1131 A.)

250 1156 333 1194 Ser.
360 1157 398 1190 in
424 1156 633 1190 Tusculano
660 1161 818 1189 exeunte
844 1155 953 1191 Iunio
979 1157 1022 1192 A.
1049 1159 1092 1194 U.
1119 1159 1159 1193 C.
1187 1159 1267 1194 710.
1317 1158 1362 1200 (a.
1390 1158 1431 1192 C.
1456 1157 1529 1198 44.)

182 1223 249 1257 Cn.
278 1224 416 1257 Planco
441 1233 587 1256 causam
612 1221 897 1256 Buthrotiorum
924 1223 1206 1268 diligentissime
1230 1224 1479 1258 commendat.
1505 1225 1602 1261 3-7.

392 1295 446 1328 M.
475 1294 657 1328 CICERO
684 1294 762 1328 CN.
790 1293 987 1329 PLANCO
1020 1295 1187 1329 PRAET.
1214 1293 1321 1329 DES.
1348 1293 1385 1328 S.

266 1361 405 1403 Attici
442 1361 584 1402 nostri
620 1365 664 1401 te
701 1360 830 1402 valde
866 1361 1114 1403 studiosum
1153 1375 1248 1404 esse
1285 1363 1498 1417 cognovi,
1537 1363 1626 1403 mei
1663 1371 1691 1411 3

161 1430 263 1460 vcro
293 1418 357 1459 ita
384 1417 613 1472 cupidum,
642 1420 692 1457 ut
718 1415 970 1459 mehercule
999 1431 1162 1474 paucos
1191 1431 1325 1473 aeque
1344 1420 1625 1462 observantes

162 1572 207 1605 ad
227 1571 342 1605 libros
367 1572 411 1604 de
438 1571 598 1612 Officiis,
635 1582 725 1616 quos
758 1583 802 1606 eo
832 1579 1002 1619 tempore
1033 1573 1198 1608 scribere
1229 1581 1414 1621 coeperat.
1449 1576 1556 1610 SCH.
1590 1576 1624 1611 S.

161 1632 208 1652 zu
243 1630 302 1663 ep.
336 1620 418 1658 733,
454 1620 496 1653 2:
543 1620 645 1655 Quod
665 1620 804 1663 scribo,
850 1632 949 1665 quum
985 1621 1184 1656 absolvero.
1219 1640 1261 1647 —
1301 1624 1456 1658 miniata
1490 1626 1625 1659 cerula.

161 1667 302 1700 Atticus
326 1667 364 1699 in
390 1666 580 1701 Ciceronis
605 1667 709 1700 libris
735 1679 796 1708 ea,
834 1680 929 1713 quae
966 1679 1041 1702 non
1073 1670 1275 1714 probaret,
1306 1677 1440 1705 notare
1472 1672 1628 1706 miniata

161 1725 247 1748 cera
272 1715 399 1748 solitus
424 1720 513 1757 erat.
539 1715 741 1749 MANUT.
768 1717 857 1763 Vgl.
884 1728 942 1761 ep.
970 1718 1052 1756 770,
1078 1720 1118 1752 l:
1159 1717 1315 1751 Gerulas
1348 1723 1429 1752 tuas
1462 1719 1627 1753 miniatu-

161 1764 218 1795 las
242 1762 330 1795 illas
356 1762 378 1794 i.
411 1772 442 1794 e..
475 1768 556 1795 tuas
597 1764 930 1798 animadversiones
971 1764 1297 1799 extimescebamus.
1334 1784 1374 1791 -
1410 1765 1630 1812 μετέωρος

160 1811 187 1843 i.
213 1820 246 1843 e.
271 1809 442 1855 ancipitis
467 1820 578 1845 curae
603 1811 759 1856 plenus;
800 1822 839 1845 so
872 1811 1034 1847 schweb'
1058 1812 1122 1846 ich
1152 1812 1340 1847 zwischen
1364 1814 1527 1849 Himmel
1551 1815 1630 1850 und

160 1858 272 1891 Erde.

258 1926 291 1960 1.
318 1924 404 1967 qnid
424 1925 472 1958 sit
497 1926 646 1959 locutus.
696 1924 943 1960 scribendum
971 1938 1046 1961 esse
1064 1928 1150 1971 quid
1171 1929 1248 1963 SIS
1263 1931 1418 1973 locutus,
1444 1930 1519 1965 iam
1537 1933 1629 1966 Cor-

163 1971 272 2004 radus
296 1971 455 2006 viderat.
503 1974 659 2007 Plancus
692 1975 792 2008 enim
825 1980 906 2009 tum
938 1986 1013 2009 non
1045 1981 1125 2010 erat
1157 1978 1315 2021 Romae,
1351 1979 1505 2023 quicum
1539 1980 1630 2015 Tiro

164 2019 269 2063 loqui
294 2021 473 2064 potuerit.

258 2069 291 2102 2.
318 2078 394 2100 cum
419 2079 544 2101 sorore
567 2069 791 2115 Pomponia,
826 2080 920 2114 quae
955 2071 1080 2104 suerat
1112 2069 1151 2113 Q.
1180 2071 1322 2105 Fratris
1355 2084 1464 2109 uxor.
1515 2075 1630 2109 Vide-2

163 2122 226 2148 tur
249 2116 439 2160 pertinere
466 2116 512 2150 ad
537 2117 661 2150 dotem
687 2119 720 2150 ei
746 2118 984 2152 reddendam.
1011 2119 1118 2152 SCH.
1151 2136 1196 2143 —
1229 2122 1464 2163 occupatione
1487 2122 1560 2156 ista
1586 2124 1631 2157 de

164 2162 447 2196 Buthrotiorum
472 2165 638 2212 negotio.
671 2177 805 2205 „wenn
831 2166 929 2199 Dich
960 2167 1081 2200 Deine
1116 2169 1394 2215 gegenwa‘rtige
1425 2169 1632 2204 Besch'dsti-

165 2221 269 2258 gung
300 2222 346 2244 zu
376 2210 512 2245 Athem
547 2211 726 2246 kommen
760 2214 888 2248 la'sst.“
944 2214 1018 2247 Die
1059 2214 1176 2248 sache
1209 2215 1276 2249 der
1313 2217 1520 2252 Buthroter
1554 2230 1632 2252 war

164 2257 315 2339 erlx'dlich
339 2269 426 2293 vom
450 2258 561 2294 Senat
585 2260 828 2309 ausgemacht
852 2262 929 2296 und
954 2263 1069 2297 deren
1094 2262 1343 2311 Ausfiihrung
1367 2265 1454 2300 dem
1481 2266 1633 2301 Plancus

166 2316 190 2338 u
219 2311 404 2352 ertragcn.

263 2372 341 2405 CN.
368 2373 579 2410 PLANCO.
628 2374 689 2409 Sic
714 2386 800 2410 cum
826 2376 963 2425 Pighio
995 2379 1129 2414 Annal.
1163 2381 1271 2425 3.*p.
1302 2381 1384 2416 475.
1421 2379 1506 2415 sch.
1540 2380 1630 2416 Lan.

169 2417 210 2450 L.
236 2419 437 2455 PLANCO
463 2423 562 2459 Cett.
588 2434 673 2456 cum
709 2424 800 2458 cdd.
837 2426 1032 2460 ORELLI.
1084 2428 1150 2462 Cn.
1182 2428 1337 2462 Plancus
1372 2429 1415 2462 L.
1448 2428 1565 2462 Filius
1595 2435 1633 2463 et

168 2467 208 2498 L.
236 2467 359 2500 Planci
384 2468 426 2504 L.
454 2471 494 2506 F.
519 2471 678 2504 consulis
710 2471 894 2516 designati
932 2474 994 2515 (ad
1020 2486 1130 2520 quem
1158 2477 1320 2521 scriptae
1346 2481 1430 2509 sunt
1454 2476 1631 2521 epistolae

167 2514 256 2546 libri
281 2514 323 2547 X.
350 2515 395 2548 ad
419 2517 536 2558 Fam.)
561 2519 699 2561 frater,
733 2525 885 2564 praetor
916 2521 1148 2570 designatus,
1182 2534 1284 2557 nunc
1314 2524 1354 2558 in
1386 2524 1502 2568 Epiro
1539 2531 1630 2561 erat,

167 2567 209 2594 ut
241 2572 386 2594 causam
421 2563 704 2600 Buthrotiorum
741 2579 761 2600 a
802 2570 956 2603 Caesare
990 2572 1024 2604 ei
1068 2571 1327 2605 demandatam
1370 2578 1632 2618 cognosceret3

167 2620 264 2642 anno
289 2615 412 2642 autem
441 2613 505 2645 711
531 2620 683 2657 praetor
707 2615 792 2647 fuit.
819 2614 926 2649 SGH.

260 2658 294 2692 3.
321 2657 534 2700 studiosum,
571 2672 616 2693 zu
641 2661 774 2695 dienen
801 2662 931 2696 ber-eit.
966 2682 1010 2689 —
1051 2666 1121 2698 mei
1146 2690 1153 2697 .
1183 2690 1190 2697 .
1214 2665 1377 2710 cupidum
1408 2667 1484 2701 mir
1516 2677 1626 2712 zuge-

166 2702 269 2739 than.
294 2724 337 2730 -
364 2706 500 2740 observ.
526 2708 779 2744 aufinerksam
806 2722 927 2758 gegen
953 2712 1066 2746 mich.
