1795 3086
541 51 852 94 EPISTOLA
884 52 1194 95 DCXCVIII.
1534 49 1595 96 73

122 165 225 210 tice,
267 177 334 203 me
375 161 448 204 fac
483 167 532 204 ut
572 163 802 219 expedias.
875 164 1034 215 Cupio,
1083 178 1216 220 quum
1254 162 1399 205 Bruto
1439 167 1593 205 nostro

123 218 293 260 affatim
323 217 629 265 satisfecerim,
665 233 908 260 excurrere
946 219 991 259 in
1031 220 1280 262 Graeciam.
1339 219 1496 272 Magni
1525 220 1592 260 in-

124 279 262 316 terest
292 274 523 316 Ciceronis
552 275 625 315 vel
656 288 752 315 mea
780 274 929 330 potius
968 277 1037 315 vel
1076 275 1331 317 mehercule
1359 273 1593 329 utriusque

122 345 193 372 me
232 331 502 372 intervenire
541 330 743 372 discenti.
801 329 916 372 Nam
954 329 1143 383 epistola
1182 331 1424 383 Leonidae,
1461 343 1593 385 quam

124 387 182 427 ad
211 400 279 427 me
306 386 485 437 misisti,
515 386 622 440 quid
653 386 801 432 habet,
841 398 1020 440 quaeso,
1057 385 1104 424 in
1143 401 1230 440 quo
1271 400 1430 441 magno
1459 399 1594 441 opere

126 443 368 483 laetemur?
431 441 664 494 Nunquam
714 442 795 482 ille
831 441 944 482 mihi
984 440 1096 481 satis
1136 442 1313 484 laudari
1353 442 1593 494 videbitur,

124 511 256 552 quum
287 497 349 538 ita
380 498 654 538 laudabitur:
688 496 922 549 Quomodo
936 507 1065 538 nunc
1085 499 1170 537 est.
1210 497 1312 537 Non
1324 502 1390 538 est
1410 498 1594 539 fidentis

125 554 214 594 hoc
262 552 577 599 testimonium,
626 554 706 594 sed
757 554 906 607 potius
955 550 1166 593 timentis.
1241 552 1413 593 Herodi
1453 559 1596 594 autem

125 610 394 654 mandaram,
438 613 486 649 ut
523 608 637 649 mihi
684 613 787 649 κατεὲ
820 612 932 658 μίτον
971 607 1230 648 scriberet:·
1255 621 1283 649 a
1321 622 1408 662 quo
1447 609 1597 650 adhuc

125 665 247 705 nulla
278 664 410 705 litera
440 669 517 705 est.
576 665 766 717 Vereor,
805 678 859 705 ne
897 662 1012 704 nihil
1045 662 1263 709 habuerit,
1309 664 1428 718 quod
1467 664 1596 717 mihi,

125 733 258 773 quum
311 733 584 775 cognossem,
637 720 881 761 iucundum
928 723 1107 774 putaret
1157 718 1270 761 sore.
1350 719 1484 768 Quod
1539 721 1595 760 ad

125 775 361 816 Xenonem
392 776 628 831 scripsisti,
658 777 792 818 valde
821 774 935 815 mihi
965 779 1140 828 gratum
1170 779 1248 816 est.
1307 773 1441 815 Nihil
1481 776 1598 817 enim

128 831 281 872 deesse
312 831 524 873 Ciceroni
553 846 686 885 quum
717 832 772 872 ad
811 830 1030 883 officium,
1070 834 1164 870 tum
1203 830 1260 871 ad
1299 829 1598 872 existimatio-

127 901 226 928 nem
256 901 395 928 meam
423 887 625 942 pertinet.
683 888 928 928 Flammam
957 886 1225 927 Flaminium
1264 886 1399 926 audio
1430 885 1598 928 Romae

128 957 238 983 esse.
295 943 366 982 Ad
396 957 494 984 eum
521 943 683 998 scripsi
712 957 782 983 me
821 942 906 983 tibi
945 942 1177 983 mandasse
1214 956 1297 995 per
1335 942 1503 989 literas,
1551 948 1600 983 ut

128 999 183 1039 de
211 997 414 1040 Montani
451 998 631 1053 negotio
672 1012 772 1039 cum
814 1013 866 1039 eo
906 999 1163 1052 loquerere:
1213 1003 1259 1039 et
1296 997 1432 1039 velim
1470 1012 1598 1040 cures

128 1053 376 1108 epistolam,
407 1068 538 1109 quam
568 1055 623 1094 ad
653 1068 750 1094 eum
778 1054 895 1106 misi,
934 1054 1226 1103 reddendam3
1269 1056 1313 1094 et
1340 1054 1450 1108 ipse,
1479 1055 1599 1109 quod

128 1110 357 1150 commodo
388 1114 462 1151 tuo
493 1110 587 1162 fiat⁷
628 1125 724 1150 cum
765 1124 817 1151 eo
846 1109 1121 1164 colloquare.
1179 1111 1311 1155 Puto,
1347 1110 1387 1150 si
1415 1110 1525 1165 quid
1554 1112 1602 1151 in

129 1165 308 1206 homine
337 1166 521 1219 pudoris
551 1170 631 1212 est,
666 1170 992 1220 praestaturum
1023 1180 1136 1217 eum,
1165 1164 1195 1217 ·1-
1224 1179 1278 1206 ne
1306 1179 1388 1219 pro
1419 1180 1466 1207 se
1494 1181 1602 1221 quo-

129 1222 231 1261 dam
270 1221 402 1262 modo
442 1222 726 1276 dependatur.
796 1222 865 1262 De
901 1221 1055 1262 Attica
1091 1226 1346 1276 pergratum
1386 1221 1499 1262 mihi
1538 1222 1601 1262 fe·

130 1276 249 1373 cislti‚
275 1277 397 1372 fquod
427 1278 607 1330 curasti,
637 1281 686 1318 ut
714 1280 816 1318 ante
856 1277 1015 1318 scirem
1053 1281 1174 1319 recte
1212 1290 1308 1318 esse
1356 1291 1486 1333 quam
1515 1292 1602 1319 non

130 1335 181 1373 be
205 1334 245 1373 le
295 1332 423 1374 uisse.

130 1454 274 1486 aidelnr
297 1453 432 1486 Brutus
459 1465 494 1486 u.
520 1466 548 1487 s.
575 1464 625 1487 w.
661 1454 738 1487 und
762 1454 991 1489 wiederholt
1024 1454 1110 1488 bald
1141 1453 1276 1487 darauf
1308 1453 1381 1488 den
1414 1454 1606 1496 Wunsch,

133 1501 252 1534 dieser
276 1500 424 1534 m'ochte
450 1501 532 1534 sich
558 1501 655 1534 nach
680 1502 818 1536 Astura
841 1502 1028 1550 begeben3
1064 1508 1244 1536 erneuert
1274 1502 1373 1536 auch
1398 1502 1480 1537 sein
1505 1504 1604 1538 Ver-

135 1549 273 1596 langen
301 1547 395 1581 nach
422 1548 718 1582 Griechenland.
767 1550 855 1597 Vgl.
882 1562 938 1595 ep.
965 1552 1047 1592 693,
1072 1551 1107 1585 4.

228 1598 260 1631 3.
311 1597 448 1640 (Ἱραὶ,
473 1596 555 1629 hilf
577 1597 652 1630 mir
676 1599 764 1632 sort.
794 1619 835 1624 -
871 1609 1079 1639 excurrere,
1107 1598 1216 1632 einen
1241 1598 1398 1642 Ausflug
1432 1599 1603 1635 machon.

135 1664 179 1669 —
205 1656 259 1677 me
282 1644 501 1678 intervenire
526 1645 691 1687 discenti,
719 1645 799 1679 dass
825 1645 889 1679 ich
916 1645 985 1679 ihn
1010 1646 1068 1680 bei
1096 1647 1224 1680 seinen
1239 1646 1398 1681 Studien
1418 1660 1465 1680 zu
1479 1648 1606 1682 Athen

135 1691 370 1726 iibcrrasche.
431 1710 471 1717 —-
510 1692 701 1735 Leonidae,
728 1694 767 1727 in
794 1705 865 1738 qua
892 1694 1113 1728 Ciceronem
1140 1694 1263 1727 filium
1290 1695 1342 1729 ita
1379 1695 1607 1738 laudaverat,

134 1747 175 1774 ut
207 1741 371 1774 diceret:
411 1742 609 1783 „quomodo
643 1752 735 1775 nunc
768 1747 834 1784 est,
868 1742 1018 1776 videtur
1053 1742 1098 1776 de
1130 1753 1172 1776 eo
1206 1742 1300 1776 bene
1334 1743 1606 1787 sperandum.“

133 1788 333 1823 MANUT.
395 1789 575 1822 Leonidas
620 1790 798 1835 princeps
848 1790 1138 1824 Atheniensium
1179 1796 1352 1835 tempore
1401 1791 1606 1829 Ciceronis,

132 1837 215 1870 vid.
245 1836 291 1869 ad
316 1836 448 1869 Famil.
476 1838 570 1879 XVI,
596 1840 655 1876 21,
681 1839 714 1875 5.
741 1838 785 1871 ad
811 1838 925 1871 Attic.
952 1839 1028 1878 XV,
1056 1840 1111 1874 16.
1140 1839 1194 1873 18.
1220 1839 1316 1881 XVI,
1346 1840 1400 1874 16.
1445 1858 1493 1864 ——
1531 1841 1608 1874 He-

135 1886 226 1925 rodi,
254 1884 438 1918 ebenfalls
464 1886 601 1918 Einem
629 1885 696 1919 der
721 1893 846 1920 ersten
871 1888 1026 1920 Mannar-
1051 1885 1207 1920 Athens.
1258 1885 1298 1920 S.
1327 1887 1372 1919 ad
1404 1886 1522 1921 Attio.
1555 1890 1606 1928 ΙΙ,

133 1936 167 1968 2.
193 1933 260 1966 der
284 1933 328 1966 ad
353 1933 466 1966 Attio.
492 1935 556 1975 VI,
585 1936 614 1968 1.
643 1935 696 1968 14.
726 1936 782 1970 16.
810 1936 865 1969 18.
889 1935 968 1978 XV,
993 1937 1039 1969 27
1065 1934 1262 1968 erw'a'hnte
1296 1935 1446 1969 scheint
1471 1936 1531 1969 ein
1558 1937 1606 1969 li-

135 1982 262 2014 bertus
296 1981 358 2015 des
385 1980 538 2015 Attikus
575 1995 621 2015 zu
656 1982 748 2015 sein.
799 2002 845 2007 —
893 1981 1005 2016 κατὰ
1047 1984 1206 2025 μίτον,
1242 1982 1391 2031 singula
1426 1996 1608 2029 quaeque,

135 2037 321 2074 tamquam
347 2029 444 2063 telae
470 2030 558 2062 licia
583 2031 853 2075 percurrendo,
881 2031 904 2064 i.
934 2042 964 2066 c.
991 2030 1290 2078 diligentissime.
1338 2031 1446 2065 SGH.

230 2078 263 2111 4.
314 2077 363 2110 ad
388 2077 572 2112 Xenonem
597 2079 790 2123 scripsisti,
821 2086 862 2114 ut
893 2079 1051 2113 Athenis
1073 2079 1248 2112 Ciceroni
1284 2079 1366 2114 filio
1393 2081 1606 2126 suppedita-

138 2132 206 2161 ret.
241 2125 437 2160 MANUT.
485 2126 523 2161 S.
551 2138 609 2171 ep.
637 2129 720 2169 748,
746 2129 779 2162 5.
807 2140 841 2160 u.
868 2130 949 2170 755,
976 2129 1009 2162 2.
1048 2145 1089 2152 -
1134 2127 1183 2160 ad
1208 2127 1310 2160 exist.
1332 2129 1505 2171 pertinet,
1532 2130 1608 2162 wie

139 2185 196 2218 ep.
223 2175 305 2216 687,
330 2175 363 2208 2.
391 2192 436 2198 —
460 2175 680 2208 Flaminium
705 2176 920 2218 flammam,
947 2176 1007 2210 ein
1027 2180 1130 2209 sonst
1155 2175 1420 2210 unbekannter
1444 2176 1608 2210 schuld-

136 2233 206 2255 ner
231 2222 395 2262 Ciceros,
420 2222 622 2258 vielleicht
647 2223 708 2257 ein
735 2224 1042 2273 Freigelassener
1076 2235 1140 2257 aus
1176 2224 1245 2256 der
1276 2235 1369 2271 gens
1403 2225 1605 2258 Flaminia.

140 2288 180 2294 —
210 2270 251 2303 de
274 2270 446 2304 Il10ntani
479 2272 638 2313 negotio.
690 2272 748 2306 cf.
782 2283 839 2318 ep.
872 2275 952 2308 582.
1006 2291 1047 2296 —
1099 2282 1201 2305 cures
1226 2282 1279 2316 ep.
1306 2298 1314 2306 .
1341 2298 1348 2304 .
1376 2273 1606 2314 reddendam,

138 2318 212 2351 lass
239 2317 310 2350 den
335 2318 453 2360 Brief‚
490 2319 563 2353 den
588 2319 653 2352 ich
679 2320 985 2368 beigeschlossen
1012 2320 1119 2359 habe,
1153 2319 1235 2353 ihm
1271 2320 1534 2365 einh‘andigen.
1564 2342 1605 2347 —

138 2376 180 2397 ne
206 2391 213 2399 .
242 2391 247 2396 .
274 2366 504 2410 dependatur,
546 2367 625 2401 dass
653 2370 843 2402 Montanus
879 2369 989 2402 nicht
1012 2380 1071 2401 am
1096 2368 1204 2401 Ende
1239 2369 1302 2402 sur
1328 2368 1398 2400 ihn
1425 2368 1606 2402 bezahlen

139 2415 273 2447 iniisse.
337 2413 398 2447 Sic
437 2415 535 2449 Vict.
578 2416 673 2449 coni.
708 2416 906 2451 admodum
947 2416 1102 2450 incerta.
1155 2415 1269 2459 Seqq.
1308 2417 1460 2460 quodam
1501 2418 1608 2450 modo

140 2461 276 2495 merito
299 2461 522 2507 displicebat
548 2464 738 2498 Ernestio.
788 2476 832 2498 ne
863 2476 973 2509 spero
1007 2465 1157 2509 quodam
1188 2465 1292 2497 modo
1327 2464 1396 2497 Md.
1431 2465 1547 2499 Oxon.
1578 2467 1606 2498 l.

138 2511 171 2545 2.
202 2509 295 2543 Ball.
322 2510 479 2545 Helmst.
514 2523 576 2545 nec
601 2523 682 2545 sero
708 2514 859 2556 quodam
884 2515 987 2547 modo
1016 2513 1094 2546 Asc.
1123 2516 1156 2547 l.
1185 2514 1283 2547 Crat.
1311 2513 1432 2557 Lego:
1460 2523 1501 2546 ne
1525 2524 1608 2545 sero

138 2569 216 2590 cum
252 2558 379 2591 damno
412 2561 612 2602 (Montani)
643 2561 875 2603 dependatur.
929 2561 1123 2596 ORELLI.
1177 2579 1217 2586 -
1270 2564 1367 2593 recle
1406 2585 1413 2591 .
1442 2586 1449 2593 .
1477 2586 1486 2594 .
1521 2562 1609 2593 belle

132 2606 265 2648 fuisse,
291 2605 452 2660 dassnsie
479 2607 562 2642 sich
587 2609 731 2643 wieder
763 2610 867 2644 wohl
900 2609 1057 2651 befindo,
1093 2610 1150 2642 als
1185 2609 1265 2642 dass
1301 2608 1355 2643 sie
1389 2609 1607 2655 unp'zisslich

141 2665 316 2701 gewesen
341 2666 404 2688 sci.
