1795 3086
340 106 656 152 EPISTULA
686 106 960 150 Dcccxx.
991 107 1296 152 DCCCXXI.
1487 107 1580 156 313

94 218 238 262 Nutus
267 221 368 262 tuus
398 223 545 276 potest
573 218 799 261 hominem
840 232 1010 261 summo
1051 221 1154 263 loco
1197 224 1361 268 natum,
1407 235 1580 263 summo

93 276 287 330 ingenio,
316 290 486 317 summa
514 275 697 322 virtute,
726 275 1113 318 officiosissimum
1142 280 1375 332 praeterea
1403 281 1449 318 et
1477 291 1578 331 gra—

95 332 329 379 tissimum,
368 332 636 373 incolumem
667 331 713 371 in
744 330 931 372 civitate
972 334 1177 374 retinere.
1245 333 1381 383 Quod
1421 336 1471 373 ut
1510 332 1580 372 sa—

94 388 203 439 cias,
230 388 296 429 ita
324 401 351 429 a
378 393 422 429 te
450 391 570 442 peto,
619 390 668 428 ut
697 385 868 428 maiore
897 388 1048 430 studio
1092 388 1294 443 magisve
1333 402 1393 431 ex
1432 388 1581 430 animo

94 448 244 496 petere
273 457 358 485 non
388 442 567 497 possim.

610 548 668 551 -Λ
678 548 1059 555 —m—-ffl

268 611 583 655 EPISTOLA
614 613 920 657 Dcccxxl.
978 614 1055 666 (ad
1086 614 1191 656 Div.
1222 614 1286 657 X.
1318 615 1405 664 17.)

164 684 244 720 εει».
273 687 312 720 in
338 687 608 736 Allobrogibus
636 695 795 724 exeunte
821 689 920 723 Maio
945 689 988 723 A.
1016 688 1061 722 U.
1090 687 1129 721 c.
1168 690 1250 723 711.
1279 690 1328 730 (a.
1353 688 1395 724 c,
1422 689 1497 731 43.)

98 752 333 787 Praesentem
359 752 455 787 belli
483 760 620 787 statum
648 754 832 789 describit
866 766 950 789 cum
978 753 1223 787 excusatione
1256 754 1391 788 fratris
1417 766 1437 788 a
1462 766 1499 788 se
1524 754 1582 788 di-

333 802 438 836 missi
465 808 501 838 et
527 803 852 837 commendatione
879 813 965 836 suae
991 802 1200 850 dignitatis.
1238 803 1341 837 1-3.

567 873 790 908 PLANCUS
816 873 1065 908 CICERONI.

205 941 425 982 Antonius
455 940 522 981 Id.
552 939 689 981 Maiis
728 940 786 980 ad
825 940 989 980 Forum
1019 939 1131 980 Iulii
1172 953 1272 980 cum
1310 938 1470 994 primis
1507 951 1582 980 co-

96 995 185 1049 piis
214 998 349 1037 venit.
407 994 650 1036 Ventidius
688 995 814 1036 bidui
844 995 988 1050 spatio
1020 997 1145 1037 abest
1173 997 1228 1037 ab
1257 1009 1324 1038 eo,
1383 995 1583 1050 Lepidus

96 1051 153 1091 ad
182 1052 348 1092 Forum
379 1051 579 1093 Voconii
609 1055 757 1092 eastra
785 1051 940 1092 habet:
988 1052 1066 1106 qui
1104 1053 1231 1093 locus
1269 1065 1296 1093 a
1323 1052 1444 1093 Foro
1473 1052 1582 1093 Iulii

97 1111 310 1161 quattuor
338 1111 384 1148 et
411 1108 572 1162 viginti
600 1107 749 1148 millia
787 1121 995 1161 passuum
1025 1109 1172 1149 abest:
1213 1106 1365 1162 ibique
1403 1121 1473 1148 me
1502 1121 1583 1149 ex-

97 1167 299 1217 spectare
347 1163 599 1215 constituit,
658 1163 1030 1218 quemadmodum
1075 1163 1172 1218 ipse
1219 1163 1335 1203 mihi
1384 1163 1582 1218 scripsit.

97 1219 231 1268 Quod
262 1220 301 1259 si
331 1218 481 1259 omnia
508 1218 622 1260 mihi
660 1219 839 1273 integra
880 1223 926 1260 et
954 1218 1050 1273 ipse
1090 1223 1135 1260 et
1164 1218 1346 1260 fortuna
1372 1220 1584 1272 servarit,

99 1274 268 1328 recipio
297 1274 425 1315 vobis
455 1274 668 1316 celeriter
696 1288 766 1315 me
805 1274 1035 1329 negotium
1073 1288 1132 1315 ex
1170 1274 1390 1317 sententia
1429 1275 1585 1317 confe-

97 1335 284 1371 cturum.
343 1331 546 1371 Fratrem
575 1343 717 1371 meum
747 1329 941 1370 assiduis
972 1330 1200 1371 laboribus
1229 1333 1585 1373 concursationi-

98 1386 266 1441 busque
296 1385 549 1426 confectum
578 1386 776 1440 graviter
811 1398 859 1426 se
889 1385 1097 1426 habuisse
1126 1390 1258 1427 antea
1285 1386 1369 1427 tibi
1398 1387 1585 1442 scripsi:

97 1441 177 1482 sed
205 1447 352 1482 tamen
382 1456 512 1496 quum
543 1443 734 1496 primum
763 1455 892 1496 posse
920 1442 1097 1495 ingredi
1128 1442 1293 1496 coepit,
1323 1456 1412 1484 non
1439 1444 1586 1498 magis

98 1497 199 1550 sibi,
228 1511 360 1552 quam
391 1497 456 1538 rei
486 1498 691 1552 publicae
720 1511 769 1538 se
798 1497 1081 1538 convaluisse
1110 1498 1375 1540 existimans
1402 1500 1461 1540 ad
1491 1513 1585 1540 om-

97 1553 173 1593 nia
201 1553 406 1608 pericula
434 1555 644 1608 princeps
674 1566 770 1594 esse
799 1567 887 1594 non
926 1554 1170 1594 recusabat.
1236 1554 1326 1596 Sed
1364 1569 1448 1610 ego
1485 1569 1586 1596 eum

98 1622 185 1649 non
214 1610 359 1650 solum
389 1608 593 1650 hortatus
630 1623 741 1654 sum,
788 1623 941 1650 verum
978 1610 1113 1650 etiam
1150 1610 1279 1664 coegi
1318 1611 1408 1652 isto
1445 1610 1586 1666 profi-

99 1664 232 1706 cisci:
280 1664 400 1719 quod
440 1668 484 1706 et
521 1664 604 1706 illa
632 1664 891 1706 valetudine
927 1665 1070 1720 magis
1099 1665 1326 1709 conficere
1354 1681 1416 1714 se,
1453 1681 1589 1722 quam

98 1832 179 1870 lem,
205 1840 300 1875 quae
326 1831 463 1865 habeat
485 1831 653 1874 aliquam
679 1831 855 1877 speciem.
876 1851 917 1858 —
936 1831 1048 1867 incol.
1067 1832 1107 1867 in
1122 1833 1322 1877 civ.retin.,
1348 1833 1432 1869 dem
1458 1833 1591 1870 Stante

101 1879 202 1914 beim
223 1879 351 1913 Leben
377 1892 424 1912 zu
449 1879 635 1914 erhalten.

198 1948 230 1983 1.
281 1946 475 1981 Antonius.
514 1946 714 1980 Ernestius
749 1946 910 1981 Lucium
946 1947 1158 1983 intellexit:
1205 1959 1321 1993 quum
1359 1956 1484 1984 autem
1521 1949 1588 1985 hic

13 2008 14 2012 ¹
61 2026 63 2028 ,
102 1995 176 2027 iam
202 2000 337 2039 quarto
363 1994 424 2028 die
449 2000 534 2028 ante
560 1995 605 2028 ad
631 1995 772 2028 Forum
797 1995 891 2029 Iulii
924 1996 1100 2037 venisset,
1139 1998 1266 2031 verius
1301 2003 1357 2032 est
1390 1998 1434 2032 de
1459 2001 1590 2033 Marco

101 2042 288 2087 accipere,
324 2043 422 2086 quod
448 2042 638 2076 strothius
663 2042 708 2076 ad
734 2042 773 2076 h.
800 2043 826 2076 l.
861 2044 1019 2079 monuit.
1055 2044 1162 2079 SGH.
1211 2044 1247 2079 S.
1288 2057 1346 2091 ep,
1372 2047 1455 2088 819,
1480 2049 1514 2082 3.
1544 2068 1587 2074 —-

101 2091 154 2124 ld.
180 2090 290 2133 Mai„
315 2102 374 2123 am
401 2092 457 2125 15.
485 2091 569 2124 Mai.
607 2111 649 2116 —
698 2090 899 2126 Ventidius.
951 2091 989 2126 S.
1018 2104 1077 2137 ep.
1105 2094 1189 2135 814,
1216 2095 1251 2129 3.
1291 2115 1335 2120 -
1381 2095 1430 2128 ad
1453 2096 1590 2129 Forum

104 2138 272 2174 Voconii.
298 2137 388 2172 Sch.
416 2139 513 2172 Liin.
548 2139 758 2173 Vocontium
783 2151 869 2173 cum
896 2139 1067 2175 Strothio
1092 2141 1209 2184 dedit,
1236 2148 1278 2176 ut
1304 2149 1484 2188 corrupte
1510 2151 1591 2179 erat

101 2188 152 2220 ad
176 2186 262 2220 Dz‘v.
290 2189 347 2226 10,
373 2188 430 2222 34.
476 2186 551 2221 Sed
583 2187 745 2221 alteram
769 2188 999 2233 scripturam
1025 2189 1113 2223 satis
1139 2189 1310 2225 defendit
1335 2191 1432 2224 Plin.
1465 2193 1514 2225 H.
1540 2193 1588 2227 Ν.

100 2237 136 2276 3,
161 2236 196 2276 5,
234 2246 271 2279 p.
300 2235 379 2270 147.
413 2235 553 2275 Hard.;
595 2246 719 2279 neque
757 2236 962 2281 quidquam
997 2244 1129 2271 contra
1167 2249 1252 2272 eum
1289 2238 1464 2273 observat
1499 2241 1590 2274 Rei-

102 2282 267 2316 chardus
293 2282 334 2315 in
361 2283 456 2317 Orbe
481 2287 568 2316 terr.
594 2284 704 2326 antiq.
725 2283 802 2326 sol.
828 2287 885 2320 32.
912 2296 945 2319 c.
976 2285 1171 2320 ORELLI.
1200 2286 1323 2329 „ietzt
1347 2287 1401 2320 Le
1426 2288 1507 2322 Luc
1532 2289 1591 2323 od.

101 2330 349 2379 Draguignan
375 2331 416 2363 in
442 2331 510 2364 der
536 2332 768 2365 Provence.“
832 2351 873 2357 —
941 2333 1095 2376 integra
1126 2345 1222 2369 serv.
1262 2336 1492 2370 unversehrt
1528 2337 1591 2372 be-

102 2378 241 2419 wahrt‚
269 2390 350 2412 mea
375 2379 536 2413 consilia
561 2390 634 2413 non
660 2379 927 2427 interruperit,
955 2392 1014 2416 me
1040 2393 1114 2416 non
1132 2383 1334 2420 fefellerit.
1363 2401 1404 2409 —-
1433 2385 1592 2429 recipio,

101 2427 296 2471 promitto.

197 2495 232 2528 2.
282 2498 499 2536 concursat„
537 2494 660 2528 durch
686 2494 747 2529 die
768 2496 953 2531 M'a'rsche.
1005 2516 1047 2523 —
1093 2498 1266 2541 graviter
1300 2509 1339 2531 se
1372 2497 1468 2540 hab„
1510 2499 1593 2534 sich

104 2541 197 2575 sehr
220 2542 307 2575 iibel
333 2542 521 2576 besunden
545 2542 623 2576 hat.
676 2560 716 2567 —
769 2545 819 2577 ad
843 2546 965 2579 omnia
991 2546 1162 2590 princeps
1188 2558 1264 2579 esse
1290 2557 1358 2580 non
1385 2558 1515 2590 rocus„
1551 2561 1592 2582 so

103 2590 289 2637 weigerte
317 2601 359 2635 εχ·
386 2589 465 2623 sich
491 2590 613 2628 nicht,
640 2591 701 2623 bei
736 2591 840 2625 allen
865 2593 1236 2640 Unternehmuugen
1275 2606 1322 2627 an
1358 2594 1426 2628 der
1461 2594 1592 2641 Spitze

103 2651 152 2672 zu
178 2638 271 2671 sein.
323 2637 427 2671 Uber
462 2637 533 2672 den
569 2639 758 2672 Nominat.
792 2651 878 2673 cum
912 2643 1058 2676 Infinit.
1096 2655 1123 2676 s.
1160 2643 1306 2676 Grotef.
1343 2644 1371 2686 ᾗ.
1400 2645 1480 2678 205.
1508 2646 1592 2687 312,

104 2687 211 2719 Anm.
239 2688 271 2720 2.
298 2685 446 2719 Ranish.
479 2686 508 2728 ξ,
537 2688 617 2729 168,
651 2688 694 2730 Β,
720 2688 753 2722 2.
787 2689 876 2722 Not.
912 2691 946 2724 3.
973 2691 1006 2724 4.
1049 2691 1228 2723 recusavit
1262 2702 1347 2724 cum
1384 2691 1475 2724 Cdd.
1502 2692 1591 2737 aliq.

104 2734 196 2767 ΕΠ).
224 2733 309 2767 sch.
337 2734 430 2768 Liin.
458 2740 587 2768 contra
615 2735 689 2769 Md.
741 2735 815 2769 Sed
847 2737 945 2771 actio
971 2738 1194 2783 imperfecta
1219 2738 1257 2772 h.
1288 2738 1313 2772 l.
1341 2740 1475 2773 melius
1502 2751 1591 2784 qua-

106 2782 201 2818 drat.
239 2782 435 2817 ORELLI.
488 2802 529 2809 —
580 2782 651 2816 islo
686 2783 710 2818 i.
739 2795 770 2818 e.
798 2784 965 2819 Romam.
1019 2805 1058 2811 —
1113 2787 1181 2819 illa
1207 2788 1329 2828 valet„
1362 2787 1422 2821 bei
1457 2800 1496 2824 so
1525 2800 1592 2837 ge==
