<?xml version="1.0" encoding="UTF-8"?>
<!DOCTYPE html PUBLIC "-//W3C//DTD XHTML 1.0 Transitional//EN"
    "http://www.w3.org/TR/xhtml1/DTD/xhtml1-transitional.dtd">
<html xmlns="http://www.w3.org/1999/xhtml" xml:lang="en" lang="en">
 <head>
  <title>
</title>
<meta http-equiv="Content-Type" content="text/html;charset=utf-8" />
  <meta name='ocr-system' content='tesseract 3.04.00' />
  <meta name='ocr-capabilities' content='ocr_page ocr_carea ocr_par ocr_line ocrx_word'/>
</head>
<body>
  <div class='ocr_page' id='page_1' title='image "./epistolaeadattic04ciceuoft_0394.png"; bbox 0 0 1795 3086; ppageno 0'>
   <div class='ocr_carea' id='block_1_1' title="bbox 183 81 1398 132">
    <p class='ocr_par' dir='ltr' id='par_1_1' title="bbox 183 81 1398 132">
     <span class='ocr_line' id='line_1_1' title="bbox 183 81 1398 132; baseline -0.003 0"><span class='ocrx_word' id='word_1_1' title='bbox 183 83 274 132; x_wconf 68' lang='lat'>384</span> <span class='ocrx_word' id='word_1_2' title='bbox 460 83 526 126; x_wconf 84' lang='lat' dir='ltr'>M.</span> <span class='ocrx_word' id='word_1_3' title='bbox 559 85 614 126; x_wconf 91' lang='grc' dir='ltr'>Τ.</span> <span class='ocrx_word' id='word_1_4' title='bbox 648 81 990 126; x_wconf 87' lang='lat' dir='ltr'>CICERONIS</span> <span class='ocrx_word' id='word_1_5' title='bbox 1020 81 1398 128; x_wconf 85' lang='lat' dir='ltr'>EPISTOLAE.</span> 
     </span>
    </p>
   </div>
   <div class='ocr_carea' id='block_1_2' title="bbox 182 194 1674 978">
    <p class='ocr_par' dir='ltr' id='par_1_2' title="bbox 182 194 1674 978">
     <span class='ocr_line' id='line_1_2' title="bbox 184 194 1671 246; baseline 0 -8"><span class='ocrx_word' id='word_1_6' title='bbox 184 211 286 238; x_wconf 76' lang='lat' dir='ltr'>cum</span> <span class='ocrx_word' id='word_1_7' title='bbox 325 195 597 237; x_wconf 83' lang='lat' dir='ltr'>detrimento</span> <span class='ocrx_word' id='word_1_8' title='bbox 636 207 789 235; x_wconf 85' lang='lat' dir='ltr'>eorum</span> <span class='ocrx_word' id='word_1_9' title='bbox 826 194 1027 237; x_wconf 86' lang='lat' dir='ltr'>maximo</span> <span class='ocrx_word' id='word_1_10' title='bbox 1066 199 1311 237; x_wconf 76' lang='lat' dir='ltr'><strong>extrusum.</strong></span> <span class='ocrx_word' id='word_1_11' title='bbox 1382 195 1508 246; x_wconf 85' lang='lat' dir='ltr'>Quae</span> <span class='ocrx_word' id='word_1_12' title='bbox 1548 211 1671 240; x_wconf 73' lang='lat' dir='ltr'>mens</span> 
     </span>
     <span class='ocr_line' id='line_1_3' title="bbox 186 248 1670 307; baseline 0 -13"><span class='ocrx_word' id='word_1_13' title='bbox 186 267 300 300; x_wconf 79' lang='lat' dir='ltr'>eum,</span> <span class='ocrx_word' id='word_1_14' title='bbox 330 256 406 292; x_wconf 83' lang='lat' dir='ltr'>aut</span> <span class='ocrx_word' id='word_1_15' title='bbox 433 264 630 306; x_wconf 83' lang='lat' dir='ltr'>quorum·</span> <span class='ocrx_word' id='word_1_16' title='bbox 652 248 856 303; x_wconf 83' lang='lat' dir='ltr'>consilia,</span> <span class='ocrx_word' id='word_1_17' title='bbox 886 264 912 291; x_wconf 84' lang='lat' dir='ltr'>a</span> <span class='ocrx_word' id='word_1_18' title='bbox 940 255 1065 293; x_wconf 86' lang='lat' dir='ltr'>tanta</span> <span class='ocrx_word' id='word_1_19' title='bbox 1086 253 1246 307; x_wconf 86' lang='lat' dir='ltr'>gloria,</span> <span class='ocrx_word' id='word_1_20' title='bbox 1276 251 1365 293; x_wconf 89' lang='lat' dir='ltr'>sibi</span> <span class='ocrx_word' id='word_1_21' title='bbox 1395 266 1505 293; x_wconf 83' lang='lat' dir='ltr'>vero</span> <span class='ocrx_word' id='word_1_22' title='bbox 1534 255 1670 295; x_wconf 85' lang='lat' dir='ltr'>etiam</span> 
     </span>
     <span class='ocr_line' id='line_1_4' title="bbox 184 303 1672 362; baseline 0.001 -13"><span class='ocrx_word' id='word_1_23' title='bbox 184 306 440 350; x_wconf 85' lang='lat' dir='ltr'>necessaria</span> <span class='ocrx_word' id='word_1_24' title='bbox 470 320 522 348; x_wconf 89' lang='lat' dir='ltr'>ac</span> <span class='ocrx_word' id='word_1_25' title='bbox 550 303 738 347; x_wconf 82' lang='lat' dir='ltr'>salutari</span> <span class='ocrx_word' id='word_1_26' title='bbox 766 307 970 348; x_wconf 81' lang='lat' dir='ltr'>avocarit</span> <span class='ocrx_word' id='word_1_27' title='bbox 999 311 1045 349; x_wconf 86' lang='lat' dir='ltr'>et</span> <span class='ocrx_word' id='word_1_28' title='bbox 1077 308 1133 348; x_wconf 84' lang='lat' dir='ltr'>ad</span> <span class='ocrx_word' id='word_1_29' title='bbox 1159 307 1480 362; x_wconf 84' lang='lat' dir='ltr'>cogitationem</span> <span class='ocrx_word' id='word_1_30' title='bbox 1511 321 1672 350; x_wconf 87' lang='lat' dir='ltr'>consu-</span> 
     </span>
     <span class='ocr_line' id='line_1_5' title="bbox 185 362 1672 407; baseline 0.001 -2"><span class='ocrx_word' id='word_1_31' title='bbox 185 365 304 406; x_wconf 85' lang='lat' dir='ltr'>latus</span> <span class='ocrx_word' id='word_1_32' title='bbox 333 362 563 405; x_wconf 81' lang='lat' dir='ltr'>bimestris</span> <span class='ocrx_word' id='word_1_33' title='bbox 593 375 764 402; x_wconf 90' lang='lat' dir='ltr'>summo</span> <span class='ocrx_word' id='word_1_34' title='bbox 806 374 906 402; x_wconf 91' lang='lat' dir='ltr'>cum</span> <span class='ocrx_word' id='word_1_35' title='bbox 945 367 1119 405; x_wconf 88' lang='lat' dir='ltr'>terrore</span> <span class='ocrx_word' id='word_1_36' title='bbox 1157 362 1389 405; x_wconf 89' lang='lat' dir='ltr'>hominum</span> <span class='ocrx_word' id='word_1_37' title='bbox 1427 367 1473 405; x_wconf 89' lang='lat' dir='ltr'>et</span> <span class='ocrx_word' id='word_1_38' title='bbox 1500 362 1672 407; x_wconf 81' lang='lat' dir='ltr'>insulsa</span> 
     </span>
     <span class='ocr_line' id='line_1_6' title="bbox 185 418 1670 474; baseline 0.001 -13"><span class='ocrx_word' id='word_1_39' title='bbox 185 434 285 461; x_wconf 87' lang='lat' dir='ltr'>cum</span> <span class='ocrx_word' id='word_1_40' title='bbox 330 418 660 473; x_wconf 84' lang='lat' dir='ltr'>efflagitatione</span> <span class='ocrx_word' id='word_1_41' title='bbox 710 418 1017 469; x_wconf 78' lang='lat' dir='ltr'>transtulerit,</span> <span class='ocrx_word' id='word_1_42' title='bbox 1070 424 1289 474; x_wconf 84' lang='lat' dir='ltr'>exputare</span> <span class='ocrx_word' id='word_1_43' title='bbox 1335 431 1425 460; x_wconf 90' lang='lat' dir='ltr'>non</span> <span class='ocrx_word' id='word_1_44' title='bbox 1476 433 1670 474; x_wconf 87' lang='lat' dir='ltr'>possum.</span> 
     </span>
     <span class='ocr_line' id='line_1_7' title="bbox 185 472 1671 517; baseline 0 -1"><span class='ocrx_word' id='word_1_45' title='bbox 185 476 381 517; x_wconf 81' lang='lat' dir='ltr'>Multum</span> <span class='ocrx_word' id='word_1_46' title='bbox 419 475 466 515; x_wconf 93' lang='lat' dir='ltr'>in</span> <span class='ocrx_word' id='word_1_47' title='bbox 505 473 594 515; x_wconf 88' lang='lat' dir='ltr'>hac</span> <span class='ocrx_word' id='word_1_48' title='bbox 634 487 681 515; x_wconf 88' lang='lat' dir='ltr'>re</span> <span class='ocrx_word' id='word_1_49' title='bbox 718 472 834 513; x_wconf 85' lang='lat' dir='ltr'>mihi</span> <span class='ocrx_word' id='word_1_50' title='bbox 870 474 1083 516; x_wconf 82' lang='lat' dir='ltr'>videntur</span> <span class='ocrx_word' id='word_1_51' title='bbox 1123 474 1369 517; x_wconf 87' lang='lat' dir='ltr'>necessarii</span> <span class='ocrx_word' id='word_1_52' title='bbox 1406 475 1501 516; x_wconf 90' lang='lat' dir='ltr'>eius</span> <span class='ocrx_word' id='word_1_53' title='bbox 1531 479 1577 517; x_wconf 84' lang='lat' dir='ltr'>et</span> <span class='ocrx_word' id='word_1_54' title='bbox 1605 476 1671 517; x_wconf 87' lang='lat' dir='ltr'>rei</span> 
     </span>
     <span class='ocr_line' id='line_1_8' title="bbox 185 530 1673 587; baseline 0 -15"><span class='ocrx_word' id='word_1_55' title='bbox 185 530 392 587; x_wconf 86' lang='lat' dir='ltr'>publicae</span> <span class='ocrx_word' id='word_1_56' title='bbox 431 534 477 572; x_wconf 89' lang='lat' dir='ltr'>et</span> <span class='ocrx_word' id='word_1_57' title='bbox 514 530 655 584; x_wconf 87' lang='lat' dir='ltr'>ipsius</span> <span class='ocrx_word' id='word_1_58' title='bbox 695 541 833 570; x_wconf 83' lang='lat' dir='ltr'>causa</span> <span class='ocrx_word' id='word_1_59' title='bbox 870 530 1093 583; x_wconf 87' lang='lat' dir='ltr'>proficere</span> <span class='ocrx_word' id='word_1_60' title='bbox 1131 544 1285 586; x_wconf 82' lang='lat' dir='ltr'>posse:</span> <span class='ocrx_word' id='word_1_61' title='bbox 1357 531 1584 583; x_wconf 87' lang='lat' dir='ltr'>lurimum,</span> <span class='ocrx_word' id='word_1_62' title='bbox 1623 536 1673 572; x_wconf 88' lang='lat' dir='ltr'>ut</span> 
     </span>
     <span class='ocr_line' id='line_1_9' title="bbox 184 584 1674 643; baseline 0 -14"><span class='ocrx_word' id='word_1_63' title='bbox 184 591 317 643; x_wconf 82' lang='lat' dir='ltr'>puto,</span> <span class='ocrx_word' id='word_1_64' title='bbox 356 592 406 628; x_wconf 84' lang='lat' dir='ltr'>tu</span> <span class='ocrx_word' id='word_1_65' title='bbox 444 599 644 641; x_wconf 83' lang='lat' dir='ltr'>quoque:</span> <span class='ocrx_word' id='word_1_66' title='bbox 685 584 812 625; x_wconf 90' lang='lat' dir='ltr'>cuius</span> <span class='ocrx_word' id='word_1_67' title='bbox 852 584 934 627; x_wconf 90' lang='lat' dir='ltr'>ille</span> <span class='ocrx_word' id='word_1_68' title='bbox 973 590 1098 627; x_wconf 89' lang='lat' dir='ltr'>tanta</span> <span class='ocrx_word' id='word_1_69' title='bbox 1127 587 1288 627; x_wconf 90' lang='lat' dir='ltr'>merita</span> <span class='ocrx_word' id='word_1_70' title='bbox 1352 587 1466 639; x_wconf 93' lang='lat' dir='ltr'>abet,</span> <span class='ocrx_word' id='word_1_71' title='bbox 1506 590 1674 642; x_wconf 84' lang='lat' dir='ltr'>quanta</span> 
     </span>
     <span class='ocr_line' id='line_1_10' title="bbox 182 642 1672 698; baseline 0 -14"><span class='ocrx_word' id='word_1_72' title='bbox 182 656 313 684; x_wconf 90' lang='lat' dir='ltr'>nemo</span> <span class='ocrx_word' id='word_1_73' title='bbox 342 648 522 698; x_wconf 89' lang='lat' dir='ltr'>praeter</span> <span class='ocrx_word' id='word_1_74' title='bbox 550 656 644 683; x_wconf 86' lang='lat' dir='ltr'>me:</span> <span class='ocrx_word' id='word_1_75' title='bbox 683 653 905 695; x_wconf 77' lang='lat' dir='ltr'>nunquam</span> <span class='ocrx_word' id='word_1_76' title='bbox 948 642 1065 682; x_wconf 90' lang='lat' dir='ltr'>enim</span> <span class='ocrx_word' id='word_1_77' title='bbox 1104 642 1353 684; x_wconf 86' lang='lat' dir='ltr'>obliviscar</span> <span class='ocrx_word' id='word_1_78' title='bbox 1389 643 1590 684; x_wconf 84' lang='lat' dir='ltr'>maxima</span> <span class='ocrx_word' id='word_1_79' title='bbox 1618 654 1672 684; x_wconf 86' lang='lat' dir='ltr'>ac</span> 
     </span>
     <span class='ocr_line' id='line_1_11' title="bbox 184 693 1673 754; baseline -0.001 -14"><span class='ocrx_word' id='word_1_80' title='bbox 184 699 378 754; x_wconf 87' lang='lat' dir='ltr'>plurima</span> <span class='ocrx_word' id='word_1_81' title='bbox 398 693 474 740; x_wconf 64' lang='lat' dir='ltr'>&#39;me</span> <span class='ocrx_word' id='word_1_82' title='bbox 504 697 591 739; x_wconf 88' lang='lat' dir='ltr'>tibi</span> <span class='ocrx_word' id='word_1_83' title='bbox 620 697 796 738; x_wconf 89' lang='lat' dir='ltr'>debere.</span> <span class='ocrx_word' id='word_1_84' title='bbox 870 696 943 737; x_wconf 90' lang='lat' dir='ltr'>De</span> <span class='ocrx_word' id='word_1_85' title='bbox 973 697 1045 738; x_wconf 86' lang='lat' dir='ltr'>his</span> <span class='ocrx_word' id='word_1_86' title='bbox 1078 698 1207 738; x_wconf 88' lang='lat' dir='ltr'>rebus</span> <span class='ocrx_word' id='word_1_87' title='bbox 1247 703 1297 739; x_wconf 88' lang='lat' dir='ltr'>ut</span> <span class='ocrx_word' id='word_1_88' title='bbox 1334 698 1545 754; x_wconf 83' lang='lat' dir='ltr'>exigeret</span> <span class='ocrx_word' id='word_1_89' title='bbox 1574 711 1673 739; x_wconf 91' lang='lat' dir='ltr'>cum</span> 
     </span>
     <span class='ocr_line' id='line_1_12' title="bbox 183 752 1674 808; baseline -0.001 -11"><span class='ocrx_word' id='word_1_90' title='bbox 183 769 251 808; x_wconf 81' lang='lat' dir='ltr'>eo,</span> <span class='ocrx_word' id='word_1_91' title='bbox 280 755 451 796; x_wconf 81' lang='lat' dir='ltr'>Furnio</span> <span class='ocrx_word' id='word_1_92' title='bbox 481 752 704 794; x_wconf 79' lang='lat' dir='ltr'>mandavi.</span> <span class='ocrx_word' id='word_1_93' title='bbox 764 752 900 802; x_wconf 87' lang='lat' dir='ltr'>Quod</span> <span class='ocrx_word' id='word_1_94' title='bbox 930 752 992 801; x_wconf 86' lang='lat' dir='ltr'>si,</span> <span class='ocrx_word' id='word_1_95' title='bbox 1030 757 1242 807; x_wconf 84' lang='lat' dir='ltr'>quantam</span> <span class='ocrx_word' id='word_1_96' title='bbox 1272 753 1434 806; x_wconf 83' lang='lat' dir='ltr'>debeo,</span> <span class='ocrx_word' id='word_1_97' title='bbox 1474 754 1674 796; x_wconf 81' lang='lat' dir='ltr'>habuero</span> 
     </span>
     <span class='ocr_line' id='line_1_13' title="bbox 184 808 1672 866; baseline 0 -14"><span class='ocrx_word' id='word_1_98' title='bbox 184 811 305 866; x_wconf 88' lang='lat' dir='ltr'>apud</span> <span class='ocrx_word' id='word_1_99' title='bbox 344 824 446 852; x_wconf 90' lang='lat' dir='ltr'>eum</span> <span class='ocrx_word' id='word_1_100' title='bbox 485 809 825 860; x_wconf 83' lang='lat' dir='ltr'>auctoritatem,</span> <span class='ocrx_word' id='word_1_101' title='bbox 870 808 1114 863; x_wconf 86' lang='lat' dir='ltr'>plurimum</span> <span class='ocrx_word' id='word_1_102' title='bbox 1156 810 1300 863; x_wconf 88' lang='lat' dir='ltr'>ipsum</span> <span class='ocrx_word' id='word_1_103' title='bbox 1339 809 1508 852; x_wconf 84' lang='lat' dir='ltr'>iuvero.</span> <span class='ocrx_word' id='word_1_104' title='bbox 1578 810 1672 852; x_wconf 84' lang='lat' dir='ltr'>Nos</span> 
     </span>
     <span class='ocr_line' id='line_1_14' title="bbox 183 865 1674 920; baseline -0.001 -12"><span class='ocrx_word' id='word_1_105' title='bbox 183 868 366 914; x_wconf 60' lang='lat' dir='ltr'>interea,</span> <span class='ocrx_word' id='word_1_106' title='bbox 386 866 569 907; x_wconf 84' lang='lat' dir='ltr'>duriore</span> <span class='ocrx_word' id='word_1_107' title='bbox 600 865 860 906; x_wconf 87' lang='lat' dir='ltr'>conditione</span> <span class='ocrx_word' id='word_1_108' title='bbox 880 865 1046 905; x_wconf 89' lang='lat' dir='ltr'>bellum</span> <span class='ocrx_word' id='word_1_109' title='bbox 1068 867 1354 911; x_wconf 83' lang='lat' dir='ltr'>sustinemus,</span> <span class='ocrx_word' id='word_1_110' title='bbox 1381 865 1503 920; x_wconf 85' lang='lat' dir='ltr'>quod</span> <span class='ocrx_word' id='word_1_111' title='bbox 1532 879 1674 920; x_wconf 88' lang='lat' dir='ltr'>neque</span> 
     </span>
     <span class='ocr_line' id='line_1_15' title="bbox 185 921 1674 978; baseline -0.001 -13"><span class='ocrx_word' id='word_1_112' title='bbox 185 921 577 978; x_wconf 82' lang='lat' dir='ltr'>expeditissimam</span> <span class='ocrx_word' id='word_1_113' title='bbox 605 921 943 962; x_wconf 82' lang='lat' dir='ltr'>dimicationem</span> <span class='ocrx_word' id='word_1_114' title='bbox 973 924 1178 976; x_wconf 83' lang='lat' dir='ltr'>putamus</span> <span class='ocrx_word' id='word_1_115' title='bbox 1209 935 1350 977; x_wconf 89' lang='lat' dir='ltr'>neque</span> <span class='ocrx_word' id='word_1_116' title='bbox 1376 926 1522 963; x_wconf 86' lang='lat' dir='ltr'>tamen</span> <span class='ocrx_word' id='word_1_117' title='bbox 1552 921 1674 963; x_wconf 90' lang='lat' dir='ltr'>refu-</span> 
     </span>
    </p>
   </div>
   <div class='ocr_carea' id='block_1_3' title="bbox 181 1073 1674 1272">
    <p class='ocr_par' dir='ltr' id='par_1_3' title="bbox 181 1073 1674 1272">
     <span class='ocr_line' id='line_1_16' title="bbox 184 1073 1672 1116; baseline 0 -4"><span class='ocrx_word' id='word_1_118' title='bbox 184 1079 283 1114; x_wconf 85' lang='lat' dir='ltr'>noch</span> <span class='ocrx_word' id='word_1_119' title='bbox 310 1078 362 1111; x_wconf 87' lang='lat' dir='ltr'>im</span> <span class='ocrx_word' id='word_1_120' title='bbox 390 1077 639 1112; x_wconf 83' lang='lat' dir='ltr'>ehrenvollen</span> <span class='ocrx_word' id='word_1_121' title='bbox 665 1073 897 1116; x_wconf 77' lang='lat' dir='ltr'>Audenkon3</span> <span class='ocrx_word' id='word_1_122' title='bbox 933 1075 1024 1110; x_wconf 87' lang='lat' dir='ltr'>aber</span> <span class='ocrx_word' id='word_1_123' title='bbox 1057 1076 1119 1109; x_wconf 84' lang='lat' dir='ltr'>die</span> <span class='ocrx_word' id='word_1_124' title='bbox 1154 1077 1374 1111; x_wconf 64' lang='lat' dir='ltr'>Czisarianer</span> <span class='ocrx_word' id='word_1_125' title='bbox 1405 1076 1592 1112; x_wconf 84' lang='lat' dir='ltr'>verhasst.</span> <span class='ocrx_word' id='word_1_126' title='bbox 1630 1097 1672 1103; x_wconf 90' lang='lat'>—</span> 
     </span>
     <span class='ocr_line' id='line_1_17' title="bbox 185 1124 1674 1169; baseline -0.001 -9"><span class='ocrx_word' id='word_1_127' title='bbox 185 1130 283 1163; x_wconf 76' lang='lat' dir='ltr'>Quae</span> <span class='ocrx_word' id='word_1_128' title='bbox 308 1137 406 1159; x_wconf 82' lang='lat' dir='ltr'>mens</span> <span class='ocrx_word' id='word_1_129' title='bbox 433 1152 441 1160; x_wconf 92' lang='lat'>.</span> <span class='ocrx_word' id='word_1_130' title='bbox 470 1152 478 1160; x_wconf 92' lang='lat'><strong><em>.</em></strong></span> <span class='ocrx_word' id='word_1_131' title='bbox 507 1151 514 1158; x_wconf 91' lang='lat'>.</span> <span class='ocrx_word' id='word_1_132' title='bbox 541 1128 662 1169; x_wconf 64' lang='lat' dir='ltr'>expui,</span> <span class='ocrx_word' id='word_1_133' title='bbox 691 1136 760 1158; x_wconf 77' lang='lat' dir='ltr'>non</span> <span class='ocrx_word' id='word_1_134' title='bbox 783 1135 945 1169; x_wconf 68' lang='lat' dir='ltr'>possum,</span> <span class='ocrx_word' id='word_1_135' title='bbox 973 1135 1078 1167; x_wconf 87' lang='lat' dir='ltr'>„was</span> <span class='ocrx_word' id='word_1_136' title='bbox 1106 1125 1171 1157; x_wconf 84' lang='lat' dir='ltr'>fiir</span> <span class='ocrx_word' id='word_1_137' title='bbox 1196 1124 1280 1158; x_wconf 88' lang='lat' dir='ltr'>eine</span> <span class='ocrx_word' id='word_1_138' title='bbox 1301 1125 1458 1159; x_wconf 81' lang='lat' dir='ltr'>Absicht</span> <span class='ocrx_word' id='word_1_139' title='bbox 1484 1125 1577 1159; x_wconf 86' lang='lat' dir='ltr'>oder</span> <span class='ocrx_word' id='word_1_140' title='bbox 1596 1137 1674 1160; x_wconf 82' lang='lat' dir='ltr'>was</span> 
     </span>
     <span class='ocr_line' id='line_1_18' title="bbox 181 1171 1673 1222; baseline -0.002 -13"><span class='ocrx_word' id='word_1_141' title='bbox 181 1178 249 1209; x_wconf 80' lang='lat' dir='ltr'>fiir</span> <span class='ocrx_word' id='word_1_142' title='bbox 274 1174 494 1222; x_wconf 80' lang='lat' dir='ltr'>Rathgeber</span> <span class='ocrx_word' id='word_1_143' title='bbox 519 1173 587 1207; x_wconf 90' lang='lat' dir='ltr'>ihn</span> <span class='ocrx_word' id='word_1_144' title='bbox 613 1184 686 1207; x_wconf 88' lang='lat' dir='ltr'>von</span> <span class='ocrx_word' id='word_1_145' title='bbox 713 1173 820 1207; x_wconf 84' lang='lat' dir='ltr'>einer</span> <span class='ocrx_word' id='word_1_146' title='bbox 846 1184 884 1206; x_wconf 88' lang='lat' dir='ltr'>so</span> <span class='ocrx_word' id='word_1_147' title='bbox 912 1171 1171 1214; x_wconf 86' lang='lat' dir='ltr'>ruhmvollen‚</span> <span class='ocrx_word' id='word_1_148' title='bbox 1197 1172 1280 1205; x_wconf 83' lang='lat' dir='ltr'>ihm</span> <span class='ocrx_word' id='word_1_149' title='bbox 1306 1173 1424 1207; x_wconf 83' lang='lat' dir='ltr'>selbst</span> <span class='ocrx_word' id='word_1_150' title='bbox 1441 1172 1579 1207; x_wconf 65' lang='lat' dir='ltr'>hochst</span> <span class='ocrx_word' id='word_1_151' title='bbox 1605 1174 1673 1207; x_wconf 70' lang='grc' dir='ltr'>τιὸ·</span> 
     </span>
     <span class='ocr_line' id='line_1_19' title="bbox 182 1220 1673 1272; baseline -0.002 -14"><span class='ocrx_word' id='word_1_152' title='bbox 182 1224 322 1272; x_wconf 77' lang='lat' dir='ltr'>thigen</span> <span class='ocrx_word' id='word_1_153' title='bbox 348 1223 424 1256; x_wconf 81' lang='lat' dir='ltr'>und</span> <span class='ocrx_word' id='word_1_154' title='bbox 449 1222 660 1256; x_wconf 85' lang='lat' dir='ltr'>heilsamen</span> <span class='ocrx_word' id='word_1_155' title='bbox 697 1223 849 1265; x_wconf 82' lang='lat' dir='ltr'>(wegen</span> <span class='ocrx_word' id='word_1_156' title='bbox 875 1220 940 1254; x_wconf 82' lang='lat' dir='ltr'>des</span> <span class='ocrx_word' id='word_1_157' title='bbox 965 1220 1172 1262; x_wconf 84' lang='lat' dir='ltr'>Antonius)</span> <span class='ocrx_word' id='word_1_158' title='bbox 1209 1220 1316 1255; x_wconf 87' lang='lat' dir='ltr'>Bahn</span> <span class='ocrx_word' id='word_1_159' title='bbox 1351 1221 1560 1270; x_wconf 83' lang='lat' dir='ltr'>abgerufen</span> <span class='ocrx_word' id='word_1_160' title='bbox 1596 1221 1673 1255; x_wconf 87' lang='lat' dir='ltr'>und</span> 
     </span>
    </p>
   </div>
   <div class='ocr_carea' id='block_1_4' title="bbox 183 1267 1745 1312">
    <p class='ocr_par' dir='ltr' id='par_1_4' title="bbox 183 1267 1745 1312">
     <span class='ocr_line' id='line_1_20' title="bbox 183 1267 1745 1312; baseline -0.002 -6"><span class='ocrx_word' id='word_1_161' title='bbox 183 1274 250 1306; x_wconf 76' lang='lat' dir='ltr'>auf</span> <span class='ocrx_word' id='word_1_162' title='bbox 274 1271 347 1305; x_wconf 87' lang='lat' dir='ltr'>den</span> <span class='ocrx_word' id='word_1_163' title='bbox 373 1269 582 1306; x_wconf 82' lang='lat' dir='ltr'>Gedanken</span> <span class='ocrx_word' id='word_1_164' title='bbox 608 1269 788 1303; x_wconf 81' lang='lat' dir='ltr'>verleitet</span> <span class='ocrx_word' id='word_1_165' title='bbox 810 1268 947 1312; x_wconf 87' lang='lat' dir='ltr'>haben,</span> <span class='ocrx_word' id='word_1_166' title='bbox 985 1267 1087 1302; x_wconf 87' lang='lat' dir='ltr'>noch</span> <span class='ocrx_word' id='word_1_167' title='bbox 1111 1270 1179 1302; x_wconf 80' lang='lat' dir='ltr'>auf</span> <span class='ocrx_word' id='word_1_168' title='bbox 1202 1269 1264 1302; x_wconf 77' lang='lat' dir='ltr'>ein</span> <span class='ocrx_word' id='word_1_169' title='bbox 1290 1269 1380 1303; x_wconf 84' lang='lat' dir='ltr'>Paar</span> <span class='ocrx_word' id='word_1_170' title='bbox 1403 1269 1582 1304; x_wconf 83' lang='lat' dir='ltr'>Monathe</span> <span class='ocrx_word' id='word_1_171' title='bbox 1609 1270 1673 1304; x_wconf 85' lang='lat' dir='ltr'>das</span> <span class='ocrx_word' id='word_1_172' title='bbox 1724 1267 1745 1291; x_wconf 54' lang='lat'>*⁵</span> 
     </span>
    </p>
   </div>
   <div class='ocr_carea' id='block_1_5' title="bbox 185 1316 1675 1416">
    <p class='ocr_par' dir='ltr' id='par_1_5' title="bbox 185 1316 1675 1416">
     <span class='ocr_line' id='line_1_21' title="bbox 185 1316 1673 1363; baseline -0.001 -8"><span class='ocrx_word' id='word_1_173' title='bbox 185 1321 364 1355; x_wconf 84' lang='lat' dir='ltr'>Consulat</span> <span class='ocrx_word' id='word_1_174' title='bbox 389 1331 477 1353; x_wconf 87' lang='lat' dir='ltr'>zum</span> <span class='ocrx_word' id='word_1_175' title='bbox 500 1319 671 1363; x_wconf 82' lang='lat' dir='ltr'>grb&#39;ssten</span> <span class='ocrx_word' id='word_1_176' title='bbox 700 1316 925 1352; x_wconf 86' lang='lat' dir='ltr'>Schrecken</span> <span class='ocrx_word' id='word_1_177' title='bbox 956 1318 1022 1351; x_wconf 69' lang='lat' dir='ltr'>fiir</span> <span class='ocrx_word' id='word_1_178' title='bbox 1057 1316 1282 1351; x_wconf 85' lang='lat' dir='ltr'>ledermann</span> <span class='ocrx_word' id='word_1_179' title='bbox 1320 1316 1398 1351; x_wconf 86' lang='lat' dir='ltr'>und.</span> <span class='ocrx_word' id='word_1_180' title='bbox 1432 1318 1501 1351; x_wconf 84' lang='lat' dir='ltr'>auf</span> <span class='ocrx_word' id='word_1_181' title='bbox 1523 1318 1607 1353; x_wconf 87' lang='lat' dir='ltr'>eine</span> <span class='ocrx_word' id='word_1_182' title='bbox 1632 1329 1673 1353; x_wconf 82' lang='lat' dir='ltr'>so</span> 
     </span>
     <span class='ocr_line' id='line_1_22' title="bbox 185 1364 1675 1416; baseline -0.001 -14"><span class='ocrx_word' id='word_1_183' title='bbox 185 1367 428 1416; x_wconf 79' lang='lat' dir='ltr'>ungereimte</span> <span class='ocrx_word' id='word_1_184' title='bbox 456 1367 525 1400; x_wconf 88' lang='lat' dir='ltr'>Art</span> <span class='ocrx_word' id='word_1_185' title='bbox 550 1379 597 1400; x_wconf 85' lang='lat' dir='ltr'>zu</span> <span class='ocrx_word' id='word_1_186' title='bbox 621 1365 792 1409; x_wconf 85' lang='lat' dir='ltr'>fordern,</span> <span class='ocrx_word' id='word_1_187' title='bbox 828 1365 892 1399; x_wconf 81' lang='lat' dir='ltr'>das</span> <span class='ocrx_word' id='word_1_188' title='bbox 929 1365 1030 1399; x_wconf 84' lang='lat' dir='ltr'>kann</span> <span class='ocrx_word' id='word_1_189' title='bbox 1066 1364 1130 1398; x_wconf 87' lang='lat' dir='ltr'>ich</span> <span class='ocrx_word' id='word_1_190' title='bbox 1157 1365 1234 1398; x_wconf 85' lang='lat' dir='ltr'>mir</span> <span class='ocrx_word' id='word_1_191' title='bbox 1258 1364 1371 1400; x_wconf 85' lang='lat' dir='ltr'>nicht</span> <span class='ocrx_word' id='word_1_192' title='bbox 1397 1365 1675 1402; x_wconf 60' lang='lat' dir='ltr'>entrathselnf‘</span> 
     </span>
    </p>
   </div>
   <div class='ocr_carea' id='block_1_6' title="bbox 187 1410 1738 1458">
    <p class='ocr_par' dir='ltr' id='par_1_6' title="bbox 187 1410 1738 1458">
     <span class='ocr_line' id='line_1_23' title="bbox 187 1410 1738 1458; baseline -0.001 -7"><span class='ocrx_word' id='word_1_193' title='bbox 187 1416 429 1451; x_wconf 77' lang='lat' dir='ltr'>transtulerit.</span> <span class='ocrx_word' id='word_1_194' title='bbox 481 1414 545 1448; x_wconf 87' lang='lat' dir='ltr'>Sic</span> <span class='ocrx_word' id='word_1_195' title='bbox 568 1413 644 1448; x_wconf 82' lang='lat' dir='ltr'>Md.</span> <span class='ocrx_word' id='word_1_196' title='bbox 671 1414 770 1447; x_wconf 82' lang='lat' dir='ltr'>Vict.</span> <span class='ocrx_word' id='word_1_197' title='bbox 800 1416 830 1448; x_wconf 93' lang='lat'>1.</span> <span class='ocrx_word' id='word_1_198' title='bbox 858 1413 1008 1454; x_wconf 83' lang='lat' dir='ltr'>Gebh.;</span> <span class='ocrx_word' id='word_1_199' title='bbox 1043 1413 1153 1458; x_wconf 90' lang='lat' dir='ltr'>quod,</span> <span class='ocrx_word' id='word_1_200' title='bbox 1190 1424 1294 1457; x_wconf 72' lang='lat' dir='ltr'>quum</span> <span class='ocrx_word' id='word_1_201' title='bbox 1331 1423 1431 1447; x_wconf 77' lang='lat' dir='ltr'>mens</span> <span class='ocrx_word' id='word_1_202' title='bbox 1462 1414 1675 1449; x_wconf 87' lang='lat' dir='ltr'>subiectum</span> <span class='ocrx_word' id='word_1_203' title='bbox 1735 1410 1738 1411; x_wconf 38' lang='lat'><em>⁷</em></span> 
     </span>
    </p>
   </div>
   <div class='ocr_carea' id='block_1_7' title="bbox 187 1461 1676 1510">
    <p class='ocr_par' dir='ltr' id='par_1_7' title="bbox 187 1461 1676 1510">
     <span class='ocr_line' id='line_1_24' title="bbox 187 1461 1676 1510; baseline -0.001 -12"><span class='ocrx_word' id='word_1_204' title='bbox 187 1466 238 1500; x_wconf 85' lang='lat' dir='ltr'>sit</span> <span class='ocrx_word' id='word_1_205' title='bbox 263 1464 513 1510; x_wconf 85' lang='lat' dir='ltr'>praecipuum</span> <span class='ocrx_word' id='word_1_206' title='bbox 539 1468 653 1507; x_wconf 85' lang='lat' dir='ltr'>atque</span> <span class='ocrx_word' id='word_1_207' title='bbox 678 1462 748 1495; x_wconf 88' lang='lat' dir='ltr'>illa</span> <span class='ocrx_word' id='word_1_208' title='bbox 776 1466 836 1495; x_wconf 79' lang='lat' dir='ltr'>aui</span> <span class='ocrx_word' id='word_1_209' title='bbox 863 1473 1014 1506; x_wconf 77' lang='lat' dir='ltr'>quorum</span> <span class='ocrx_word' id='word_1_210' title='bbox 1039 1461 1196 1495; x_wconf 72' lang='lat' dir='ltr'>consilia</span> <span class='ocrx_word' id='word_1_211' title='bbox 1221 1472 1294 1507; x_wconf 88' lang='lat' dir='ltr'>per</span> <span class='ocrx_word' id='word_1_212' title='bbox 1317 1462 1568 1506; x_wconf 83' lang='lat' dir='ltr'>parenthesin</span> <span class='ocrx_word' id='word_1_213' title='bbox 1593 1469 1676 1498; x_wconf 84' lang='lat' dir='ltr'>tan·</span> 
     </span>
    </p>
   </div>
   <div class='ocr_carea' id='block_1_8' title="bbox 187 1509 1738 1555">
    <p class='ocr_par' dir='ltr' id='par_1_8' title="bbox 187 1509 1738 1555">
     <span class='ocr_line' id='line_1_25' title="bbox 187 1509 1738 1555; baseline -0.001 -9"><span class='ocrx_word' id='word_1_214' title='bbox 187 1512 383 1548; x_wconf 74' lang='lat' dir='ltr'>tumn-nodo</span> <span class='ocrx_word' id='word_1_215' title='bbox 412 1509 903 1555; x_wconf 79' lang='lat' dir='ltr'>interponantur‚.1ninime</span> <span class='ocrx_word' id='word_1_216' title='bbox 930 1509 1150 1543; x_wconf 86' lang='lat' dir='ltr'>mutandum</span> <span class='ocrx_word' id='word_1_217' title='bbox 1177 1515 1256 1544; x_wconf 85' lang='lat' dir='ltr'>erat</span> <span class='ocrx_word' id='word_1_218' title='bbox 1283 1509 1343 1542; x_wconf 89' lang='lat' dir='ltr'>in:</span> <span class='ocrx_word' id='word_1_219' title='bbox 1378 1510 1619 1546; x_wconf 80' lang='lat' dir='ltr'>advocarint.</span> <span class='ocrx_word' id='word_1_220' title='bbox 1639 1539 1648 1546; x_wconf 91' lang='lat'>.</span> <span class='ocrx_word' id='word_1_221' title='bbox 1665 1538 1674 1545; x_wconf 95' lang='lat'>.</span> <span class='ocrx_word' id='word_1_222' title='bbox 1734 1511 1738 1517; x_wconf 88' lang='grc'><strong><em>’</em></strong></span> 
     </span>
    </p>
   </div>
   <div class='ocr_carea' id='block_1_9' title="bbox 186 1557 1677 1943">
    <p class='ocr_par' dir='ltr' id='par_1_9' title="bbox 186 1557 1677 1943">
     <span class='ocr_line' id='line_1_26' title="bbox 188 1557 1677 1601; baseline -0.002 -5"><span class='ocrx_word' id='word_1_223' title='bbox 188 1560 458 1596; x_wconf 77' lang='lat' dir='ltr'>transtulerint.</span> <span class='ocrx_word' id='word_1_224' title='bbox 510 1558 714 1601; x_wconf 86' lang='lat' dir='ltr'>Plerique,</span> <span class='ocrx_word' id='word_1_225' title='bbox 766 1558 880 1592; x_wconf 87' lang='lat' dir='ltr'>etiam</span> <span class='ocrx_word' id='word_1_226' title='bbox 919 1558 1017 1592; x_wconf 89' lang='lat' dir='ltr'>Vict.</span> <span class='ocrx_word' id='word_1_227' title='bbox 1056 1559 1090 1593; x_wconf 87' lang='lat'>2.</span> <span class='ocrx_word' id='word_1_228' title='bbox 1133 1557 1327 1600; x_wconf 81' lang='lat' dir='ltr'>(avocarit</span> <span class='ocrx_word' id='word_1_229' title='bbox 1362 1581 1371 1590; x_wconf 90' lang='lat'>.</span> <span class='ocrx_word' id='word_1_230' title='bbox 1399 1582 1407 1590; x_wconf 94' lang='lat'>.</span> <span class='ocrx_word' id='word_1_231' title='bbox 1433 1582 1442 1591; x_wconf 93' lang='lat'>.</span> <span class='ocrx_word' id='word_1_232' title='bbox 1477 1560 1677 1593; x_wconf 79' lang='lat' dir='ltr'>transtule-</span> 
     </span>
     <span class='ocr_line' id='line_1_27' title="bbox 187 1605 1676 1651; baseline -0.002 -7"><span class='ocrx_word' id='word_1_233' title='bbox 187 1611 262 1645; x_wconf 77' lang='lat' dir='ltr'>rint</span> <span class='ocrx_word' id='word_1_234' title='bbox 312 1609 440 1650; x_wconf 86' lang='lat' dir='ltr'>Crat.)</span> <span class='ocrx_word' id='word_1_235' title='bbox 492 1605 689 1640; x_wconf 86' lang='lat' dir='ltr'>ORELLI.</span> <span class='ocrx_word' id='word_1_236' title='bbox 739 1623 784 1630; x_wconf 90' lang='lat'>—</span> <span class='ocrx_word' id='word_1_237' title='bbox 842 1605 1049 1648; x_wconf 79' lang='lat' dir='ltr'>bimestris,</span> <span class='ocrx_word' id='word_1_238' title='bbox 1087 1606 1164 1640; x_wconf 86' lang='lat' dir='ltr'>imo</span> <span class='ocrx_word' id='word_1_239' title='bbox 1197 1605 1513 1651; x_wconf 80' lang='lat' dir='ltr'>quinquemestris,</span> <span class='ocrx_word' id='word_1_240' title='bbox 1559 1617 1676 1651; x_wconf 87' lang='lat' dir='ltr'>quum</span> 
     </span>
     <span class='ocr_line' id='line_1_28' title="bbox 188 1653 1675 1705; baseline -0.001 -14"><span class='ocrx_word' id='word_1_241' title='bbox 188 1659 361 1705; x_wconf 85' lang='lat' dir='ltr'>quinque</span> <span class='ocrx_word' id='word_1_242' title='bbox 393 1666 538 1689; x_wconf 86' lang='lat' dir='ltr'>menses</span> <span class='ocrx_word' id='word_1_243' title='bbox 574 1660 817 1700; x_wconf 78' lang='lat' dir='ltr'>superessent</span> <span class='ocrx_word' id='word_1_244' title='bbox 848 1654 895 1687; x_wconf 87' lang='lat' dir='ltr'>ad</span> <span class='ocrx_word' id='word_1_245' title='bbox 931 1654 1074 1688; x_wconf 83' lang='lat' dir='ltr'>exitum</span> <span class='ocrx_word' id='word_1_246' title='bbox 1107 1654 1219 1697; x_wconf 81' lang='lat' dir='ltr'>anni3</span> <span class='ocrx_word' id='word_1_247' title='bbox 1257 1653 1321 1689; x_wconf 86' lang='lat' dir='ltr'>sed</span> <span class='ocrx_word' id='word_1_248' title='bbox 1354 1654 1540 1689; x_wconf 75' lang='lat' dir='ltr'>bimestris</span> <span class='ocrx_word' id='word_1_249' title='bbox 1575 1655 1675 1690; x_wconf 83' lang='lat' dir='ltr'>dixit</span> 
     </span>
     <span class='ocr_line' id='line_1_29' title="bbox 186 1701 1676 1753; baseline -0.001 -13"><span class='ocrx_word' id='word_1_250' title='bbox 186 1718 258 1753; x_wconf 90' lang='lat' dir='ltr'>pro</span> <span class='ocrx_word' id='word_1_251' title='bbox 285 1705 414 1748; x_wconf 72' lang='lat' dir='ltr'>exigui</span> <span class='ocrx_word' id='word_1_252' title='bbox 437 1703 628 1747; x_wconf 80' lang='lat' dir='ltr'>temporis.</span> <span class='ocrx_word' id='word_1_253' title='bbox 655 1703 782 1737; x_wconf 79' lang='lat' dir='ltr'>MAN</span> <span class='ocrx_word' id='word_1_254' title='bbox 785 1701 863 1739; x_wconf 86' lang='lat' dir='ltr'>UT.</span> <span class='ocrx_word' id='word_1_255' title='bbox 914 1703 1109 1736; x_wconf 84' lang='lat' dir='ltr'>Praeterea</span> <span class='ocrx_word' id='word_1_256' title='bbox 1134 1703 1294 1736; x_wconf 84' lang='lat' dir='ltr'>Plancus</span> <span class='ocrx_word' id='word_1_257' title='bbox 1320 1702 1491 1749; x_wconf 85' lang='lat' dir='ltr'>cogitare</span> <span class='ocrx_word' id='word_1_258' title='bbox 1515 1709 1676 1749; x_wconf 82' lang='lat' dir='ltr'>poterat,</span> 
     </span>
     <span class='ocr_line' id='line_1_30' title="bbox 187 1750 1676 1800; baseline -0.002 -11"><span class='ocrx_word' id='word_1_259' title='bbox 187 1762 386 1800; x_wconf 86' lang='lat' dir='ltr'>antequam</span> <span class='ocrx_word' id='word_1_260' title='bbox 413 1752 637 1787; x_wconf 81' lang='lat' dir='ltr'>Octavianus</span> <span class='ocrx_word' id='word_1_261' title='bbox 663 1751 798 1785; x_wconf 88' lang='lat' dir='ltr'>consul</span> <span class='ocrx_word' id='word_1_262' title='bbox 822 1757 1029 1790; x_wconf 86' lang='lat' dir='ltr'>crearetur,</span> <span class='ocrx_word' id='word_1_263' title='bbox 1067 1750 1182 1785; x_wconf 84' lang='lat' dir='ltr'>facile</span> <span class='ocrx_word' id='word_1_264' title='bbox 1215 1751 1365 1795; x_wconf 88' lang='lat' dir='ltr'>aliquot</span> <span class='ocrx_word' id='word_1_265' title='bbox 1390 1762 1538 1786; x_wconf 87' lang='lat' dir='ltr'>menses</span> <span class='ocrx_word' id='word_1_266' title='bbox 1563 1751 1676 1787; x_wconf 79' lang='lat' dir='ltr'>huius</span> 
     </span>
     <span class='ocr_line' id='line_1_31' title="bbox 187 1798 1676 1848; baseline -0.003 -10"><span class='ocrx_word' id='word_1_267' title='bbox 187 1804 278 1838; x_wconf 78' lang='lat' dir='ltr'>anni</span> <span class='ocrx_word' id='word_1_268' title='bbox 303 1800 649 1848; x_wconf 76' lang='lat' dir='ltr'>praeterlapsurOS,</span> <span class='ocrx_word' id='word_1_269' title='bbox 684 1806 726 1833; x_wconf 90' lang='lat' dir='ltr'>ut</span> <span class='ocrx_word' id='word_1_270' title='bbox 760 1811 950 1833; x_wconf 86' lang='lat' dir='ltr'>summum</span> <span class='ocrx_word' id='word_1_271' title='bbox 986 1799 1060 1832; x_wconf 88' lang='lat' dir='ltr'>duo</span> <span class='ocrx_word' id='word_1_272' title='bbox 1094 1810 1240 1832; x_wconf 86' lang='lat' dir='ltr'>menses</span> <span class='ocrx_word' id='word_1_273' title='bbox 1274 1798 1320 1832; x_wconf 88' lang='lat' dir='ltr'>ad</span> <span class='ocrx_word' id='word_1_274' title='bbox 1345 1799 1558 1846; x_wconf 84' lang='lat' dir='ltr'>gerendum</span> <span class='ocrx_word' id='word_1_275' title='bbox 1583 1811 1676 1834; x_wconf 87' lang='lat' dir='ltr'>con-</span> 
     </span>
     <span class='ocr_line' id='line_1_32' title="bbox 187 1846 1677 1895; baseline -0.003 -8"><span class='ocrx_word' id='word_1_276' title='bbox 187 1853 352 1887; x_wconf 84' lang='lat' dir='ltr'>sulatum</span> <span class='ocrx_word' id='word_1_277' title='bbox 379 1847 614 1895; x_wconf 84' lang='lat' dir='ltr'>superfuturi</span> <span class='ocrx_word' id='word_1_278' title='bbox 640 1854 776 1882; x_wconf 88' lang='lat' dir='ltr'>essent.</span> <span class='ocrx_word' id='word_1_279' title='bbox 803 1847 912 1882; x_wconf 85' lang='lat' dir='ltr'>SCH.</span> <span class='ocrx_word' id='word_1_280' title='bbox 940 1867 982 1872; x_wconf 95' lang='lat'>—</span> <span class='ocrx_word' id='word_1_281' title='bbox 1009 1858 1092 1880; x_wconf 80' lang='lat' dir='ltr'>cum</span> <span class='ocrx_word' id='word_1_282' title='bbox 1117 1851 1264 1881; x_wconf 82' lang='lat' dir='ltr'>terrore</span> <span class='ocrx_word' id='word_1_283' title='bbox 1285 1846 1476 1884; x_wconf 73' lang='lat' dir='ltr'>hominum.</span> <span class='ocrx_word' id='word_1_284' title='bbox 1503 1848 1677 1883; x_wconf 85' lang='lat' dir='ltr'>Octavia-</span> 
     </span>
     <span class='ocr_line' id='line_1_33' title="bbox 188 1895 1674 1943; baseline -0.001 -9"><span class='ocrx_word' id='word_1_285' title='bbox 188 1913 258 1934; x_wconf 85' lang='lat' dir='ltr'>nus</span> <span class='ocrx_word' id='word_1_286' title='bbox 285 1897 523 1933; x_wconf 86' lang='lat' dir='ltr'>consulatum</span> <span class='ocrx_word' id='word_1_287' title='bbox 550 1896 729 1930; x_wconf 83' lang='lat' dir='ltr'>invadere</span> <span class='ocrx_word' id='word_1_288' title='bbox 757 1895 944 1941; x_wconf 84' lang='lat' dir='ltr'>cupiebat,</span> <span class='ocrx_word' id='word_1_289' title='bbox 973 1895 1096 1929; x_wconf 86' lang='lat' dir='ltr'>missis</span> <span class='ocrx_word' id='word_1_290' title='bbox 1123 1895 1412 1943; x_wconf 83' lang='lat' dir='ltr'>quadringentis</span> <span class='ocrx_word' id='word_1_291' title='bbox 1436 1896 1484 1930; x_wconf 89' lang='lat' dir='ltr'>ad</span> <span class='ocrx_word' id='word_1_292' title='bbox 1504 1903 1674 1932; x_wconf 83' lang='lat' dir='ltr'>senatum</span> 
     </span>
    </p>
   </div>
   <div class='ocr_carea' id='block_1_10' title="bbox 188 1943 1739 1990">
    <p class='ocr_par' dir='ltr' id='par_1_10' title="bbox 188 1943 1739 1990">
     <span class='ocr_line' id='line_1_34' title="bbox 188 1943 1739 1990; baseline -0.001 -9"><span class='ocrx_word' id='word_1_293' title='bbox 188 1947 390 1988; x_wconf 72' lang='lat' dir='ltr'>militibus,</span> <span class='ocrx_word' id='word_1_294' title='bbox 417 1946 482 1990; x_wconf 86' lang='lat' dir='ltr'>qui</span> <span class='ocrx_word' id='word_1_295' title='bbox 507 1945 611 1978; x_wconf 90' lang='lat' dir='ltr'>hunc</span> <span class='ocrx_word' id='word_1_296' title='bbox 638 1944 828 1978; x_wconf 87' lang='lat' dir='ltr'>honorem</span> <span class='ocrx_word' id='word_1_297' title='bbox 854 1944 918 1978; x_wconf 88' lang='lat' dir='ltr'>illi</span> <span class='ocrx_word' id='word_1_298' title='bbox 937 1949 1207 1988; x_wconf 83' lang='lat' dir='ltr'>exposcerent3</span> <span class='ocrx_word' id='word_1_299' title='bbox 1234 1949 1346 1988; x_wconf 79' lang='lat' dir='ltr'>atque</span> <span class='ocrx_word' id='word_1_300' title='bbox 1363 1943 1562 1978; x_wconf 84' lang='lat' dir='ltr'>Cornelius</span> <span class='ocrx_word' id='word_1_301' title='bbox 1587 1956 1676 1980; x_wconf 85' lang='lat' dir='ltr'>cen·</span> <span class='ocrx_word' id='word_1_302' title='bbox 1737 1980 1739 1982; x_wconf 78' lang='grc'>,</span> 
     </span>
    </p>
   </div>
   <div class='ocr_carea' id='block_1_11' title="bbox 189 1992 1677 2138">
    <p class='ocr_par' dir='ltr' id='par_1_11' title="bbox 189 1992 1677 2138">
     <span class='ocr_line' id='line_1_35' title="bbox 190 1992 1675 2041; baseline -0.002 -10"><span class='ocrx_word' id='word_1_303' title='bbox 190 1997 290 2031; x_wconf 80' lang='lat' dir='ltr'>turio</span> <span class='ocrx_word' id='word_1_304' title='bbox 316 1995 497 2041; x_wconf 85' lang='lat' dir='ltr'>princeps</span> <span class='ocrx_word' id='word_1_305' title='bbox 523 1992 636 2026; x_wconf 85' lang='lat' dir='ltr'>huius</span> <span class='ocrx_word' id='word_1_306' title='bbox 664 1992 879 2038; x_wconf 84' lang='lat' dir='ltr'>legationis,</span> <span class='ocrx_word' id='word_1_307' title='bbox 919 2004 1036 2038; x_wconf 87' lang='lat' dir='ltr'>quum</span> <span class='ocrx_word' id='word_1_308' title='bbox 1071 1998 1217 2025; x_wconf 83' lang='lat' dir='ltr'>senatus</span> <span class='ocrx_word' id='word_1_309' title='bbox 1255 1992 1588 2039; x_wconf 83' lang='lat' dir='ltr'>tergiversaretur‚</span> <span class='ocrx_word' id='word_1_310' title='bbox 1615 2005 1675 2028; x_wconf 87' lang='lat' dir='ltr'>re-</span> 
     </span>
     <span class='ocr_line' id='line_1_36' title="bbox 189 2039 1674 2092; baseline -0.003 -12"><span class='ocrx_word' id='word_1_311' title='bbox 189 2047 289 2080; x_wconf 80' lang='lat' dir='ltr'>iecto</span> <span class='ocrx_word' id='word_1_312' title='bbox 317 2042 446 2092; x_wconf 79' lang='lat' dir='ltr'>sagulo</span> <span class='ocrx_word' id='word_1_313' title='bbox 472 2047 694 2086; x_wconf 85' lang='lat' dir='ltr'>ostensoque</span> <span class='ocrx_word' id='word_1_314' title='bbox 721 2040 851 2088; x_wconf 84' lang='lat' dir='ltr'>gladio</span> <span class='ocrx_word' id='word_1_315' title='bbox 877 2041 917 2074; x_wconf 91' lang='lat' dir='ltr'>in</span> <span class='ocrx_word' id='word_1_316' title='bbox 941 2040 1049 2074; x_wconf 86' lang='lat' dir='ltr'>curia</span> <span class='ocrx_word' id='word_1_317' title='bbox 1073 2040 1192 2073; x_wconf 81' lang='lat' dir='ltr'>dixit:</span> <span class='ocrx_word' id='word_1_318' title='bbox 1220 2039 1277 2074; x_wconf 82' lang='lat' dir='ltr'>lzic</span> <span class='ocrx_word' id='word_1_319' title='bbox 1293 2040 1433 2082; x_wconf 79' lang='lat' dir='ltr'>faciet,</span> <span class='ocrx_word' id='word_1_320' title='bbox 1458 2040 1494 2074; x_wconf 83' lang='lat' dir='ltr'>si</span> <span class='ocrx_word' id='word_1_321' title='bbox 1516 2052 1581 2075; x_wconf 84' lang='lat' dir='ltr'>vos</span> <span class='ocrx_word' id='word_1_322' title='bbox 1604 2053 1674 2076; x_wconf 80' lang='lat' dir='ltr'>non</span> 
     </span>
     <span class='ocr_line' id='line_1_37' title="bbox 192 2088 1677 2138; baseline -0.004 -9"><span class='ocrx_word' id='word_1_323' title='bbox 192 2091 374 2131; x_wconf 71' lang='lat' dir='ltr'>feceritis.</span> <span class='ocrx_word' id='word_1_324' title='bbox 424 2091 473 2127; x_wconf 88' lang='lat' dir='ltr'>V.</span> <span class='ocrx_word' id='word_1_325' title='bbox 500 2089 653 2124; x_wconf 82' lang='lat' dir='ltr'>sueton.</span> <span class='ocrx_word' id='word_1_326' title='bbox 679 2089 777 2138; x_wconf 80' lang='lat' dir='ltr'>Aug.</span> <span class='ocrx_word' id='word_1_327' title='bbox 803 2091 862 2125; x_wconf 86' lang='lat'>26.</span> <span class='ocrx_word' id='word_1_328' title='bbox 898 2089 970 2124; x_wconf 92' lang='lat' dir='ltr'>Dio</span> <span class='ocrx_word' id='word_1_329' title='bbox 998 2091 1097 2123; x_wconf 87' lang='lat' dir='ltr'>Cass.</span> <span class='ocrx_word' id='word_1_330' title='bbox 1119 2089 1249 2123; x_wconf 86' lang='lat' dir='ltr'>XLVI.</span> <span class='ocrx_word' id='word_1_331' title='bbox 1287 2088 1487 2126; x_wconf 78' lang='lat' dir='ltr'>MANUT.</span> <span class='ocrx_word' id='word_1_332' title='bbox 1534 2089 1677 2125; x_wconf 81' lang='lat' dir='ltr'>Audito</span> 
     </span>
    </p>
   </div>
   <div class='ocr_carea' id='block_1_12' title="bbox 180 2130 1745 2190">
    <p class='ocr_par' dir='ltr' id='par_1_12' title="bbox 180 2130 1745 2190">
     <span class='ocr_line' id='line_1_38' title="bbox 180 2130 1745 2190; baseline -0.001 -17"><span class='ocrx_word' id='word_1_333' title='bbox 180 2130 210 2175; x_wconf 59' lang='lat' dir='ltr'>⁵a</span> <span class='ocrx_word' id='word_1_334' title='bbox 237 2139 376 2190; x_wconf 80' lang='lat' dir='ltr'>legatis</span> <span class='ocrx_word' id='word_1_335' title='bbox 400 2143 548 2173; x_wconf 83' lang='lat' dir='ltr'>senatus</span> <span class='ocrx_word' id='word_1_336' title='bbox 576 2148 770 2183; x_wconf 79' lang='lat' dir='ltr'>responso,</span> <span class='ocrx_word' id='word_1_337' title='bbox 809 2137 1034 2172; x_wconf 84' lang='lat' dir='ltr'>Octavianus</span> <span class='ocrx_word' id='word_1_338' title='bbox 1069 2137 1242 2186; x_wconf 77' lang='lat' dir='ltr'>legiones</span> <span class='ocrx_word' id='word_1_339' title='bbox 1276 2148 1358 2170; x_wconf 85' lang='lat' dir='ltr'>suas</span> <span class='ocrx_word' id='word_1_340' title='bbox 1385 2137 1471 2171; x_wconf 87' lang='lat' dir='ltr'>urbi</span> <span class='ocrx_word' id='word_1_341' title='bbox 1496 2136 1674 2173; x_wconf 83' lang='lat' dir='ltr'>admovit.</span> <span class='ocrx_word' id='word_1_342' title='bbox 1734 2139 1745 2162; x_wconf 71' lang='lat'>&#39;⁴</span> 
     </span>
    </p>
   </div>
   <div class='ocr_carea' id='block_1_13' title="bbox 190 2186 1676 2327">
    <p class='ocr_par' dir='ltr' id='par_1_13' title="bbox 190 2186 1676 2327">
     <span class='ocr_line' id='line_1_39' title="bbox 190 2186 605 2235; baseline -0.005 -14"><span class='ocrx_word' id='word_1_343' title='bbox 190 2191 233 2225; x_wconf 87' lang='lat' dir='ltr'>V.</span> <span class='ocrx_word' id='word_1_344' title='bbox 259 2187 421 2235; x_wconf 84' lang='lat' dir='ltr'>Appian.</span> <span class='ocrx_word' id='word_1_345' title='bbox 448 2187 520 2229; x_wconf 91' lang='grc' dir='ltr'>ΙΙΙ,</span> <span class='ocrx_word' id='word_1_346' title='bbox 546 2186 605 2221; x_wconf 82' lang='grc'>89.</span> 
     </span>
     <span class='ocr_line' id='line_1_40' title="bbox 289 2231 1676 2280; baseline -0.001 -9"><span class='ocrx_word' id='word_1_347' title='bbox 289 2241 324 2272; x_wconf 87' lang='grc'>7.</span> <span class='ocrx_word' id='word_1_348' title='bbox 365 2234 568 2269; x_wconf 67' lang='lat' dir='ltr'>necessarii</span> <span class='ocrx_word' id='word_1_349' title='bbox 593 2234 683 2277; x_wconf 76' lang='lat' dir='ltr'>eius,</span> <span class='ocrx_word' id='word_1_350' title='bbox 719 2232 760 2267; x_wconf 85' lang='lat' dir='ltr'>in</span> <span class='ocrx_word' id='word_1_351' title='bbox 790 2232 926 2280; x_wconf 83' lang='lat' dir='ltr'>primis</span> <span class='ocrx_word' id='word_1_352' title='bbox 960 2233 1003 2268; x_wconf 85' lang='lat' dir='ltr'>L.</span> <span class='ocrx_word' id='word_1_353' title='bbox 1030 2231 1191 2266; x_wconf 84' lang='lat' dir='ltr'>Marcius</span> <span class='ocrx_word' id='word_1_354' title='bbox 1218 2231 1418 2279; x_wconf 86' lang='lat' dir='ltr'>Philippus</span> <span class='ocrx_word' id='word_1_355' title='bbox 1451 2232 1612 2268; x_wconf 84' lang='lat' dir='ltr'>vitricus</span> <span class='ocrx_word' id='word_1_356' title='bbox 1639 2241 1676 2270; x_wconf 88' lang='lat' dir='ltr'>et</span> 
     </span>
     <span class='ocr_line' id='line_1_41' title="bbox 193 2280 1676 2327; baseline -0.002 -7"><span class='ocrx_word' id='word_1_357' title='bbox 193 2286 233 2320; x_wconf 88' lang='lat' dir='ltr'>C.</span> <span class='ocrx_word' id='word_1_358' title='bbox 260 2283 438 2320; x_wconf 84' lang='lat' dir='ltr'>Claudius</span> <span class='ocrx_word' id='word_1_359' title='bbox 462 2281 680 2325; x_wconf 84' lang='lat' dir='ltr'>Marcellus,</span> <span class='ocrx_word' id='word_1_360' title='bbox 709 2282 789 2316; x_wconf 89' lang='lat' dir='ltr'>eius</span> <span class='ocrx_word' id='word_1_361' title='bbox 815 2280 953 2316; x_wconf 88' lang='lat' dir='ltr'>sororis</span> <span class='ocrx_word' id='word_1_362' title='bbox 978 2281 1053 2316; x_wconf 87' lang='lat' dir='ltr'>vir.</span> <span class='ocrx_word' id='word_1_363' title='bbox 1097 2280 1266 2327; x_wconf 81' lang='lat' dir='ltr'>Philipp.</span> <span class='ocrx_word' id='word_1_364' title='bbox 1296 2281 1365 2314; x_wconf 88' lang='lat'>111.</span> <span class='ocrx_word' id='word_1_365' title='bbox 1397 2282 1597 2318; x_wconf 78' lang='lat' dir='ltr'>MANUT.</span> <span class='ocrx_word' id='word_1_366' title='bbox 1628 2302 1676 2308; x_wconf 94' lang='lat'>—</span> 
     </span>
    </p>
   </div>
   <div class='ocr_carea' id='block_1_14' title="bbox 191 2329 1732 2426">
    <p class='ocr_par' dir='ltr' id='par_1_14' title="bbox 191 2329 1732 2426">
     <span class='ocr_line' id='line_1_42' title="bbox 191 2329 1732 2378; baseline -0.002 -10"><span class='ocrx_word' id='word_1_367' title='bbox 191 2333 390 2378; x_wconf 79' lang='lat' dir='ltr'>proficere,</span> <span class='ocrx_word' id='word_1_368' title='bbox 421 2329 659 2371; x_wconf 82' lang='lat' dir='ltr'>ausrichten‚</span> <span class='ocrx_word' id='word_1_369' title='bbox 691 2336 732 2364; x_wconf 91' lang='lat' dir='ltr'>ut</span> <span class='ocrx_word' id='word_1_370' title='bbox 758 2341 843 2364; x_wconf 86' lang='lat' dir='ltr'>eum</span> <span class='ocrx_word' id='word_1_371' title='bbox 870 2330 911 2363; x_wconf 90' lang='lat' dir='ltr'>in</span> <span class='ocrx_word' id='word_1_372' title='bbox 937 2329 1052 2363; x_wconf 84' lang='lat' dir='ltr'>aliam</span> <span class='ocrx_word' id='word_1_373' title='bbox 1082 2329 1183 2363; x_wconf 85' lang='lat' dir='ltr'>viam</span> <span class='ocrx_word' id='word_1_374' title='bbox 1212 2335 1249 2363; x_wconf 87' lang='lat' dir='ltr'>et</span> <span class='ocrx_word' id='word_1_375' title='bbox 1274 2335 1440 2364; x_wconf 85' lang='lat' dir='ltr'>mentem</span> <span class='ocrx_word' id='word_1_376' title='bbox 1466 2330 1675 2367; x_wconf 80' lang='lat' dir='ltr'>traducant.</span> <span class='ocrx_word' id='word_1_377' title='bbox 1722 2355 1732 2371; x_wconf 35' lang='lat'>›-</span> 
     </span>
     <span class='ocr_line' id='line_1_43' title="bbox 196 2376 1732 2426; baseline -0.001 -11"><span class='ocrx_word' id='word_1_378' title='bbox 196 2402 235 2408; x_wconf 93' lang='lat'>—</span> <span class='ocrx_word' id='word_1_379' title='bbox 265 2386 303 2415; x_wconf 76' lang='lat' dir='ltr'>tu</span> <span class='ocrx_word' id='word_1_380' title='bbox 328 2390 464 2426; x_wconf 78' lang='lat' dir='ltr'>quoque</span> <span class='ocrx_word' id='word_1_381' title='bbox 487 2384 594 2424; x_wconf 79' lang='lat' dir='ltr'>potes</span> <span class='ocrx_word' id='word_1_382' title='bbox 619 2378 817 2424; x_wconf 83' lang='lat' dir='ltr'>proficere.</span> <span class='ocrx_word' id='word_1_383' title='bbox 846 2397 888 2404; x_wconf 93' lang='lat'>—</span> <span class='ocrx_word' id='word_1_384' title='bbox 924 2378 1057 2412; x_wconf 85' lang='lat' dir='ltr'>merita</span> <span class='ocrx_word' id='word_1_385' title='bbox 1083 2376 1276 2412; x_wconf 85' lang='lat' dir='ltr'>Ciceronis</span> <span class='ocrx_word' id='word_1_386' title='bbox 1303 2377 1342 2411; x_wconf 89' lang='lat' dir='ltr'>in</span> <span class='ocrx_word' id='word_1_387' title='bbox 1370 2377 1566 2412; x_wconf 87' lang='lat' dir='ltr'>Octavium</span> <span class='ocrx_word' id='word_1_388' title='bbox 1599 2380 1674 2413; x_wconf 78' lang='lat' dir='ltr'>vid.</span> <span class='ocrx_word' id='word_1_389' title='bbox 1728 2398 1732 2403; x_wconf 89' lang='lat'>·</span> 
     </span>
    </p>
   </div>
   <div class='ocr_carea' id='block_1_15' title="bbox 192 2425 1678 2705">
    <p class='ocr_par' dir='ltr' id='par_1_15' title="bbox 192 2425 1678 2705">
     <span class='ocr_line' id='line_1_44' title="bbox 192 2425 1678 2475; baseline -0.002 -11"><span class='ocrx_word' id='word_1_390' title='bbox 192 2430 361 2475; x_wconf 84' lang='lat' dir='ltr'>Philipp.</span> <span class='ocrx_word' id='word_1_391' title='bbox 387 2429 419 2460; x_wconf 90' lang='lat' dir='ltr'>V</span> <span class='ocrx_word' id='word_1_392' title='bbox 445 2433 482 2462; x_wconf 89' lang='lat' dir='ltr'>et</span> <span class='ocrx_word' id='word_1_393' title='bbox 506 2427 601 2461; x_wconf 87' lang='lat' dir='ltr'>XIV.</span> <span class='ocrx_word' id='word_1_394' title='bbox 629 2427 755 2460; x_wconf 81' lang='lat' dir='ltr'>MAN</span> <span class='ocrx_word' id='word_1_395' title='bbox 758 2426 831 2460; x_wconf 92' lang='lat' dir='ltr'>UT.</span> <span class='ocrx_word' id='word_1_396' title='bbox 883 2446 926 2453; x_wconf 91' lang='lat'>——</span> <span class='ocrx_word' id='word_1_397' title='bbox 976 2430 1014 2460; x_wconf 83' lang='lat' dir='ltr'>ut</span> <span class='ocrx_word' id='word_1_398' title='bbox 1040 2426 1217 2469; x_wconf 70' lang='lat' dir='ltr'>exigeret,</span> <span class='ocrx_word' id='word_1_399' title='bbox 1244 2425 1315 2460; x_wconf 89' lang='lat' dir='ltr'>mit</span> <span class='ocrx_word' id='word_1_400' title='bbox 1340 2425 1423 2459; x_wconf 87' lang='lat' dir='ltr'>ihm</span> <span class='ocrx_word' id='word_1_401' title='bbox 1447 2428 1528 2461; x_wconf 85' lang='lat' dir='ltr'>aufs</span> <span class='ocrx_word' id='word_1_402' title='bbox 1554 2434 1678 2462; x_wconf 80' lang='lat' dir='ltr'>ernst-</span> 
     </span>
     <span class='ocr_line' id='line_1_45' title="bbox 195 2473 1676 2517; baseline -0.001 -6"><span class='ocrx_word' id='word_1_403' title='bbox 195 2478 337 2513; x_wconf 86' lang='lat' dir='ltr'>lichste</span> <span class='ocrx_word' id='word_1_404' title='bbox 363 2489 411 2510; x_wconf 88' lang='lat' dir='ltr'>zu</span> <span class='ocrx_word' id='word_1_405' title='bbox 435 2473 684 2510; x_wconf 85' lang='lat' dir='ltr'>verhandeln.</span> <span class='ocrx_word' id='word_1_406' title='bbox 735 2478 774 2508; x_wconf 78' lang='lat' dir='ltr'>ut</span> <span class='ocrx_word' id='word_1_407' title='bbox 799 2478 931 2517; x_wconf 80' lang='lat' dir='ltr'>ageret</span> <span class='ocrx_word' id='word_1_408' title='bbox 957 2474 1085 2508; x_wconf 88' lang='lat' dir='ltr'>Lamb.</span> <span class='ocrx_word' id='word_1_409' title='bbox 1113 2475 1183 2508; x_wconf 85' lang='lat' dir='ltr'>cfr.</span> <span class='ocrx_word' id='word_1_410' title='bbox 1211 2474 1399 2509; x_wconf 87' lang='lat' dir='ltr'>Gronovii</span> <span class='ocrx_word' id='word_1_411' title='bbox 1426 2474 1528 2509; x_wconf 76' lang='lat' dir='ltr'>obss.</span> <span class='ocrx_word' id='word_1_412' title='bbox 1554 2476 1591 2517; x_wconf 83' lang='grc'>4,</span> <span class='ocrx_word' id='word_1_413' title='bbox 1618 2478 1676 2515; x_wconf 86' lang='lat'>21.</span> 
     </span>
     <span class='ocr_line' id='line_1_46' title="bbox 192 2522 1677 2573; baseline -0.001 -14"><span class='ocrx_word' id='word_1_414' title='bbox 192 2539 229 2573; x_wconf 88' lang='lat' dir='ltr'>p.</span> <span class='ocrx_word' id='word_1_415' title='bbox 257 2528 336 2562; x_wconf 85' lang='grc'><strong>762.</strong></span> <span class='ocrx_word' id='word_1_416' title='bbox 362 2524 462 2569; x_wconf 81' lang='lat' dir='ltr'>Lips.</span> <span class='ocrx_word' id='word_1_417' title='bbox 493 2523 567 2558; x_wconf 73' lang='grc' dir='ltr'>ΟΒ.</span> <span class='ocrx_word' id='word_1_418' title='bbox 618 2522 704 2570; x_wconf 80' lang='lat' dir='ltr'>Vgl.</span> <span class='ocrx_word' id='word_1_419' title='bbox 733 2522 850 2556; x_wconf 88' lang='lat' dir='ltr'>Plinii</span> <span class='ocrx_word' id='word_1_420' title='bbox 874 2523 945 2569; x_wconf 88' lang='lat' dir='ltr'>Ep.</span> <span class='ocrx_word' id='word_1_421' title='bbox 974 2524 1019 2565; x_wconf 91' lang='lat' dir='ltr'>V,</span> <span class='ocrx_word' id='word_1_422' title='bbox 1048 2523 1102 2557; x_wconf 81' lang='lat'>12.</span> <span class='ocrx_word' id='word_1_423' title='bbox 1129 2522 1193 2563; x_wconf 82' lang='lat' dir='ltr'>lx,</span> <span class='ocrx_word' id='word_1_424' title='bbox 1218 2523 1275 2558; x_wconf 81' lang='lat'>28.</span> <span class='ocrx_word' id='word_1_425' title='bbox 1312 2540 1355 2546; x_wconf 89' lang='lat'><em>-</em></span> <span class='ocrx_word' id='word_1_426' title='bbox 1397 2522 1517 2566; x_wconf 75' lang='lat' dir='ltr'>ipsum</span> <span class='ocrx_word' id='word_1_427' title='bbox 1540 2522 1677 2567; x_wconf 73' lang='lat' dir='ltr'>iuvere,</span> 
     </span>
     <span class='ocr_line' id='line_1_47' title="bbox 192 2570 1676 2619; baseline -0.002 -11"><span class='ocrx_word' id='word_1_428' title='bbox 192 2586 232 2609; x_wconf 83' lang='lat' dir='ltr'>so</span> <span class='ocrx_word' id='word_1_429' title='bbox 260 2573 361 2608; x_wconf 86' lang='lat' dir='ltr'>wird</span> <span class='ocrx_word' id='word_1_430' title='bbox 387 2573 449 2606; x_wconf 84' lang='lat' dir='ltr'>das</span> <span class='ocrx_word' id='word_1_431' title='bbox 476 2572 557 2606; x_wconf 86' lang='lat' dir='ltr'>sein</span> <span class='ocrx_word' id='word_1_432' title='bbox 585 2571 720 2619; x_wconf 79' lang='lat' dir='ltr'>cigner</span> <span class='ocrx_word' id='word_1_433' title='bbox 745 2582 902 2618; x_wconf 80' lang='lat' dir='ltr'>grosser</span> <span class='ocrx_word' id='word_1_434' title='bbox 927 2570 1105 2606; x_wconf 83' lang='lat' dir='ltr'>Vortheil</span> <span class='ocrx_word' id='word_1_435' title='bbox 1132 2571 1235 2613; x_wconf 79' lang='lat' dir='ltr'>sein3</span> <span class='ocrx_word' id='word_1_436' title='bbox 1271 2582 1357 2604; x_wconf 86' lang='lat' dir='ltr'>nam</span> <span class='ocrx_word' id='word_1_437' title='bbox 1384 2570 1502 2616; x_wconf 86' lang='lat' dir='ltr'>ipsius</span> <span class='ocrx_word' id='word_1_438' title='bbox 1529 2583 1676 2617; x_wconf 87' lang='lat' dir='ltr'>quoque</span> 
     </span>
     <span class='ocr_line' id='line_1_48' title="bbox 193 2618 1677 2668; baseline -0.001 -12"><span class='ocrx_word' id='word_1_439' title='bbox 193 2622 410 2668; x_wconf 77' lang='lat' dir='ltr'>periculum</span> <span class='ocrx_word' id='word_1_440' title='bbox 437 2621 576 2668; x_wconf 84' lang='lat' dir='ltr'>agitur.</span> <span class='ocrx_word' id='word_1_441' title='bbox 627 2618 828 2654; x_wconf 75' lang='lat' dir='ltr'>MANUT.</span> <span class='ocrx_word' id='word_1_442' title='bbox 881 2619 1009 2654; x_wconf 87' lang='lat' dir='ltr'>indem</span> <span class='ocrx_word' id='word_1_443' title='bbox 1035 2619 1221 2653; x_wconf 83' lang='lat' dir='ltr'>Antonius</span> <span class='ocrx_word' id='word_1_444' title='bbox 1261 2618 1297 2653; x_wconf 87' lang='lat' dir='ltr'>ia</span> <span class='ocrx_word' id='word_1_445' title='bbox 1322 2618 1418 2653; x_wconf 87' lang='lat' dir='ltr'>auch</span> <span class='ocrx_word' id='word_1_446' title='bbox 1451 2619 1530 2654; x_wconf 78' lang='lat' dir='ltr'>sein</span> <span class='ocrx_word' id='word_1_447' title='bbox 1556 2620 1677 2655; x_wconf 76' lang='lat' dir='ltr'>Feind</span> 
     </span>
     <span class='ocr_line' id='line_1_49' title="bbox 193 2678 252 2705; baseline 0 -2"><span class='ocrx_word' id='word_1_448' title='bbox 193 2678 252 2705; x_wconf 72' lang='lat' dir='ltr'>ist.</span> 
     </span>
    </p>
   </div>
   <div class='ocr_carea' id='block_1_16' title="bbox 1716 2417 1743 2711">
    <p class='ocr_par' dir='ltr' id='par_1_16' title="bbox 1716 2417 1743 2711">
     <span class='ocr_line' id='line_1_50' title="bbox 1716 2417 1743 2711; textangle 90"><span class='ocrx_word' id='word_1_449' title='bbox 1726 2700 1734 2711; x_wconf 68' lang='lat' dir='ltr'>v</span> <span class='ocrx_word' id='word_1_450' title='bbox 1716 2671 1727 2682; x_wconf 65' lang='grc'><strong>“</strong></span> <span class='ocrx_word' id='word_1_451' title='bbox 1723 2456 1743 2638; x_wconf 41' lang='grc' dir='ltr'>«ἠως-θα»</span> <span class='ocrx_word' id='word_1_452' title='bbox 1730 2417 1737 2427; x_wconf 86' lang='grc'><em>.</em></span> 
     </span>
    </p>
   </div>
   <div class='ocr_carea' id='block_1_17' title="bbox 193 2714 1727 2816">
    <p class='ocr_par' dir='ltr' id='par_1_17' title="bbox 193 2708 1733 2816">
     <span class='ocr_line' id='line_1_51' title="bbox 289 2714 1677 2763; baseline -0.002 -11"><span class='ocrx_word' id='word_1_453' title='bbox 289 2720 322 2753; x_wconf 81' lang='grc'>8.</span> <span class='ocrx_word' id='word_1_454' title='bbox 375 2718 458 2751; x_wconf 78' lang='lat' dir='ltr'>bell.</span> <span class='ocrx_word' id='word_1_455' title='bbox 485 2716 627 2753; x_wconf 73' lang='lat' dir='ltr'>sustin..</span> <span class='ocrx_word' id='word_1_456' title='bbox 663 2715 739 2749; x_wconf 82' lang='lat' dir='ltr'>wir</span> <span class='ocrx_word' id='word_1_457' title='bbox 772 2715 920 2749; x_wconf 76' lang='lat' dir='ltr'>suchen</span> <span class='ocrx_word' id='word_1_458' title='bbox 956 2715 1133 2750; x_wconf 86' lang='lat' dir='ltr'>indessen</span> <span class='ocrx_word' id='word_1_459' title='bbox 1166 2721 1278 2749; x_wconf 87' lang='lat' dir='ltr'>unter</span> <span class='ocrx_word' id='word_1_460' title='bbox 1311 2715 1382 2749; x_wconf 82' lang='lat' dir='ltr'>den</span> <span class='ocrx_word' id='word_1_461' title='bbox 1416 2714 1677 2763; x_wconf 78' lang='lat' dir='ltr'>schwierigen</span> 
     </span>
     <span class='ocr_line' id='line_1_52' title="bbox 193 2763 1727 2816; baseline 0.001 -20"><span class='ocrx_word' id='word_1_462' title='bbox 193 2765 488 2800; x_wconf 68' lang='lat' dir='ltr'>Verha&#39;ltuissen</span> <span class='ocrx_word' id='word_1_463' title='bbox 515 2764 588 2799; x_wconf 86' lang='lat' dir='ltr'>den</span> <span class='ocrx_word' id='word_1_464' title='bbox 616 2764 736 2811; x_wconf 81' lang='lat' dir='ltr'>Krieg</span> <span class='ocrx_word' id='word_1_465' title='bbox 760 2763 1024 2799; x_wconf 83' lang='lat' dir='ltr'>hinzuhalten.</span> <span class='ocrx_word' id='word_1_466' title='bbox 1076 2782 1121 2789; x_wconf 94' lang='lat'>--</span> <span class='ocrx_word' id='word_1_467' title='bbox 1171 2774 1283 2809; x_wconf 79' lang='lat' dir='ltr'>neque</span> <span class='ocrx_word' id='word_1_468' title='bbox 1308 2764 1476 2809; x_wconf 62' lang='lat' dir='ltr'>expedit„</span> <span class='ocrx_word' id='word_1_469' title='bbox 1507 2764 1677 2816; x_wconf 45' lang='lat' dir='ltr'>Pacilem,</span> <span class='ocrx_word' id='word_1_470' title='bbox 1723 2764 1727 2765; x_wconf 48' lang='lat'><em>⁷</em></span> 
     </span>
    </p>
   </div>
   <div class='ocr_carea' id='block_1_18' title="bbox 1736 0 1765 221">
    <p class='ocr_par' dir='ltr' id='par_1_18' title="bbox 1736 0 1765 221">
     <span class='ocr_line' id='line_1_53' title="bbox 1736 0 1765 221; textangle 90"><span class='ocrx_word' id='word_1_471' title='bbox 1739 203 1754 221; x_wconf 50' lang='lat' dir='ltr'>*x</span> <span class='ocrx_word' id='word_1_472' title='bbox 1745 178 1752 188; x_wconf 73' lang='lat' dir='ltr'>r</span> <span class='ocrx_word' id='word_1_473' title='bbox 1736 0 1765 170; x_wconf 46' lang='lat' dir='ltr'>baaz-‘aq</span> 
     </span>
    </p>
   </div>
   <div class='ocr_carea' id='block_1_19' title="bbox 1748 13 1787 2593">
    <p class='ocr_par' dir='ltr' id='par_1_19' title="bbox 1748 13 1787 2593">
     <span class='ocr_line' id='line_1_54' title="bbox 1748 13 1787 2593; baseline 0 0"><span class='ocrx_word' id='word_1_474' title='bbox 1748 13 1787 2593; x_wconf 95' lang='lat' dir='ltr'> </span> 
     </span>
    </p>
   </div>
  </div>
 </body>
</html>
