1795 3086
530 83 843 128 EPISTOLA
872 84 1105 130 Dccxx.
1445 82 1529 130 127

61 203 107 239 te
136 195 283 248 volui3
333 197 372 237 si
401 194 518 237 forte
546 195 667 237 idem
694 199 758 243 tu,
795 198 916 251 quod
946 195 1380 252 ego,'existimare8,
1419 196 1531 237 istos

60 253 197 294 etiam
227 265 343 293 nunc
385 249 543 300 vereri,
582 265 638 293 ne
677 251 794 294 forte
835 252 922 306 ipsi
961 254 1101 296 nostri
1139 253 1240 308 plus
1276 251 1413 294 animi
1452 251 1529 293 ha-

63 309 209 360 beant,
239 320 367 363 quam
396 307 570 349 habent.
1500 328 1503 331 >

476 408 682 443 HIRTIUS
709 408 944 444 CICERONI
971 408 1062 442 SUO
1090 409 1125 442 S.

174 471 328 524 „Rure
356 471 446 512 iam
475 471 703 523 redierim,
732 472 922 526 quaeris.
981 470 1050 511 An
1075 482 1173 522 ego,
1211 486 1344 524 quum
1379 484 1530 514 omnes
1569 475 1594 514 2

61 527 254 579 caleant,
303 525 523 581 ignaviter
559 527 734 581 aliquid
763 526 952 568 faciam?
1009 524 1160 566 Etiam
1199 539 1257 566 ex
1294 529 1402 568 urbe
1439 540 1534 569 sum

67 583 308 637 profectus.
367 581 538 622 Utilius
567 584 685 623 enim
722 582 861 624 statui
900 583 1065 622 abesse.
1124 579 1219 621 Has
1259 582 1344 622 tibi
1381 584 1534 625 literas

63 639 220 679 exiens
246 638 291 677 in
320 637 619 679 Tusculanum
648 638 825 693 scripsi.
892 636 1001 679 Noli
1029 639 1175 677 autem
1203 649 1273 676 me
1303 641 1394 677 tam
1422 643 1535 680 stre-

64 707 196 733 nuum
225 697 395 747 putare,
439 697 489 734 ut
528 694 584 734 ad
622 694 773 735 Nonas
812 706 1052 734 recurram.
1124 690 1255 733 Nihil
1292 693 1407 733 enim
1445 695 1535 736 iam

62 749 194 789 video
225 762 331 802 opus
361 762 456 790 esse
486 753 637 790 nostra
666 763 794 790 cura:
843 748 1048 803 quoniam
1089 747 1317 801 praesidia
1353 752 1455 791 sunt
1490 750 1536 790 in

61 808 128 844 tot
157 817 293 845 annos
322 804 515 858 provisa.
584 804 751 845 Brutus
781 808 825 844 et
854 804 1037 844 Cassius
1077 803 1259 857 utinam,
1299 816 1432 858 quam
1468 804 1533 844 fa-

63 859 153 900 cile
183 872 207 898 a
236 864 280 900 te
309 861 366 901 de
395 874 464 901 me
492 860 731 914 impetrare
760 864 955 914 possunt,
1000 860 1063 900 ita
1093 872 1173 912 per
1198 863 1243 900 te
1280 863 1538 906 exorentur,

2 1014 3 1020 ¹
63 977 92 1018 §.
117 978 199 1018 206,
225 977 265 1017 Β,
292 978 327 1019 6,
353 987 383 1009 c.
412 996 453 1002 —
481 977 516 1009 si
541 991 589 1009 z
614 974 659 1018 εἰ,
688 977 779 1020 ob;“
815 979 994 1025 erganze:
1043 987 1136 1020 „um
1162 987 1209 1009 zu
1235 976 1426 1020 erfahren,
1452 977 1537 1011 ob“.

64 1044 106 1050 —
129 1024 230 1062 istos,
257 1024 508 1058 Caesarianos.
560 1044 603 1049 -
657 1027 785 1065 nostri,
819 1027 868 1058 M.
894 1026 1042 1063 Brutus,
1077 1025 1117 1059 C.
1143 1024 1301 1058 Cassius.
1346 1024 1381 1058 S.
1408 1037 1456 1058 zu
1481 1036 1538 1070 ep-

2 1070 3 1074 *
62 1073 144 1113 718,
169 1073 205 1107 3.
233 1091 275 1095 —
301 1071 526 1112 HIRTIUS,
551 1072 714 1105 Cicero’s
741 1072 900 1120 College
922 1073 973 1105 im
1000 1072 1190 1119 Augurate
1217 1072 1536 1118 (s.Philipp.V11‚

63 1121 116 1160 Δ.)
141 1119 219 1152 und
245 1117 409 1153 Schiiler
433 1119 485 1152 im
511 1119 640 1154 Reden
677 1120 740 1161 (ad
774 1120 920 1156 Divers.
947 1120 1032 1160 VII,
1057 1122 1148 1162 33.),
1192 1122 1259 1155 711
1293 1120 1433 1154 Consul
1468 1121 1540 1155 mit

2 1178 4 1185 ·
63 1168 192 1209 Pansa,
219 1166 320 1199 blieb
347 1166 406 1200 bei
432 1167 583 1200 Modena
611 1167 663 1199 im
689 1167 848 1213 Kampfe
874 1167 943 1200 mit
969 1168 1153 1201 Antonius
1180 1167 1224 1208 (5.
1259 1167 1427 1214 Philipp.
1454 1168 1538 1211 Vn,

64 1216 98 1250 4.
125 1214 170 1247 ad
195 1214 342 1248 Divers.
369 1214 413 1256 X,
438 1215 524 1256 33),
572 1214 629 1247 Er
652 1214 717 1248 hat
749 1227 797 1248 zu
836 1215 965 1248 C’asars
1000 1214 1230 1249 Geschichte
1263 1215 1310 1250 de
1345 1216 1384 1249 B.
1426 1215 1538 1250 civil.

2 1269 5 1286 ²
63 1262 127 1295 das
153 1261 263 1295 achte
288 1261 391 1294 Buch
417 1260 672 1309 hinzugeftigt
698 1262 773 1295 und
797 1261 847 1295 ist
870 1263 1066 1295 Verfasser
1096 1262 1160 1296 des
1193 1263 1291 1297 Bell.
1319 1263 1441 1302 Alex.‚
1473 1265 1538 1298 ob·

62 1309 192 1358 gleich
217 1309 369 1343 Sueton.
396 1309 496 1343 Caes.
522 1312 568 1344 56
593 1315 688 1357 sagt,
714 1321 801 1343 man
826 1309 920 1344 habe
947 1309 1180 1358 gczweifelt,
1210 1310 1256 1343 ob
1283 1322 1324 1344 er
1348 1310 1439 1345 oder
1464 1311 1536 1357 Op·

62 1358 145 1403 pius
171 1357 231 1391 das
255 1357 412 1390 letztere
437 1356 566 1392 Werk
591 1357 855 1405 geschrieben.

56 1415 59 1417 ·
97 1431 104 1435 -
158 1406 190 1440 2.
240 1405 341 1437 Rure
365 1404 451 1439 iam.
486 1406 581 1438 Man.
610 1407 745 1440 Mur-et.
790 1406 887 1439 Rure
912 1415 968 1439 an.
999 1405 1193 1440 ORELLI.
1222 1425 1263 1431 —
1290 1417 1393 1451 quum
1419 1418 1540 1441 omnes

63 1453 220 1492 caleant,
249 1452 293 1485 da
317 1451 401 1485 Alle
427 1464 464 1486 es
490 1463 530 1486 so
558 1452 653 1501 eilig
678 1453 802 1487 haben
835 1454 966 1495 (n‘ciml.
993 1466 1039 1487 zu
1065 1453 1248 1497 fliehen.).
1310 1455 1436 1489 Iocose
1480 1455 1538 1489 di-

63 1508 175 1535 ctum.
201 1501 349 1545 Nempe
375 1500 553 1533 Kalendis
579 1500 697 1534 Iuniis
724 1502 810 1544 (cfr.
839 1512 897 1545 ep.
925 1503 1006 1544 794,
1032 1503 1094 1543 4.),
1129 1503 1262 1546 quibus
1288 1502 1472 1537 Antonius
1499 1510 1539 1537 ut

63 1555 250 1583 senatores
274 1548 446 1581 adessent
471 1548 650 1588 edixerat,
688 1549 857 1582 consules
883 1549 1082 1597 designati,
1126 1561 1286 1595 quorum
1319 1562 1412 1584 unus
1446 1551 1538 1584 Hir-

5 1615 7 1625 Α
65 1598 139 1630 tius
166 1602 260 1637 erat,
283 1602 513 1642 negaverant
539 1607 576 1628 se
602 1595 738 1630 audere
761 1596 803 1629 in
827 1604 995 1631 senatum
1021 1598 1152 1632 venire
1189 1598 1374 1644 (Philipp.
1406 1602 1437 1639 l,
1466 1601 1536 1643 2.);

6 1636 7 1670 ἶ
65 1644 239 1690 plerique
263 1650 388 1676 autem
413 1649 603 1677 senatores
629 1642 874 1691 diffugerant.
926 1645 1058 1679 Cicero
1084 1646 1164 1692 ipse
1190 1646 1236 1680 ad
1260 1647 1391 1680 urbem
1417 1658 1539 1682 acces·

64 1693 154 1726 sisse
181 1701 256 1724 non
281 1691 444 1733 videtur,
479 1702 702 1736 quamquam
739 1691 908 1738 Philipp.
945 1694 995 1735 11,
1021 1695 1067 1729 42
1098 1694 1152 1728 sic
1189 1695 1378 1739 loquitur:
1430 1696 1538 1737 „Ka-

64 1739 179 1773 lendis
204 1738 335 1778 Inniis,
369 1749 473 1782 quum
496 1740 536 1771 in
561 1744 732 1780 senatum,
770 1743 809 1773 ut
834 1745 914 1774 erat
939 1742 1180 1784 constitutum,
1213 1743 1336 1775 venire
1358 1742 1539 1786 vellemus,

63 1791 159 1821 metu
188 1786 383 1830 perterriti
416 1787 672 1829 dzjffitgimusf‘
729 1788 827 1822 Nam
861 1788 894 1821 si
927 1789 1007 1834 ipse
1040 1789 1215 1823 Kalendis
1247 1789 1368 1823 Iuniis
1404 1790 1540 1825 Romae

64 1835 208 1876 fuisset,
234 1840 337 1869 certe
363 1834 483 1868 Hirtii
509 1835 668 1880 epistola
696 1846 786 1881 opus
820 1847 895 1870 non
929 1837 1072 1876 fuisset,
1100 1843 1140 1871 ut
1165 1838 1357 1880 Ciceroni,
1401 1850 1438 1873 se
1464 1838 1538 1872 iam

65 1894 109 1916 ex
142 1881 233 1915 urbe
266 1883 495 1928 profectum,
530 1883 777 1932 significaret.
827 1884 974 1918 Hirtius
1009 1885 1130 1932 igitur
1154 1885 1226 1920 hoc
1249 1886 1410 1921 innuere
1436 1887 1541 1922 vide-

64 1937 149 1964 tur:
194 1930 314 1973 Quum
347 1936 403 1964 tot
435 1930 502 1963 alii
529 1931 678 1965 fortiter
710 1943 756 1965 ex
782 1932 873 1965 urbe
906 1932 1144 1980 diffugerint,
1189 1945 1257 1979 ego
1283 1940 1359 1968 tam
1384 1934 1543 1983 ignavus

65 1989 195 2020 essem,
221 1984 262 2012 ut
286 1978 336 2011 ibi
364 1978 565 2012 sederem?
616 1997 660 2003 —
710 1979 832 2013 Etiam
857 1987 943 2023 cet,
983 1980 1047 2014 ich
1084 1980 1180 2015 habe
1217 1982 1322 2016 mich
1347 1983 1444 2016 auch
1468 1995 1542 2018 von

66 2027 133 2061 der
156 2025 264 2060 stadt
287 2027 564 2074 weg-gemacht.
604 2045 647 2051 —
685 2028 826 2071 utilius,
853 2028 1066 2076 eigentlich
1091 2029 1219 2064 tutius.
1268 2050 1310 2056 —
1350 2034 1423 2064 tam
1449 2035 1541 2066 stre-

66 2085 182 2116 nuum,
208 2075 269 2107 fiir
294 2085 332 2108 so
358 2075 594 2115 betriebsam‚
619 2075 791 2109 beherzt.
841 2095 888 2102 —
936 2081 973 2110 ut
999 2077 1048 2110 ad
1070 2077 1198 2111 Nonas
1232 2078 1387 2113 Romam
1414 2091 1541 2113 recur-

67 2133 161 2164 ram,
197 2121 304 2165 „dass
330 2121 394 2156 ich
419 2135 478 2156 am
511 2124 545 2158 5.
582 2123 744 2166 (Iunius)
781 2124 877 2158 nach
909 2124 1005 2159 Rom
1037 2126 1310 2160 zuriicklaufen
1341 2127 1541 2172 mochte;‘⁴

66 2169 296 2218 ungeachtet
340 2171 405 2203 auf
434 2170 562 2204 diesen
596 2170 678 2220 Tag
718 2172 803 2206 eine
845 2184 939 2207 neue
971 2172 1374 2222 Rathsversammlung
1404 2188 1540 2225 wegen

67 2217 322 2265 Austheilung
355 2217 423 2251 der
454 2220 666 2254 Provinzen
696 2228 875 2267 angesagt
914 2232 1004 2262 war,
1046 2221 1224 2256 woriiber
1257 2222 1391 2257 iedoch
1430 2224 1541 2259 Casar

67 2265 185 2300 schon
209 2266 273 2299 auf
295 2266 392 2300 zwei
417 2267 527 2300 Iahre
554 2267 686 2300 hinaus
713 2268 899 2316 vorl'aufig
925 2268 1166 2304 entschieden
1192 2270 1307 2305 hatte.
1353 2290 1395 2296 —-
1432 2283 1537 2316 quon·

69 2313 144 2346 iam
169 2336 178 2345 .
208 2339 216 2346 .
243 2338 250 2345 .
278 2314 436 2356 provisa,
463 2315 554 2349 weil
580 2315 638 2348 die
672 2316 1116 2366 Landerverwaltungen
1142 2318 1260 2352 sehon
1286 2321 1352 2353 auf
1373 2330 1413 2353 so
1441 2320 1538 2353 viele

71 2360 179 2394 Iahre
213 2361 377 2409 besorgt,
414 2362 644 2409 ausgetheilt
682 2364 776 2397 sind.
827 2364 960 2398 Caesar
994 2365 1069 2398 iam
1102 2367 1140 2398 in
1172 2366 1468 2412 quinquennium
1502 2374 1540 2402 et

69 2408 224 2442 urbanos
259 2415 295 2442 et
327 2410 579 2454 provinciales
615 2411 851 2456 magistratus
886 2424 1087 2458 omnesque
1121 2413 1324 2462 dignitates
1360 2422 1395 2449 et
1430 2426 1537 2459 prae-

70 2456 232 2489 fecturas
258 2457 494 2490 exercituum
521 2459 771 2499 ordinaverat,
803 2461 901 2494 sicut
936 2461 1121 2495 Antonius
1162 2462 1258 2496 dixit
1292 2463 1332 2495 in
1368 2463 1537 2497 oratione

70 2514 196 2537 coram
223 2510 350 2537 senatu
374 2504 512 2540 habita.
559 2507 641 2539 Vid.
679 2507 837 2552 Appian.
861 2509 974 2542 XLII.
1011 2509 1161 2543 Sueton.
1198 2510 1273 2544 lul.
1300 2512 1356 2544 76.
1403 2510 1536 2544 Cicero

69 2557 192 2584 autem
229 2562 285 2595 ep.
313 2552 381 2586 685
413 2554 545 2588 scribit
574 2555 813 2601 magistratus
850 2568 870 2589 a
905 2556 1059 2590 Caesare
1095 2558 1220 2602 paucis
1254 2556 1395 2599 diebus,
1434 2565 1536 2592 ante-

71 2610 181 2642 quam
207 2598 451 2641 occideretur,
478 2602 516 2634 in
544 2602 735 2636 biennium
761 2602 971 2650 designatos
999 2605 1123 2638 fuisse.
1159 2605 1346 2646 praesidia
1372 2606 1537 2641 benennt

69 2646 215 2679 Hirtius
242 2645 340 2679 diese
366 2648 620 2694 magistratus,
655 2650 748 2683 weil
774 2650 885 2684 C'a'sar
909 2651 991 2685 sich
1016 2651 1185 2684 (ladurch
1220 2652 1425 2698 gleichsam
1453 2655 1535 2688 eine

69 2693 137 2727 Art
154 2693 277 2728 Garde
303 2693 397 2727 habe
423 2695 546 2729 bilden
572 2697 727 2737 wollen,
753 2697 813 2731 die
838 2710 913 2731 nun
939 2699 1122 2733 Antonius
1147 2710 1193 2731 an
1219 2699 1301 2733 sich
1327 2713 1374 2734 zu
1398 2702 1535 2736 sesseln

70 2740 209 2775 suchte.
236 2762 276 2768 -
305 2752 326 2775 a
353 2746 385 2775 te
409 2743 450 2776 de
477 2755 542 2785 me,
576 2744 696 2778 durch
722 2745 841 2780 Deine
866 2746 1102 2792 Fiirsprache
1127 2757 1200 2780 von
1227 2748 1311 2781 mir.
1349 2770 1389 2776 —
1424 2750 1536 2793 impc-
