1795 3086
491 76 805 122 EPISTOLA
835 75 1105 120 DcchV.
1471 68 1562 117 381

272 209 591 253 EPISTOLA
620 208 888 252 DCCCLV.
947 209 1021 261 (ad
1051 207 1157 250 Div.
1187 204 1250 249 X.
1279 204 1369 255 24.)

227 286 306 319 scr.
336 287 375 319 in
400 286 530 320 castris
555 285 597 319 v,
622 284 702 318 Kal.
728 283 828 318 sext.
865 284 907 318 Α.
935 284 980 318 U.
1008 283 1048 318 c.
1075 285 1156 319 711.
1206 283 1254 325 (a.
1279 280 1320 315 c.
1347 280 1419 321 43.)

84 353 285 386 Memorem
313 365 351 386 se
377 352 645 386 beneficiorum
669 351 901 396 pollicetur3
929 363 1010 386 suas
1037 351 1160 395 copias
1178 354 1330 391 narrat3
1358 345 1565 381 subsidium

83 401 294 434 Caesariani
320 407 382 434 aut
408 401 581 434 Africani
608 399 798 434 exercitus
824 399 958 444 poscit,
995 399 1243 434 Octavianum
1278 403 1319 431 ut
1346 407 1481 443 parum
1507 396 1566 430 rei

474 448 652 494 publicae
677 453 864 481 amantem
891 447 1026 493 carpit.
1064 447 1171 482 1—8.

309 535 532 571 PLANCUS
560 536 655 569 ΙΜΡ.
684 535 790 570 COS.
816 534 923 571 DES.
950 533 987 568 S.
1015 534 1060 568 D.
1086 531 1335 567 CICERONI.

194 605 364 646 Facere
394 617 483 645 non
513 617 716 659 possum,
762 603 870 658 quin
912 602 958 643 in
987 601 1185 655 singulas
1215 614 1287 641 res
1317 598 1567 653 meritaque

82 664 158 700 tua
186 661 271 700 tibi
300 659 472 714 gratias
503 673 644 714 agam.
704 659 794 701 Sed
823 658 1099 700 mehercules
1120 656 1240 697 facio
1262 669 1362 697 cum
1382 655 1567 710 pudore.

84 715 240 769 Neque
278 717 394 756 enim
434 720 557 756 tanta
594 715 904 766 necessitudo,
944 717 1153 767 quantam
1191 716 1242 753 tu
1278 710 1394 752 mihi
1423 716 1569 752 tecum

86 785 181 811 esse
211 772 414 823 voluisti,
446 771 704 813 desiderare
734 771 913 811 videtur
942 768 1190 825 gratiarum
1221 767 1463 809 actionem:
1492 780 1568 807 ne-

84 841 169 882 que
210 841 293 882 ego
333 829 539 868 lubenter
582 841 663 882 pro
702 826 913 867 maximis
954 823 1046 866 tuis
1083 823 1319 865 benefieiis
1360 827 1451 865 tam
1480 822 1568 864 vili

84 897 266 924 munere
298 883 521 937 defungor
550 881 792 923 orationis:
823 885 868 922 et
896 881 1012 921 malo
1033 893 1245 934 praesens
1268 879 1569 929 observantia,

88 939 383 994 indulgentia,
413 937 691 989 assiduitate,
711 950 950 978 memorem
971 950 1042 977 me
1064 936 1148 977 tibi
1168 935 1372 990 probare.
1433 933 1570 983 Quod

87 996 126 1034 si
167 995 283 1035 mihi
319 995 415 1036 vita
455 992 726 1048 contigerit,
772 1006 925 1034 omnes
975 995 1125 1046 gratas
1176 990 1397 1032 amicitias
1438 994 1571 1045 atque

87 1051 222 1091 etiam
251 1050 348 1105 pias
380 1049 738 1104 propinquitates
769 1048 814 1089 in
844 1053 919 1089 tua
945 1047 1243 1093 observantia,
1272 1046 1571 1101 indulgentia,

88 1107 352 1147 assiduitate
382 1108 575 1148 vincam.
633 1108 774 1146 Amor
803 1104 922 1146 enim
950 1108 1054 1146 tuus
1084 1116 1136 1145 ac
1164 1102 1384 1144 iudicium
1415 1103 1471 1144 de
1500 1117 1572 1144 me

87 1167 236 1202 utrum
266 1162 379 1203 mihi
418 1164 520 1217 plus
559 1160 794 1215 dignitatis
835 1160 882 1200 in
911 1163 1197 1214 perpetuum,
1236 1172 1293 1200 an
1320 1159 1570 1213 voluptatis

86 1218 289 1272 quotidie
319 1220 380 1259 sit
409 1219 646 1264 allaturus,
688 1229 777 1257 non
815 1215 953 1257 facile
992 1214 1204 1256 dixerim.
1271 1214 1344 1256 De
1373 1214 1572 1256 militum

88 1275 335 1315 commodis
366 1273 454 1314 fuit
482 1273 567 1314 tibi
596 1285 754 1321 curae3
790 1285 902 1326 quos
942 1285 1026 1326 ego
1066 1284 1154 1313 non
1191 1269 1417 1325 potentiae
1445 1284 1571 1313 meae

89 1343 223 1371 causa
249 1354 304 1360 —
346 1328 463 1369 nihil
494 1329 615 1369 enim
643 1341 712 1368 me
740 1341 828 1368 non
857 1326 1120 1368 salutariter
1159 1327 1362 1380 cogitare
1392 1326 1489 1367 scio
1519 1348 1574 1357 —

89 1386 242 1427 ornari
271 1386 397 1427 volui
427 1398 453 1425 a
480 1388 660 1434 senatu3
691 1383 771 1424 sed
800 1383 1014 1438 primum,
1045 1381 1167 1437 quod
1195 1380 1261 1423 ita
1287 1381 1475 1423 meritos
1504 1382 1573 1424 iu-

90 1443 315 1483 dicabam:
352 1440 530 1487 deinde,
559 1439 681 1495 quod
711 1439 767 1480 ad
797 1452 948 1481 omnes
978 1452 1107 1480 casus
1138 1437 1474 1480 coniunctiores
1504 1440 1574 1480 rei

90 1498 296 1553 publicae
336 1511 433 1539 esse
470 1497 701 1539 volebam:
739 1495 997 1548 novissime,
1036 1498 1086 1536 ut
1125 1495 1179 1535 ab
1219 1493 1341 1536 omni
1379 1494 1574 1536 omnium

91 1554 415 1597 sollicitatione
456 1566 639 1595 aversos
679 1565 754 1593 eos
793 1552 906 1593 tales
944 1549 1072 1593 vobis
1117 1553 1347 1606 praestare
1385 1563 1576 1607 possem,

194 1724 226 1755 l.
254 1721 390 1755 Facere
414 1730 483 1753 non
506 1727 665 1762 possum,
695 1714 791 1761 quin,
818 1726 856 1749 es
884 1714 932 1749 ist
958 1714 1035 1748 mir
1058 1713 1288 1761 unmb'glich
1314 1740 1322 1748 .
1351 1744 1360 1752 ,
1386 1714 1496 1750 nicht
1513 1727 1574 1750 zu.

96 1791 138 1797 —-
167 1770 202 1802 in
227 1772 323 1813 sing.
351 1776 394 1803 st.
420 1778 493 1814 pro
518 1766 681 1813 singulis
707 1764 817 1798 rebus
843 1762 1068 1807 meritisque
1095 1763 1181 1797 tuis.
1202 1782 1248 1788 -
1272 1763 1357 1805 Sed,
1382 1763 1460 1797 und
1481 1763 1575 1797 den-

94 1818 207 1853 noch.
235 1839 276 1844 —
302 1816 486 1857 maximis,
511 1816 642 1861 Margo
669 1813 769 1847 Crat.
794 1812 950 1845 eximiis.
980 1811 1052 1845 ΟΒ.
1081 1830 1124 1836 -
1167 1811 1358 1854 defungor
1381 1811 1577 1854 orationis,

95 1868 171 1901 und
196 1866 339 1900 andern
365 1864 497 1898 Theils
523 1874 611 1910 mag
637 1861 702 1895 ich
736 1860 846 1895 nicht
870 1871 989 1908 gerne
1015 1861 1080 1892 fiir
1105 1858 1167 1894 die
1191 1859 1383 1895 h'dchsten
1406 1860 1575 1895 Beweise

96 1917 237 1951 Doiner
268 1911 548 1947 Freundschaft
587 1911 659 1943 mit
692 1909 817 1943 einem
861 1919 900 1942 so
937 1907 1163 1941 schlechten
1206 1907 1575 1956 Gegengeschenke,

96 1966 161 1998 das
201 1964 297 1997 bloss
326 1962 366 1995 in
392 1961 559 1996 Worten
584 1957 753 1996 besteht‚
789 1956 894 1990 mich
927 1955 1112 1989 abfinden.
1161 1956 1351 1999 deficngar
1384 1955 1575 1991 Gebhard.

99 2032 142 2038 ——
168 2021 355 2055 praesens,
380 2007 615 2055 personlich.
642 2025 686 2031 —
711 2004 956 2048 indulgentia,
981 2004 1106 2038 studio
1132 2003 1362 2049 obsequendi
1385 2005 1427 2037 in
1453 2005 1579 2039 omni-

100 2062 165 2094 bus
189 2060 311 2099 rebus,
338 2056 459 2091 durch
485 2054 758 2102 Ergebenheit.
786 2052 915 2087 Lamb.
941 2052 1150 2094 diligentia.
1174 2070 1221 2077 —-
1254 2063 1461 2096 memorem,
1488 2064 1577 2100 gra-

100 2116 190 2144 tum.
219 2126 261 2132 --
313 2107 389 2139 vita
415 2105 576 2151 longior.
605 2125 647 2129 —
697 2106 831 2145 gratas
856 2112 924 2135 am.
946 2125 954 2133 .
976 2125 984 2134 .
1008 2100 1093 2144 pias
1115 2111 1224 2144 prop.
1251 2107 1297 2134 st.
1326 2108 1455 2149 gratos
1481 2102 1577 2134 ami-

99 2169 160 2192 cos
189 2182 195 2189 .
223 2182 230 2188 .
256 2155 339 2200 pios
365 2154 542 2199 propinq.
578 2152 703 2185 Abstr.
740 2161 812 2195 pro
846 2149 1021 2184 Concret.
1073 2152 1136 2182 tua
1160 2163 1211 2180 z
1243 2149 1300 2182 tui
1325 2150 1576 2184 observantia.

99 2206 137 2240 S.
164 2203 315 2238 Ramsh.
343 2202 373 2244 ξ.
400 2202 475 2236 15⁵3.
506 2203 539 2234 4.
566 2200 612 2234 Ν.
637 2202 670 2235 3.
710 2199 862 2241 indulg.,
887 2197 1015 2232 Lamb.
1041 2196 1246 2239 diligentia.
1272 2197 1400 2242 „Mira
1425 2198 1576 2233 omnino

93 2254 164 2288 ista
190 2251 411 2296 repetitio.“
454 2249 529 2282 ΟΒ.

193 2317 226 2351 2.
263 2314 307 2347 (Ie
337 2312 495 2346 militum
530 2309 747 2350 commodis,
782 2307 843 2342 die
878 2306 1107 2356 Belohnung
1141 2306 1291 2341 meiner
1316 2306 1480 2355 Krieger
1510 2305 1578 2341 hat

102 2365 172 2400 Dir
196 2375 256 2398 am
282 2361 435 2394 Herzen
461 2358 635 2406 gelegen.
687 2355 892 2391 Commoda
930 2355 1088 2402 proprie
1125 2355 1307 2389 dicuntur
1339 2355 1380 2388 in
1406 2366 1446 2388 re
1473 2355 1578 2388 mili-

102 2413 176 2447 tari
203 2412 298 2446 dona
324 2415 361 2443 et
385 2406 564 2454 praemia,
591 2417 684 2450 quae
710 2403 897 2438 militibus
923 2410 1076 2448 praeter
1097 2403 1329 2450 stipendium
1344 2403 1577 2438 tribuuntur.

104 2460 209 2495 Ovid.
244 2459 290 2492 de
316 2458 397 2490 Art.
424 2456 506 2489 Am.
541 2455 574 2495 1,
612 2455 700 2488 130:
735 2453 888 2487 Romule
922 2452 1099 2486 militibus
1133 2452 1238 2486 scisti
1268 2453 1359 2487 dare
1392 2452 1578 2485 commoda

103 2509 212 2542 solus.
241 2505 430 2541 GRAEV.
467 2503 600 2537 Cicero
622 2501 721 2546 apud
739 2506 909 2534 senatum
935 2500 1160 2540 obtinuerat,
1186 2505 1228 2534 ut
1239 2499 1427 2534 militibus
1447 2499 1579 2534 Planci

101 2563 261 2602 propter
289 2554 401 2588 fidem
441 2552 480 2584 in
513 2563 594 2584 rem
621 2549 810 2594 publicam
847 2548 971 2583 honor
996 2548 1212 2583 haberetur.
1265 2567 1308 2573 —
1358 2551 1496 2592 potent.
1534 2559 1578 2581 m.

102 2615 224 2645 causa,
251 2614 314 2635 um
340 2601 490 2635 meinen
518 2600 678 2647 eigenen
695 2598 860 2631 Einfluss
887 2609 933 2630 zu
953 2597 1216 2644 vergriissern.
1240 2614 1282 2620 -
1309 2606 1377 2629 non
1401 2597 1578 2630 salutari-

103 2659 159 2687 ter
186 2665 233 2681 :—
260 2657 392 2684 contra
417 2648 575 2681 salutem
601 2645 804 2691 publicam.
854 2645 926 2678 scis
951 2644 1119 2678 Nodellii
1145 2650 1182 2678 et
1206 2643 1375 2680 Weiskii
1400 2645 1578 2690 suspicio.

103 2721 150 2726 --
175 2702 223 2734 ad
246 2710 335 2733 omn.
362 2708 448 2735 cas.‚
474 2697 540 2730 auf
563 2695 638 2728 alle
664 2694 779 2727 F'a'llo.
830 2711 873 2717 —-
925 2692 1016 2726 coni.
1043 2692 1102 2725 rei
1125 2703 1175 2736 p.‚
1212 2704 1260 2726 an
1290 2692 1351 2726 die
1386 2692 1578 2737 Republik

103 2751 221 2784 foster
246 2747 437 2794 gesesselt.
467 2764 506 2770 —
536 2744 581 2778 ab
608 2744 704 2777 ovini
729 2754 760 2776 ο.
787 2742 904 2776 sollic.
934 2751 1091 2779 αιένεοε,
1119 2751 1188 2775 vor
1212 2740 1312 2775 aller
1328 2740 1578 2787 Versiihrung
