1795 3086
270 104 587 148 EPISTOLA
617 104 942 149 DCCCXXV.
973 107 1322 151 DcchXVI.
1473 106 1565 155 321

81 215 309 256 hominum
376 215 741 258 adversariorum
805 218 1070 260 seditiosum
1125 222 1170 261 et
1226 219 1561 263 inertissimum.

76 285 151 313 xn.
183 271 371 314 Kalend.
402 272 514 319 Iun„
542 271 784 314 Vercellis.

211 460 528 503 EPISTOLA
559 458 914 503 DCCCXXVI.
974 461 1052 513 (ad
1081 461 1188 505 Div.
1231 463 1293 506 X.
1332 463 1423 515 34.)

143 534 225 571 Ser.
253 536 295 570 in
319 536 452 571 castris
479 536 524 570 ad
550 542 718 627 pontem(
731 543 955 627 argenggqm
980 537 1043 571 XI.
1069 537 1154 573 Kal.
1181 538 1263 572 Iun.
1300 539 1344 574 A.
1372 540 1417 574 U.
1446 540 1487 574 C.

720 596 750 617 a·
811 610 819 617 .
895 610 902 618 .

70 650 221 693 Narrat,
255 651 421 684 Antonio
454 650 682 685 adveniente
716 650 808 695 quid
835 651 967 697 egerit,
1011 657 1048 685 et
1084 651 1164 699 agit
1199 653 1339 700 gratias
1366 654 1558 696 Ciceroni,

246 698 346 744 quod
372 698 514 743 iniquis
540 699 585 733 de
612 711 650 733 se
677 698 893 734 rumoribus
921 710 994 734 non
1019 699 1241 734 crediderit.
1281 703 1383 736 1-3.

164 769 375 805 LEPIDUS
410 771 508 806 IMP.
548 770 1007 854 ITER.C{³gFl}I¹F1¹6NIlilAX.
1049 770 1083 805 S.
1119 772 1162 807 D.
1198 774 1246 806 M.
1280 771 1463 808 TULLIO

183 885 229 928 S.
261 886 318 927 V.
348 886 399 928 B.
430 886 485 928 E.
516 887 570 927 E.
602 885 660 927 V.
721 884 868 934 Quum
909 886 1135 929 audissem
1177 888 1420 930 Antonium
1460 904 1560 931 cum

70 942 163 983 suis
193 941 348 997 copiis,
378 943 623 996 praemisso
652 941 706 981 L.
737 941 934 983 Antonio
964 956 1065 984 cum
1094 948 1220 998 parte
1241 946 1482 1000 equitatus,
1512 946 1560 986 in

70 997 349 1051 provinciam
378 1010 519 1038 meam
548 997 714 1044 venire,
741 1011 842 1039 cum
872 1000 1078 1040 exercitu
1106 1014 1206 1041 meo
1229 1002 1282 1041 ab
1303 1001 1559 1043 confluente

14 1102 15 1107 Ἰ
69 1051 289 1094 Rhodano
320 1057 468 1094 castra
504 1053 625 1094 movi
655 1067 708 1094 ac
737 1059 894 1094 contra
922 1068 997 1096 eos
1027 1055 1181 1097 venire
1211 1056 1403 1098 institui.
1465 1058 1559 1099 Ita—

69 1122 156 1162 que
186 1108 408 1150 continuis
438 1108 677 1149 itineribus
716 1108 772 1149 ad
800 1110 966 1151 Forum
997 1110 1194 1152 Voconii
1231 1114 1333 1153 veni
1364 1117 1407 1154 et
1436 1114 1558 1154 ultra

69 1169 217 1205 castra
246 1165 303 1205 ad
333 1164 497 1205 flumen
527 1165 795 1218 Argenteum
831 1171 989 1206 contra
1016 1165 1294 1209 Antonianos
1333 1167 1438 1211 feci.
1498 1169 1554 1211 P.

69 1219 313 1261 Ventidius
342 1233 444 1261 suas
473 1220 674 1275 legiones
712 1224 805 1261 tres
844 1223 1081 1263 coniunxit
1118 1236 1218 1264 cum
1254 1237 1308 1265 eo
1350 1230 1395 1266 et
1433 1225 1558 1266 ultra

67 1289 138 1316 me
169 1281 317 1317 castra
345 1275 517 1330 posuit:
556 1275 746 1317 habebat
775 1281 905 1318 antea
936 1278 1159 1331 legionem
1188 1279 1392 1334 quintam
1423 1286 1468 1321 et
1497 1294 1558 1321 ex

69 1331 254 1385 reliquis
298 1331 551 1384 legionibus
588 1345 791 1386 magnam
833 1332 1185 1380 multitudinem,
1239 1335 1319 1375 sed
1359 1337 1556 1377 inermo—

70 1400 181 1428 rum.
242 1387 504 1440 Equitatum
533 1386 669 1428 habet
696 1401 926 1441 magnum:
966 1402 1065 1429 nam
1104 1391 1248 1431 omnis
1290 1404 1347 1431 ex
1377 1391 1556 1445 proelio

16 1440 17 1491 J
66 1443 242 1497 integer
271 1443 493 1495 discessit,
523 1443 588 1484 ita
618 1447 667 1484 ut
696 1444 786 1485 sint
815 1444 1006 1498 amplius
1035 1447 1062 1494 †
1092 1445 1305 1500 equitum.
1332 1448 1355 1474 *
1383 1448 1406 1473 *
1461 1447 1554 1489 Ita-

16 1502 17 1505 ’
65 1512 152 1553 que
181 1498 238 1538 ad
267 1512 337 1539 me
376 1499 629 1552 complures
666 1500 832 1541 milites
876 1504 922 1541 et
959 1501 1135 1555 equites
1175 1503 1230 1542 ab
1271 1516 1324 1543 eo
1364 1504 1556 1544 transie-

66 1557 170 1595 runt
198 1558 242 1595 et
270 1555 318 1597 in
347 1553 445 1598 dies
475 1553 676 1610 singulos
721 1556 816 1598 eius
847 1555 1003 1611 copiae
1040 1557 1314 1599 minuuntur.
1373 1558 1554 1601 Silanus

18 1719 19 1733 ³
66 1725 264 1760 ORELLI.
299 1726 344 1760 ad
381 1727 526 1760 nullam
553 1727 749 1762 honestam
777 1739 858 1762 rem
885 1729 1077 1763 idoneum.
1130 1750 1172 1756 —
1214 1731 1315 1771 XII.
1344 1731 1432 1764 Kal.
1460 1733 1553 1774 Iun,

18 1802 20 1814 ,
62 1786 123 1807 am
150 1777 208 1809 21.
228 1773 312 1808 Mai.
343 1795 382 1800 -—
414 1775 608 1820 Vercellis,
635 1776 718 1810 dem
744 1777 912 1825 ietzigen
938 1777 1108 1811 Vercelli
1133 1778 1173 1810 in
1198 1779 1382 1820 Piemont‚
1411 1791 1457 1812 an
1484 1779 1554 1814 der

19 1827 20 1874 ᾗ
66 1822 217 1856 Grenze
241 1833 315 1856 von
340 1823 515 1856 Mailand.

162 1892 194 1924 1.
242 1890 287 1923 ab
313 1891 513 1930 confluente
541 1889 726 1930 Rhodano,
762 1902 837 1925 von
864 1891 948 1925 dem
974 1891 1143 1926 Einfiuss
1169 1893 1239 1927 der
1262 1894 1396 1929 Rhone
1424 1895 1463 1928 in
1489 1895 1552 1929 die

65 1937 250 1972 Durentia
275 1937 385 1980 (ietzt
410 1939 585 1976 Diirance
612 1939 673 1972 bei
699 1939 765 1973 der
791 1939 897 1974 stadt
910 1940 1085 1982 Avenio).
1113 1960 1156 1966 ——
1178 1942 1372 1976 adFormn
1386 1943 1550 1978 Voconii.

66 1985 101 2019 S.
130 1997 177 2018 zu
203 1997 260 2031 ep.
286 1988 368 2028 821,
396 1989 426 2020 1.
453 1987 546 2021 ietzt
576 1986 783 2021 Vidaubcm:
821 1988 1021 2022 Reichard.
1058 1989 1139 2023 Alii
1169 1990 1354 2024 Vocontii.
1402 1990 1475 2025 Sed
1508 1992 1550 2024 in

20 2034 21 2054 ²
64 2033 188 2066 literis
214 2033 370 2067 adiectis
398 2035 502 2076 latet,
531 2036 570 2067 ni
597 2036 727 2078 fallor,
754 2036 843 2070 dies.
873 2036 1069 2069 ORELLI.
1111 2058 1152 2064 —
1188 2039 1429 2081 Argenteum,
1455 2040 1551 2073 ietzt

21 2081 22 2108 l
65 2081 240 2127 Argents.
275 2100 316 2105 —
354 2082 554 2116 Ventidius.
605 2082 640 2117 S.
669 2096 715 2116 zu
741 2095 799 2129 ep.
826 2085 908 2123 814,
933 2086 966 2119 3.
994 2086 1077 2127 821,
1108 2087 1140 2121 l.
1180 2104 1226 2110 —
1266 2087 1434 2130 quintam.
1486 2087 1550 2121 Sic

21 2156 23 2164 .
64 2128 136 2162 Md.
162 2129 257 2166 Vict.
288 2132 317 2164 1.
345 2132 377 2166 2.
412 2132 601 2164 secundam
634 2132 771 2166 Ceteri.
815 2132 1008 2165 ORELLI.
1059 2151 1102 2157 —
1153 2134 1329 2168 discessit.
1377 2135 1440 2169 Sic
1475 2136 1550 2170 Md.

62 2177 177 2221 Neap.
214 2178 296 2211 Asc.
325 2180 354 2212 1.
392 2178 491 2212 Crat.
526 2179 622 2213 Vict.
660 2183 690 2214 1.
718 2182 750 2215 2.
799 2180 927 2213 Lamb.
954 2181 1090 2215 Bened.
1116 2182 1266 2215 decessit
1291 2183 1428 2217 Graev.
1454 2184 1550 2217 Ern.

63 2223 150 2258 sch.
178 2224 272 2259 Liin.
300 2225 495 2260 ORELLI.
523 2245 563 2252 -—
592 2227 617 2269 ’ζ-
642 2228 806 2272 equilum.
858 2228 1015 2263 Excidit
1038 2240 1218 2265 numerus
1244 2231 1285 2264 in
1320 2231 1395 2266 Md.
1447 2232 1551 2266 Hinc

66 2273 106 2306 in
132 2273 272 2306 ceteris
300 2285 461 2319 quoque,
498 2274 572 2308 nisi
599 2276 698 2319 quod
724 2276 797 2310 duo
823 2277 981 2310 Manutii
1008 2283 1045 2310 et
1071 2277 1170 2312 Crat.
1197 2278 1326 2325 inepte
1352 2280 1549 2325 supplent:

61 2333 156 2354 xxx.
182 2321 299 2356 milia.
336 2329 373 2356 et
396 2323 545 2357 bamba
580 2334 704 2361 xxcto,
756 2324 1007 2358 probabiliter
1030 2326 1176 2371 Madvig
1211 2328 1239 2360 Ι.
1280 2339 1318 2372 p.
1348 2329 1427 2362 134.
1463 2339 1550 2361 eum

62 2368 103 2401 in
124 2379 303 2414 perverso
335 2370 405 2403 illo
438 2372 578 2415 Itaque,
615 2372 713 2415 quod
745 2371 831 2406 Sch.
871 2373 965 2405 Liin.
1003 2373 1191 2418 delerunt,
1227 2375 1349 2409 latere
1385 2375 1550 2410 coniecit

59 2416 251 2462 fuisseque
293 2417 538 2453 EQUITUM
575 2420 736 2453 MILIA
780 2420 1025 2456 QUINQUE.
1085 2422 1160 2455 AD
1205 2424 1295 2457 ME.
1359 2422 1550 2457 Similiter

23 2481 25 2488 ν
60 2465 178 2512 Beng.
212 2466 384 2509 (equilum
417 2467 531 2500 mille.
582 2468 656 2510 „In
689 2468 775 2502 aliis
809 2473 947 2503 centum
979 2469 1173 2505 dumtaxat
1206 2472 1393 2517 scriptum
1428 2472 1550 2505 erat.“

60 2513 189 2560 Margo
215 2513 342 2556 Crat).
381 2514 578 2549 ORELLI.
1159 2517 1171 2523 ⁸

154 2580 188 2614 2.
237 2579 396 2614 Silanus.
448 2580 486 2615 S.
513 2584 595 2623 810,
620 2583 650 2616 1.
678 2600 724 2607 —-
751 2582 887 2627 Culleo,
914 2584 1098 2619 ebenfalls
1124 2596 1244 2620 zuvor
1269 2586 1331 2620 ein
1357 2586 1547 2621 Tribunus

59 2625 227 2671 Militum
260 2627 323 2661 des
359 2628 535 2674 Lepidus,
582 2640 657 2664 von
697 2631 783 2664 dem
826 2643 869 2665 er
901 2644 984 2667 war
1012 2633 1204 2680 befehligt
1236 2645 1425 2681 gewesen‚
1473 2636 1547 2668 den

61 2674 268 2722 Ubergang
293 2676 385 2709 iiber
411 2677 472 2710 dic
496 2678 620 2722 Alpen
647 2677 733 2711 dem
756 2679 943 2714 Antonius
969 2694 1016 2714 zu
1033 2683 1285 2726 verwehren3
1312 2683 1428 2716 allein
1453 2689 1546 2716 statt

60 2721 191 2756 dessen
216 2723 322 2758 hatte
349 2735 400 2766 er,
428 2724 630 2759 vielleicht
663 2728 730 2759 auf
759 2727 958 2775 geheimen
984 2729 1119 2763 Befehl
1153 2730 1216 2764 des
1243 2730 1420 2776 Lepidus,
1461 2731 1546 2764 ihm

60 2769 268 2805 denselben
294 2772 518 2807 erlcichtert
552 2774 628 2807 und
665 2775 760 2823 ging
790 2775 944 2811 endlich
986 2789 1033 2810 zu
1065 2777 1249 2813 Antonius
1282 2780 1399 2814 selbst
1438 2779 1543 2813 iiber.

128 2848 184 2875 cic.
207 2850 310 2879 Briefe
331 2861 359 2879 v.
382 2852 506 2878 amerb.
541 2851 591 2880 IV,
1084 2833 1142 2872 21

1590 1573 1618 1614 2
