1795 3086
5 605 6 615 l

5 622 6 631 η

4 632 6 639 v

13 0 23 173 ¹

9 307 14 407 l

513 87 833 131 EPISTOLA
864 87 1132 131 DCLVIII.
1517 86 1570 132 ll

81 200 246 243 iudicia
275 214 363 242 non
392 199 583 241 solemus
613 197 763 240 omnia
791 200 986 240 tractare
1026 213 1111 240 uno
1149 197 1294 240 modo.
1364 197 1573 240 Privatas

82 271 261 308 causas,
292 263 336 298 et
364 269 437 297 eas
466 259 642 307 tenues,
673 255 845 308 agimus
874 255 1101 303 subtilium
1132 256 1290 309 capitis
1320 259 1395 295 aut
1425 254 1574 296 famae

83 313 258 355 scilicet
286 313 506 354 ornatius:
549 311 758 366 epistolas
798 324 907 352 vero
944 311 1214 365 quotidianis
1242 311 1390 352 verbis
1420 315 1574 352 texere

85 369 288 411 solemus.
346 367 437 409 Sed
466 372 640 419 tamen,
683 367 744 407 mi
775 366 938 418 Paete,
977 365 1052 419 qui
1090 368 1170 407 tibi
1208 369 1330 408 venit
1369 368 1414 406 in
1453 380 1572 407 men-

83 431 174 466 tem
204 438 364 480 negare
393 423 628 478 Papirium
656 436 917 476 quemquam
956 434 1173 475 unquam,
1213 424 1299 464 nisi
1338 423 1574 477 plebeium,

85 481 250 522 fuisse?
289 481 486 522 Fuerunt
514 480 629 521 enim
660 478 842 532 patricii
871 478 1091 518 minorum
1122 480 1345 531 gentium,
1386 493 1575 533 quorum

85 537 289 592 princeps
318 535 370 576 L.
391 536 602 590 Papirius
625 534 920 588 Mugillanus,
951 534 1024 588 qui
1054 546 1213 574 censor
1241 548 1340 574 cum
1370 535 1424 577 L.
1449 535 1575 577 Sem-

83 593 241 646 pronio
270 592 477 634 Atratino
508 591 620 643 fuit,
651 604 784 645 quum
813 594 941 630 antea
970 590 1121 630 consul
1152 603 1252 630 cum
1282 591 1436 632 eodem
1465 591 1576 632 fuis-

83 652 175 698 set,
217 649 342 690 annis
373 652 473 703 post
501 647 691 689 Romam
732 647 957 687 conditam
998 658 1157 687 cccxn.
1227 645 1316 686 Sed
1354 651 1448 687 tum
1486 647 1576 688 Pa-

85 704 191 758 pisii
220 704 503 746 dicebamini.
562 703 677 744 Post
705 701 822 743 hunc
850 715 940 742 xm.
972 700 1150 743 fuerunt
1170 702 1277 742 sella
1300 703 1445 744 curuli
1475 708 1577 744 ante

86 759 139 799 L.
170 760 404 813 Papirium
434 760 673 810 Crassum,
716 758 791 812 qui
830 759 1022 812 primum
1063 757 1275 812 Papisius
1315 763 1383 800 est
1422 759 1577 800 vocari

85 816 267 856 desitus.
339 817 386 857 Is
427 816 621 857 dictator
650 827 750 855 cum
788 813 841 854 L.
874 814 1062 866 Papirio
1103 815 1322 867 Cursore,
1363 815 1578 868 magistro

87 872 307 926 equitum,
337 871 482 913 factus
513 876 601 923 est,
632 871 757 911 annis
787 874 888 924 post
915 869 1107 910 Romam
1137 871 1364 911 conditam
1394 884 1578 913 ccccxv.

85 933 128 968 et
157 927 447 982 quadriennio
477 931 577 982 post
605 927 756 967 consul
787 940 886 967 cum
915 925 973 967 K.
1004 927 1173 968 Duilio.
1241 926 1374 967 Hunc
1402 931 1579 968 secutus

85 988 153 1025 est
183 984 377 1037 Cursor,
407 983 540 1025 homo
567 982 697 1025 valde
716 982 982 1025 honoratqu
1014 982 1178 1024 deinde
1199 981 1252 1024 L.
1271 982 1425 1037 Maso,
1456 983 1579 1025 aedi-

82 1101 254 1136 iudiciali
281 1108 347 1136 aut
373 1102 526 1135 forensi.
577 1101 827 1146 Metonymia.
856 1121 900 1126 —
926 1101 1087 1143 iudicia,
1117 1101 1177 1135 die
1200 1101 1482 1147 gerichtlichen
1502 1104 1580 1136 Re-

84 1151 170 1184 den.
207 1168 255 1175 —
298 1150 470 1184 Privatus
505 1160 656 1192 causas,
693 1150 966 1196 Civilprocesse
1003 1150 1056 1183 im
1090 1150 1255 1195 Gegens.
1293 1162 1364 1183 von
1399 1151 1580 1196 publicae

84 1210 237 1236 causae.
265 1198 410 1232 staats-
427 1197 760 1232 Criminalsachen.
780 1217 828 1222 —
854 1202 889 1231 et
915 1209 975 1231 eas
1001 1201 1141 1242 tenues,
1169 1198 1320 1232 zumahl
1345 1211 1420 1233 von
1449 1200 1578 1247 gerin-

83 1258 152 1291 ger
177 1247 475 1280 Erheblichkeit.
509 1247 543 1279 S.
571 1247 724 1280 Ramsh.
754 1247 787 1290 ς.
814 1248 895 1289 158,
924 1248 959 1288 2,
985 1246 1026 1283 h.
1054 1267 1094 1272 —r
1124 1247 1272 1290 agimus
1297 1248 1485 1290 subtilius,
1512 1249 1578 1281 be·-

83 1295 243 1328 handeln
276 1295 346 1328 wir
376 1294 597 1329 schlichter.
640 1294 676 1329 S.
705 1295 811 1329 Orat.
837 1306 876 1332 u.
903 1295 950 1328 de
984 1295 1088 1329 Orat.
1121 1314 1167 1321 —-
1207 1295 1370 1339 scilicet,
1412 1297 1579 1331 vei-steht

79 1343 173 1378 sich.
200 1362 246 1368 —
273 1347 413 1386 texere,
441 1342 716 1377 einzukleiden.

178 1406 212 1441 2.
236 1404 308 1440 Sed
332 1409 471 1447 tamen,
504 1404 632 1447 „doch
655 1416 718 1439 um
744 1405 811 1439 auf
834 1404 946 1439 einen
972 1404 1116 1438 andern
1148 1405 1268 1440 Punct
1293 1405 1434 1440 Deines
1454 1405 1580 1440 Briefs

83 1464 130 1486 zu
155 1453 378 1488 kommen.“
426 1455 559 1487 Paetus
590 1465 665 1486 war
698 1454 761 1487 ein
797 1455 988 1500 Papirius,
1022 1455 1104 1487 also
1133 1466 1209 1489 von
1245 1455 1367 1488 dieser
1400 1466 1506 1503 gens.
1532 1474 1578 1480 —

83 1502 172 1536 min.
199 1505 319 1544 gent„
347 1513 444 1545 „von
471 1501 542 1535 den
569 1502 753 1547 iungeren
779 1502 1123 1536 Geschlechtern.“
1171 1504 1245 1537 Die
1260 1503 1447 1538 Patricier
1463 1504 1580 1537 theil-

84 1556 147 1582 ten
173 1550 256 1583 sich
282 1551 322 1583 in
347 1550 528 1583 Patricios
554 1551 742 1584 maiorum
774 1551 849 1584 und
880 1552 1071 1585 minorum
1097 1553 1280 1599 gentium.
1336 1555 1425 1589 lene
1450 1563 1580 1586 waren

84 1597 145 1630 die
172 1598 462 1646 Abkommlinge
489 1598 554 1631 der
578 1610 648 1632 von
674 1600 853 1633 Romulus
881 1600 959 1633 und
990 1600 1121 1634 Tullus
1152 1601 1335 1635 Hostilius
1368 1607 1579 1635 ernannten

83 1648 318 1680 senatorem
353 1647 456 1679 diese
482 1653 688 1681 stammten
713 1659 786 1682 von
813 1649 963 1689 Denen,
990 1648 1135 1683 welche
1160 1649 1388 1696 Tarquinius
1413 1651 1580 1692 Priscus,

85 1705 146 1727 um
174 1694 236 1728 die
262 1695 354 1728 Zahl
380 1695 449 1728 der
473 1696 677 1740 Senatoren
715 1697 783 1730 auf
806 1696 1062 1730 dreihundert
1094 1708 1140 1730 zu
1164 1697 1350 1744 bringeri,
1385 1699 1424 1731 in
1451 1698 1580 1732 diesen

84 1743 200 1776 Stand
226 1743 397 1777 erhoben
423 1743 542 1778 hatte.
571 1744 788 1782 GRATER.
816 1764 860 1770 —
884 1745 1057 1788 princeps
1079 1759 1130 1777 Ξ
1156 1747 1313 1791 primus.
1346 1747 1473 1781 consul
1499 1757 1580 1780 cum

86 1791 208 1825 eodem
230 1791 310 1825 scil.
336 1803 432 1825 anno
458 1793 549 1831 310,
582 1804 700 1837 quum
724 1793 870 1826 tribuni
896 1793 1063 1827 militum
1089 1796 1280 1829 consulari
1306 1802 1496 1841 potestate
1519 1795 1580 1829 vi-

85 1841 142 1873 tio
170 1841 267 1874 facti
299 1840 548 1875 abdicassent.
582 1841 664 1874 Vid.
691 1841 772 1879 Liv.
800 1843 863 1884 IV,
891 1844 924 1877 7.
953 1844 1008 1876 10.
1059 1842 1143 1885 „De
1178 1845 1347 1878 Manutii
1381 1850 1420 1878 et
1454 1844 1580 1889 Pighii

85 1888 133 1922 ad
158 1900 190 1921 a.
216 1901 250 1922 u.
277 1899 309 1922 c,
335 1889 406 1924 310
432 1889 616 1922 sententia
649 1890 748 1927 Lall.
783 1891 875 1926 Ern.
913 1890 1052 1923 Bened.
1087 1889 1176 1924 Sch.
1210 1893 1304 1926 Li'm.
1338 1893 1465 1926 consul
1489 1917 1497 1926 .
1524 1917 1537 1930 .
1567 1917 1581 1929 .

87 1947 217 1971 censor
249 1937 331 1971 Md.
364 1937 469 1973 Vict.
504 1939 538 1972 1.
575 1939 609 1973 2.
640 1939 778 1972 Lamb.
815 1939 956 1974 Graev.
991 1942 1076 1972 ante
1107 1939 1268 1974 Graev.“
1306 1941 1506 1976 ORELLI.
1531 1959 1582 1966 —

87 1997 223 2019 cccxxx.
273 1986 388 2019 Hunc
415 1997 554 2019 annum
582 1986 715 2020 Cicero
743 1987 787 2021 de
814 1998 996 2026 censura,
1022 1998 1099 2021 non
1126 1988 1172 2022 de
1197 1991 1394 2024 consulatu
1414 1990 1583 2034 intelligi

86 2034 218 2067 voluit.
268 2034 318 2068 Et
350 2033 398 2066 ad
422 2034 520 2067 hune
548 2046 683 2069 annum
714 2036 840 2069 Livius
866 2047 1015 2081 qnoque
1041 2034 1112 2069 hos
1145 2049 1340 2082 censores,
1375 2039 1441 2085 qui
1467 2038 1584 2084 primi

86 2081 187 2115 hunc
206 2082 464 2127 magistratum
489 2091 708 2128 gesserunt,
735 2085 856 2118 refert
878 2084 963 2118 Lib.
987 2084 1052 2119 IV.
1076 2096 1110 2119 c.
1135 2088 1190 2121 10.
1216 2087 1329 2125 SCH.
1347 2106 1392 2113 —
1419 2087 1581 2131 Papisii.

86 2130 169 2164 Den
202 2131 438 2164 Buchstaben
462 2131 494 2164 R
529 2133 600 2165 soll
632 2132 772 2177 Appius
810 2132 986 2166 Claudius
1021 2134 1204 2167 erfunden
1237 2136 1378 2178 haben,
1417 2147 1459 2169 so
1495 2136 1579 2168 dass

87 2191 173 2212 man
199 2190 273 2212 nun
303 2179 472 2213 Valeriis
497 2186 541 2214 st.
573 2180 755 2221 Valesz'is,
782 2181 909 2214 Furiis
934 2187 979 2215 st.
1006 2181 1128 2216 Fusiis
1152 2183 1318 2219 schrieb.
1344 2184 1382 2221 S.
1401 2184 1580 2218 Pandecl.

86 2227 118 2269 l,
144 2228 179 2269 2,
206 2228 240 2262 2.
266 2228 378 2261 varr.
403 2228 514 2272 Ling.
539 2229 625 2263 Lat.
655 2230 719 2272 VI,
747 2231 780 2264 3.
808 2231 904 2263 Fest.
939 2229 1016 2262 und
1055 2231 1238 2276 Quinctil.
1273 2234 1305 2274 I,
1343 2235 1365 2268 4
1398 2234 1466 2276 (6).
1502 2233 1580 2267 Cic.

88 2275 194 2310 Orat.
221 2288 256 2309 c.
283 2276 330 2311 45
355 2276 395 2310 ff.
423 2276 469 2309 G.
495 2278 555 2310 Fr.
583 2278 798 2311 Grotefend
823 2279 907 2313 Lat.
936 2279 1111 2316 Gramm.
1139 2282 1188 2315 II.
1215 2282 1282 2315 Bd.
1311 2282 1346 2324 6.
1365 2283 1445 2325 147,
1465 2283 1511 2324 *).
1534 2300 1580 2306 -

89 2335 184 2360 xnt.
212 2323 364 2369 Papirii.
391 2344 437 2350 —
462 2326 557 2358 sella
583 2325 725 2368 curuli,
753 2326 814 2360 die
841 2327 911 2360 den
939 2327 1186 2374 Curulischen
1206 2320 1327 2364 Sesse'l
1353 2330 1582 2363 einnahmen

89 2370 124 2404 d.
163 2371 189 2406 i.
223 2372 412 2406 entweder
447 2373 669 2408 Curulische
703 2375 859 2408 Aedilen
894 2375 984 2408 oder
1024 2377 1185 2417 Prator,
1224 2379 1386 2421 Consul,
1423 2380 1582 2420 Censor,

89 2418 268 2454 Dictator
294 2432 431 2454 waren.
456 2440 504 2446 —
529 2422 712 2465 primum,
738 2425 869 2458 Lamb.
894 2425 1044 2468 primu&
1069 2443 1116 2450 ——
1143 2439 1290 2461 ccccxv.
1315 2426 1353 2460 S.
1376 2427 1450 2460 biv.
1477 2428 1582 2468 vnl,

91 2479 126 2503 c.
155 2469 211 2502 12.
244 2486 284 2492 -—-
312 2469 360 2502 K.
387 2470 412 2503 i.
440 2481 471 2503 e.
496 2471 667 2504 Kaesone
693 2471 835 2505 Duilio.
889 2473 1025 2506 Consul
1058 2474 1131 2508 fuit
1156 2477 1199 2509 L.
1227 2476 1391 2520 Papirius
1425 2476 1581 2509 Crassus

89 2527 176 2549 cum
202 2517 244 2549 K.
271 2517 401 2551 Duilio
428 2530 461 2551 a.
490 2530 525 2552 ιι.
562 2531 593 2552 c.
619 2520 690 2554 419
716 2520 831 2562 (418).
867 2522 945 2554 Liv.
974 2522 1076 2556 VIII.
1103 2535 1136 2557 c.
1163 2525 1196 2559 9.
1222 2524 1330 2558 SCH.
1359 2542 1401 2549 —
1438 2523 1584 2558 Cursor

88 2564 190 2598 idem
222 2565 326 2606 sci1.‚
368 2578 481 2611 quem
523 2574 631 2601 antea
669 2569 888 2613 magistrum
930 2570 1097 2615 equitum
1138 2572 1251 2605 fuisse
1293 2579 1582 2606 memoraverat.

89 2612 199 2646 SCH.
225 2632 270 2638 —
298 2614 399 2647 valde
424 2614 643 2657 honoratus,
673 2618 745 2649 mit
763 2617 889 2650 hohen
910 2619 1174 2653 Elirenstellen
1190 2621 1434 2656 bekleideter.
1483 2622 1583 2655 Nam

90 2661 288 2705 quinquies
315 2664 444 2696 consul
470 2664 561 2704 fuit,
597 2666 701 2698 annis
728 2677 765 2700 u.
803 2678 834 2699 c.
868 2667 948 2702 421.
980 2668 1062 2702 434.
1097 2669 1180 2704 435.
1216 2669 1298 2705 439.
1331 2670 1416 2706 441.
1475 2670 1582 2704 Idem

91 2709 257 2744 dictator
283 2710 408 2744 factus
436 2712 517 2746 414.
545 2714 626 2747 430.
668 2714 750 2748 445.
811 2714 939 2748 Livius
975 2715 1121 2760 spricht
1156 2729 1228 2750 von
1259 2718 1339 2751 ihm
1375 2719 1426 2752 als
1459 2719 1582 2752 einem

90 2758 241 2798 Manno,
267 2757 332 2793 der
357 2759 496 2793 seinein
524 2760 788 2806 Zeitgenossen
814 2762 1021 2798 Alexander
1044 2763 1128 2799 dem
1156 2766 1319 2802 Grossen
1344 2768 1456 2813 vollig
1483 2770 1582 2801 ware
