1795 3086
326 82 641 135 Ems‘r‘om
672 92 1014 134 Doocxux.
1048 92 1264 134 Dcch.
1471 90 1563 137 373

73 204 176 246 feci.
237 204 438 254 Quarum
478 217 623 244 rerum
665 202 859 244 fructum
898 205 1009 246 satis
1049 217 1251 259 magnum
1294 218 1340 244 re
1380 206 1560 258 publica

72 261 194 300 salva
236 261 391 301 tulisse
431 274 499 300 me
539 259 716 313 putabo.
797 259 885 299 Sed
927 274 997 301 res
1044 261 1227 314 publica
1264 261 1300 301 si
1340 273 1410 300 me
1449 263 1560 300 satis

71 318 268 357 novisset
310 320 355 357 et
383 316 525 356 maior
564 327 667 368 pars
706 318 898 359 senatus,
946 317 1139 357 maiores
1178 330 1237 357 ex
1277 329 1346 356 me
1385 315 1558 356 fructus

72 372 260 412 tulisset.
331 371 595 425 Epistolam.
646 382 778 423 quain
827 369 986 421 Balbo,
1038 385 1172 424 quum
1222 371 1474 414 etiamnunc
1513 371 1558 410 in

69 428 300 480 provincia
328 432 462 478 esset,
493 425 672 478 scripsi,
710 426 940 478 legendam
979 428 1061 467 tibi
1103 428 1230 469 misi:
1270 429 1402 468 etiam
1432 439 1556 480 prae-

68 488 250 536 textam,
298 483 337 523 si
378 483 504 523 voles
536 482 698 534 legere,
747 480 930 521 Gallu'm
962 482 1234 535 Cornelium,
1287 482 1556 524 familiarem

66 552 223 586 meum,
253 538 437 594 poscito.
497 552 554 578 v1.
586 537 695 577 Idus
725 537 895 586 Iunias,
926 538 1151 579 Corduba.

268 764 582 806 EPISTOLA
616 763 838 806 DCCCL.
901 763 975 814 (ad
1006 763 1112 804 Div.
1145 763 1252 805 XII.
1284 766 1343 811 8.)

239 838 319 872 scr.
346 838 484 873 Romae
511 850 641 872 meme
669 839 779 871 lunio
807 837 850 871 A.
880 838 923 870 U.
952 837 993 871 c.
1029 839 1108 872 711.
1159 838 1207 876 (a.
1236 838 1275 871 c.
1304 839 1397 879 ιη),

66 908 299 946 Renovatum
325 906 462 951 Lepidi
489 905 633 939 scelere
658 904 804 938 bellum
842 914 921 937 esse
949 903 1125 947 queritur
1160 910 1197 936 et
1223 904 1391 937 Cassium
1427 904 1472 939 ad
1507 906 1553 937 li-

122 968 125 969 ⁷
366 953 570 988 berandam
587 963 676 1001 ‘rem
700 952 891 998 publicam
918 950 1125 1001 hortatum*
1149 953 1249 987 1—2.

580 1024 758 1081 CICERO
786 1023 954 1059 CASSIO
982 1023 1017 1057 S.
1071 1036 1073 1038 ·

173 1093 331 1136 Scelus
372 1093 526 1134 affinis
565 1092 646 1144 tui,
695 1092 859 1147 Lepidi
906 1105 1206 1147 summamque
1246 1092 1476 1136 levitatem
1514 1089 1557 1135 et

61 1149 407 1192 inconstantiam
438 1163 498 1190 ex
528 1148 656 1199 actis,
695 1162 810 1203 quae
839 1148 896 1190 ad
927 1153 970 1189 te
998 1148 1121 1189 mitti
1151 1154 1276 1190 certo
1316 1149 1454 1204 scios·
1480 1163 1554 1201 co-

11 1212 12 1225 ¹
60 1219 221 1260 gnosse
250 1210 296 1247 te
326 1206 536 1247 arbitror.
595 1204 755 1259 Itaque
784 1218 880 1257 nos,
923 1204 1129 1247 confecto
1159 1206 1296 1252 bello,
1342 1210 1392 1247 ut
1432 1206 1553 1247 arbi-

11 1279 12 1284 *
61 1263 303 1314 trahamur,
349 1260 611 1302 renovatum
652 1261 822 1301 bellum
862 1260 1081 1314 gerimus:
1134 1263 1344 1316 spemque
1382 1275 1553 1303 omnem

10 1315 11 1318 ’
61 1318 107 1358 in
137 1318 195 1358 D.
225 1317 371 1358 Bruto
403 1320 447 1358 et
475 1317 650 1358 Planco
681 1316 916 1357 habemus:
957 1317 996 1357 si
1027 1327 1179 1357 verum
1210 1317 1403 1372 quaeris,
1433 1316 1481 1358 in
1511 1322 1555 1358 te

11 1390 12 1429 j
61 1374 182 1415 etin
211 1386 310 1414 meo
339 1373 497 1419 Bruto,
536 1371 624 1412 non
664 1372 808 1412 solum
837 1372 893 1413 ad
935 1385 1143 1426 praesens
1184 1372 1454 1427 perfugium,
1501 1371 1556 1424 si,

59 1429 179 1485 quod
208 1430 364 1482 nolim,
396 1428 573 1469 adversi
603 1428 713 1482 quid
744 1427 982 1477 acciderit,
1025 1428 1104 1469 sed
1136 1429 1271 1469 etiam
1301 1429 1356 1469 ad
1390 1427 1548 1470 confir-

11 1527 12 1532 ,
58 1487 301 1527 mationem
341 1488 581 1539 perpetuae
625 1483 863 1525 libertatis.
944 1484 1038 1525 Nos
1088 1483 1166 1524 hic
1214 1485 1271 1525 de
1312 1485 1555 1525 Dolabella

11 1543 12 1546 ’
61 1541 361 1591 audiebamus,
402 1553 514 1595 quae
543 1540 781 1582 vellemus:
832 1541 910 1582 sed
950 1543 1097 1581 certos
1126 1545 1330 1581 auctores
1360 1553 1446 1581 non
1475 1539 1555 1580 ha-

11 1631 12 1641 ,
62 1599 283 1639 bebamus.
341 1597 412 1638 Te
441 1595 622 1650 quidem
651 1609 862 1651 magnum
892 1595 1126 1636 'hominem
1156 1600 1202 1637 et
1229 1597 1456 1652 praesenti
1485 1597 1554 1636 iu‘³²

11 1667 12 1680 ³
61 1655 185 1694 dicio
214 1658 259 1694 et
289 1651 455 1706 reliqui
495 1654 708 1706 temporis
747 1653 1085 1707 exspectatione
1127 1653 1241 1694 scito
1284 1656 1417 1694 esse.'
1453 1651 1555 1694 Hoc

11 1723 12 1727 ¹
60 1710 145 1751 tibi
181 1708 429 1764 proposito,
477 1707 553 1749 fac
593 1712 642 1750 ut
680 1708 740 1751 ad
778 1721 948 1750 summa
986 1707 1245 1750 contendas.
1312 1707 1446 1749 Nihil
1486 1712 1554 1750 est

11 1916 12 1921 ¹
58 1899 258 1935 ORELLI.
290 1919 331 1925 -
358 1909 399 1932 re
422 1898 573 1943 publica
597 1900 724 1942 salva,
751 1910 865 1933 wenn
893 1911 967 1933 nur·
992 1900 1054 1934 die
1079 1899 1313 1936 Wohlsahrt
1338 1899 1402 1935 des
1430 1899 1550 1933 Staats

58 1947 251 1982 hiedurch
276 1946 475 1981 befb'rdert
501 1947 560 1982 ist.
587 1964 630 1971 --
658 1947 876 1990 etiamnunc,
901 1948 946 1981 da
973 1960 1016 1981 er
1041 1960 1112 1981 zur
1138 1949 1226 1982 Zeit
1252 1948 1352 1982 noch
1379 1960 1413 1981 u.
1442 1960 1470 1981 s.
1500 1960 1548 1982 w.

57 1997 253 2030 etiamnum
279 1995 407 2029 hamb.
435 1997 508 2028 cfr.
533 1994 680 2030 walch
705 1996 751 2029 ad
778 1997 898 2029 Taciti
924 1997 1060 2038 Agric.
1096 2009 1132 2041 p.
1161 1998 1241 2032 393.
1270 1995 1468 2030 ORELLI.
1506 2015 1551 2021 -—

53 2048 287 2089 praetextam
313 2043 392 2076 scil.
422 2043 588 2076 fabulam
616 2043 737 2085 illam,
765 2044 811 2077 de
838 2056 909 2089 qua
937 2057 1051 2090 supra
1074 2045 1103 2087 §.
1131 2046 1164 2079 3.
1201 2063 1244 2068 «-
1280 2045 1428 2077 Gallum
1455 2044 1549 2078 Cor-

57 2094 200 2132 nelium,
226 2092 341 2126 Corn.
368 2091 540 2132 Gallum,
576 2094 726 2136 poetam
761 2093 871 2124 illum
898 2092 1080 2126 nobilem.
1120 2092 1202 2125 Vid.
1242 2092 1380 2140 Virgil.
1415 2092 1547 2140 Eclog.

56 2142 100 2176 X.
129 2140 235 2175 Ovid.
263 2141 344 2172 Am.
372 2139 442 2178 111,
471 2141 506 2181 9,
533 2140 589 2175 64.
618 2159 665 2164 -
695 2140 760 2174 VI.
786 2140 843 2175 Id.
871 2142 962 2181 Iun„
989 2152 1047 2174 am
1074 2142 1106 2176 8.
1138 2141 1282 2174 Iunius.

12 2221 13 2231 ,
154 2191 186 2224 1.
237 2188 363 2222 Scelus
386 2187 411 2222 i.
439 2198 470 2222 e.
498 2187 807 2222 coniunctionem
833 2200 920 2221 cum
948 2190 994 2222 M.
1024 2189 1200 2223 Antonio.
1242 2207 1290 2213 —-
1324 2187 1457 2231 affinis
1481 2187 1547 2230 tui,

12 2237 13 2242 ’
58 2237 196 2272 Βρίιιρε
222 2236 458 2281 Schwagers.
497 2234 534 2271 S.
561 2247 619 2281 ep.
647 2238 730 2278 763,
758 2239 789 2271 2.
831 2256 869 2260 —
915 2248 958 2270 ex
983 2238 1078 2271 actis
1103 2236 1280 2282 publicis,
1306 2248 1400 2281 quae
1425 2235 1548 2283 magi-

55 2285 233 2320 stratibus
269 2284 310 2317 in
344 2283 564 2328 provincias
592 2284 695 2318 mitti
722 2285 899 2319 solebant.
953 2306 995 2311 —-
1047 2286 1212 2327 confecto
1239 2285 1404 2320 victoria
1433 2285 1546 2317 Muti-

12 2339 13 2342 ’
55 2333 177 2368 nensi.
227 2351 272 2357 —-
321 2343 402 2365 ‘meo
430 2332 559 2366 Bruto.
588 2332 634 2366 de
661 2332 848 2367 Gronovii
876 2333 974 2367 coni.
1008 2332 1097 2367 Sch.
1133 2333 1226 2366 Liin.
1268 2334 1306 2365 in
1335 2333 1391 2366 M.
1417 2332 1545 2366 Bruto.

11 2394 14 2420 ⁴>
55 2384 125 2416 cfr.
152 2387 280 2415 tamen
304 2380 375 2425 Ep.
405 2381 478 2414 10.:
504 2381 543 2414 ἰἰι
571 2384 605 2413 te
630 2384 662 2414 et
688 2381 726 2414 in
751 2381 871 2415 Bruto
900 2386 983 2416 tuo:
1007 2382 1061 2414 sic
1086 2380 1162 2415 hoc
1188 2381 1212 2414 1.
1240 2381 1372 2414 dicere
1398 2386 1547 2424 poterat

12 2465 14 2469 ,
53 2432 94 2464 dn
119 2441 197 2464 meo
222 2430 353 2464 Bruto.
379 2427 576 2461 ORELLI.
612 2447 646 2451 —
674 2429 722 2462 ad
740 2439 916 2473 praesens
939 2429 1053 2472 petf,
1081 2429 1134 2462 als
1148 2429 1330 2462 zuflucht
1350 2429 1416 2461 fiir
1441 2429 1545 2461 ietzt.

12 2470 14 2503 ?
57 2498 99 2505 -—
127 2479 177 2512 ad
200 2476 377 2518 confirm,
401 2481 444 2510 ut
468 2476 508 2508 in
533 2478 706 2510 futurum
741 2477 975 2511 confirmetis
1008 2484 1045 2511 et
1078 2477 1279 2512 stabiliatis
1315 2476 1545 2518 libertatem,

54 2539 127 2572 qua
151 2531 334 2572 perpetua
359 2525 545 2558 fruamur.

128 2578 183 2610 -2.
233 2573 336 2615 aud„
360 2583 450 2617 quae
475 2573 658 2614 vellemus,
696 2583 773 2606 was
799 2572 894 2608 Wir·
919 2573 1166 2615 wiinschten3
1208 2572 1293 2607 scil.
1331 2584 1418 2606 eum
1450 2585 1470 2606 a
1507 2578 1545 2607 te

56 2633 279 2668 oppressum
306 2626 344 2654 et
369 2621 534 2654 fractum
561 2632 650 2654 esse.
688 2620 771 2654 vid.
796 2633 852 2666 ep.
880 2622 962 2657 851.
1011 2641 1052 2648 -
1099 2625 1280 2663 auctores,
1306 2622 1457 2669 Biirgen
1482 2622 1545 2655 sur

55 2672 116 2705 die
142 2668 369 2705 Nachricht.
401 2686 443 2694 -
489 2673 524 2702 et
547 2678 668 2712 praes.
695 2667 818 2710 indic„
853 2669 1001 2703 sowohl
1031 2668 1148 2703 sehon
1174 2669 1274 2703 nach
1307 2669 1378 2704 dex·
1403 2680 1542 2718 gegen-

55 2720 242 2768 w'zirtigen
264 2717 462 2762 Meinung3
497 2723 539 2750 ut
571 2717 645 2750 iam
679 2717 867 2761 praesenti
903 2725 1075 2764 tempore
1110 2717 1284 2751 homine-s
1310 2717 1355 2752 de
1381 2724 1419 2752 te
1444 2716 1542 2750 iudi-

13 2796 15 2798 .
53 2774 150 2801 eant.
201 2786 243 2794 —
294 2766 430 2810 reliqui
455 2769 575 2809 temp„
612 2766 675 2798 siit·
700 2764 761 2799 die
788 2765 984 2809 Zukunft5
1011 2766 1111 2810 quod
1136 2766 1176 2800 in
1197 2766 1368 2801 futurum
1395 2772 1543 2812 tempus
