1795 3086
250 53 333 97 ΗΟ
527 52 582 93 Μ.
615 52 668 94 Τ,
704 48 1040 93 CICERONIS
1075 51 1439 96 EPISTOLAE.

242 165 416 219 publica
456 164 676 203 scribere:
734 176 848 204 nunc
888 167 935 203 tu
986 164 1109 203 nobis
1149 164 1317 205 scribas
1358 168 1544 216 oportet.
1613 166 1704 208 Res
1752 196 1761 210 ,-

242 221 357 261 enim
399 219 579 272 publica
621 217 725 258 istic
763 222 850 259 est:
893 218 1078 270 deinde,
1119 220 1239 273 quod
1275 232 1352 259 nos
1393 220 1494 261 aliis
1535 221 1704 263 officiis
1753 262 1757 270 ,

239 277 323 317 tibi
362 274 532 314 absenti
572 272 831 315 satisfacere
871 287 1122 328 possumus:
1173 279 1220 315 tu
1260 274 1387 314 nobis
1428 275 1515 316 nisi
1557 277 1704 318 literis
1754 292 1758 327 ’ς

241 346 326 372 non
365 330 500 370 video
539 342 625 382 qua
671 342 718 369 re
760 329 846 369 alia
883 328 1144 370 satisfacere
1184 330 1340 384 possis.
1419 330 1509 371 Sed
1556 337 1706 374 cetera
1754 329 1762 374 ἶ

238 386 407 426 scribes
439 385 495 424 ad
535 397 615 424 nos
644 387 810 438 postea.
868 383 997 425 Nunc
1037 384 1149 426 haec
1188 387 1330 439 primo
1373 387 1505 439 cupio
1543 400 1703 441 cogno-
1761 383 1765 412 ἶ

239 454 385 481 scere:
426 441 514 480 iter
541 442 664 480 tuum
694 439 943 480 cuiusmodi
970 440 1054 489 sit3
1092 441 1166 481 ubi
1196 441 1383 481 Brutum
1413 445 1610 482 nostrum
1639 445 1704 485 vi-
1774 475 1775 480 ,

238 497 382 545 deris;
422 495 632 550 quamdiu
670 495 801 535 simul
832 494 997 543 fueris3
1044 495 1224 547 deinde,
1265 510 1398 550 quum
1437 499 1735 550 processeris
1771 493 1775 515 '¹

236 552 427 606 longius,
457 550 512 591 de
543 551 722 590 bellicis
754 551 895 595 rebus,
929 550 983 590 de
1015 555 1109 591 toto
1140 554 1335 605 negotio,
1366 555 1412 591 ut
1444 553 1705 594 existimare
1747 561 1775 609 ,³

237 607 468 661 possimus,
497 619 585 659 quo
615 609 733 646 statu
762 604 912 645 simus.
969 605 1068 659 Ego
1098 609 1266 647 tantum
1294 621 1363 647 me
1392 605 1507 648 scire
1527 610 1716 662 putabo„

237 666 447 716 quantum
476 674 535 701 ex
564 660 653 701 tuis
683 660 827 701 literis
868 659 1040 701 habebo
1071 661 1310 714 cognitum.
1371 663 1504 709 Cura,
1544 668 1592 705 ut
1629 679 1705 707 va-
1743 657 1774 711 ’ᾖ

239 718 328 759 leas
358 730 513 771 meque
544 729 661 757 ames
691 728 839 757 amore
868 716 952 756 illo
984 720 1059 756 tuo
1089 716 1320 771 singulari.

433 897 745 940 EPISTOLA
776 897 1037 940 Dccxlv.
1089 899 1165 950 (aa
1195 899 1299 940 Dav.
1331 898 1418 941 XI.
1448 900 1506 950 2.)

425 978 508 1016 Ser.
536 978 696 1012 Lanuvii
722 988 848 1012 mense
875 977 971 1012 Maio
998 978 1039 1012 A.
1068 978 1111 1012 [J.
1140 978 1179 1012 c.
1207 980 1286 1014 710.
1312 980 1358 1020 (a.
1386 979 1426 1013 c.
1452 980 1529 1021 44.)

237 1047 371 1080 Petunt
396 1047 531 1079 Brutus
560 1051 597 1079 et
623 1044 782 1084 Cassius,
817 1049 859 1077 ut
891 1044 1076 1078 Antonius
1113 1055 1152 1078 se
1186 1044 1367 1079 certiores
1402 1046 1536 1087 faciat,
1577 1050 1703 1078 utrum

235 1100 342 1138 putet
375 1105 411 1128 se
444 1094 584 1128 Romae
616 1092 656 1124 in
681 1099 785 1125 tanta
811 1092 1024 1134 frequentia
1048 1097 1312 1126 veteranorum
1339 1099 1435 1127 tutos
1461 1094 1552 1128 fore.
1588 1095 1702 1127 1-3,

668 1139 842 1185 Epistola
866 1140 980 1185 plena
1004 1138 1267 1175 simulationis.

370 1211 565 1246 BRUTUS
591 1211 658 1245 ET
685 1211 888 1246 CASSIUS
914 1211 1118 1245 PRAETT.
1146 1214 1193 1246 M.
1219 1212 1439 1248 ANTONIO
1465 1212 1564 1246 Cos.

344 1286 415 1326 De
453 1288 529 1325 tua
566 1284 656 1325 fide
695 1289 740 1325 et
779 1285 1090 1326 benevolentia
1129 1285 1174 1325 in
1213 1299 1292 1326 nos
1334 1285 1420 1325 nisi
1449 1298 1704 1340 persuasum

234 1346 350 1382 esset
386 1339 539 1390 nobis,
580 1352 678 1381 non
717 1340 1135 1395 conscripsissemus
1177 1339 1290 1381 haec
1319 1341 1427 1381 tibi:
1458 1355 1573 1395 quae
1602 1355 1702 1396 pro-

234 1397 366 1448 fecto,
398 1396 605 1450 quoniam
636 1396 771 1436 istum
800 1396 992 1436 animum
1022 1395 1172 1449 habes,
1211 1397 1256 1436 in
1296 1397 1506 1450 optimam
1535 1400 1703 1452 partem

234 1452 442 1506 accipies.
501 1450 723 1492 Scribitur
762 1452 888 1492 nobis
928 1465 1130 1506 magnam
1158 1456 1466 1493 veteranorum
1503 1453 1703 1493 multitu·

234 1509 383 1549 dinem
412 1506 602 1548 Romam
632 1508 890 1548 convenisse
919 1508 1008 1547 iam
1038 1511 1082 1548 et
1112 1507 1168 1547 ad
1197 1507 1424 1548 Kalendas
1453 1506 1605 1548 Iunias
1634 1507 1703 1548 fu—

235 1569 379 1604 turam
408 1563 549 1603 multo
579 1564 807 1603 maiorem.
874 1563 945 1603 De
984 1566 1029 1603 te
1067 1562 1106 1603 si
1150 1561 1399 1604 dubitemus
1439 1568 1514 1604 aut
1551 1576 1702 1604 verea-

233 1633 347 1672 mur,
377 1618 512 1659 simus
542 1620 685 1659 nostri
716 1619 974 1659 dissimiles.
1043 1617 1132 1659 Sed
1172 1623 1317 1671 certe,
1358 1632 1492 1673 quum
1529 1619 1618 1673 ipsi
1657 1619 1703 1659 in

234 1679 308 1715 tua
338 1677 557 1729 potestate
587 1673 803 1715 fuerimus
841 1678 1004 1729 tuoque
1036 1674 1220 1715 adducti
1258 1674 1449 1716 consilio
1479 1674 1702 1716 dimiseri-

232 1832 325 1863 enim
350 1841 386 1873 p.
413 1828 497 1863 istic
524 1833 589 1872 est,
617 1829 715 1863 denn
742 1830 802 1863 die
829 1829 1063 1878 eigentliche
1088 1827 1277 1874 Republik
1311 1828 1361 1861 ist
1386 1826 1445 1861 bei
1471 1828 1561 1869 Dir3
1595 1828 1703 1864 nicht

231 1891 279 1912 zu
307 1878 403 1911 Rom
435 1884 549 1911 unter
581 1878 766 1912 Antonius
801 1878 878 1911 und
911 1877 982 1911 den
1017 1876 1159 1910 andern
1193 1875 1362 1909 Feinden
1395 1875 1457 1909 des
1490 1876 1701 1911 Freistaats.
1730 1897 1732 1905 ι
1775 1899 1777 1911 .

231 1927 311 1960 Der
334 1925 466 1959 wahre
489 1925 675 1960 Freistaat
701 1926 748 1959 ist
774 1937 846 1958 nur
871 1926 911 1959 in
936 1925 1008 1959 den
1024 1924 1246 1962 Provinzen,
1274 1922 1334 1956 die
1360 1922 1429 1956 der
1455 1923 1568 1958 Senat
1591 1924 1701 1960 Euch

232 1974 442 2014 Befreiern‚
476 1973 558 2016 Dir,
592 1974 676 2007 dem
704 1973 862 2014 Cassius,
897 1974 944 2006 Μ.
972 1973 1049 2005 und
1073 1973 1117 2006 D.
1144 1973 1281 2004 Brutus
1309 1971 1522 2007 zuerkannt
1546 1972 1621 2006 hat.
1657 1991 1698 1996 —

232 2022 333 2065 offic.
360 2021 591 2065 satisfacere,
617 2022 726 2055 einen
751 2020 1171 2055 Freundschaftsdienst
1196 2018 1393 2053 erweisen.

327 2070 360 2103 3.
385 2069 518 2112 primo.
545 2070 673 2117 Margo
700 2070 799 2103 Crat.
823 2069 957 2112 prima.
985 2086 1029 2092 —
1059 2068 1179 2106 simul,
1206 2066 1265 2100 bei
1290 2066 1384 2100 ihm.
1414 2085 1456 2092 ——
1482 2074 1579 2111 neg„
1605 2067 1699 2100 Vor-

231 2117 365 2151 haben.
394 2134 437 2139 —
463 2117 681 2159 existimare,
707 2117 942 2158 abschfflzen,
967 2114 1218 2153 beurtheilen,
1244 2114 1472 2148 berechnen.
1501 2133 1542 2140 -
1594 2114 1701 2155 scire,

231 2163 470 2199 wirklich
495 2177 542 2197 zu
567 2165 707 2199 wissen
731 2165 908 2213 glauben,
934 2164 1010 2198 also
1036 2164 1099 2197 fur
1123 2162 1235 2197 wahr
1258 2162 1400 2196 halten.
1439 2181 1480 2187 —-
1530 2162 1613 2205 illo,
1638 2162 1701 2196 be—

232 2213 411 2252 kannten,
440 2224 551 2257 quem
576 2214 760 2247 novimus.

332 2276 361 2308 l.
390 2284 458 2306 non
483 2273 622 2308 excidit
648 2285 667 2307 e
693 2274 767 2307 Md.
793 2273 913 2306 Hinc:
948 2282 1017 2305 non
1041 2271 1310 2315 scripsissemus
1341 2270 1419 2305 Alii
1446 2270 1534 2307 cdd.
1563 2270 1697 2306 Graev.

233 2321 427 2356 ORELLI.
456 2319 543 2354 haec
567 2336 616 2353 z
649 2321 715 2355 has
742 2322 881 2355 literas,
907 2338 954 2344 —
988 2319 1166 2364 quoniam,
1193 2319 1268 2353 wie
1295 2321 1375 2361 713,
1402 2321 1433 2354 2.
1464 2335 1506 2341 -
1547 2319 1699 2352 animum

232 2371 327 2413 hab„
354 2369 578 2416 Gesinnung
603 2369 726 2417 hegst.
755 2388 796 2394 -
834 2368 883 2401 ad
905 2368 990 2401 Kal.
1016 2368 1095 2400 lun.
1146 2366 1182 2400 S.
1209 2378 1267 2412 ep.
1295 2368 1377 2409 694,
1403 2368 1436 2401 4.
1488 2366 1595 2400 Falsa
1621 2373 1700 2401 erat

232 2419 301 2451 illa
327 2416 533 2462 persuasi03
566 2429 651 2450 nam
675 2416 859 2451 Antonius
886 2416 1069 2449 dictatura
1095 2415 1237 2448 sublata
1264 2421 1300 2448 et
1325 2415 1488 2463 fugitivo
1514 2415 1596 2456 illo,
1635 2415 1699 2459 qui

231 2467 271 2498 in
297 2465 407 2499 Marii
434 2475 571 2498 nomen
597 2465 794 2507 invaserat,
827 2470 959 2497 necato
984 2462 1150 2497 Caesaris
1176 2462 1480 2497 interfectoribus
1516 2462 1698 2496 illuserat.

232 2515 373 2546 Verum
400 2512 574 2546 Kalendis
600 2512 720 2546 Iuniis
745 2518 884 2546 mutata
917 2511 1040 2545 omnia
1065 2510 1323 2554 Antoniusque
1349 2511 1515 2544 animum
1541 2510 1599 2551 iis,
1634 2510 1699 2554 qui
1754 2513 1755 2516 ’

232 2562 303 2595 sibi
340 2561 528 2594 libertatis
563 2566 808 2606 recuperatae
842 2566 1012 2593 auctores
1047 2558 1288 2597 videbantur,
1329 2559 1528 2596 infestum,
1577 2557 1698 2591 adhuc

232 2609 474 2642 simulatione
509 2615 650 2642 tectum
683 2608 841 2654 aperuit.
892 2608 971 2642 cfr.
1008 2606 1087 2644 Cic.
1120 2606 1287 2651 Philipp.
1324 2607 1352 2640 Ι.
1388 2619 1419 2640 c.
1445 2608 1477 2642 2.
1511 2605 1618 2639 SCH.
1653 2624 1698 2631 —-

232 2657 347 2690 nostri
371 2657 568 2690 dissimiles
592 2656 616 2691 i.
631 2667 662 2690 e.
693 2657 759 2701 qui
785 2663 869 2690 ante
896 2656 940 2689 de
965 2661 1002 2689 te
1018 2655 1111 2688 bene
1135 2655 1328 2694 sensimus,
1363 2656 1569 2688 faceremus
1591 2663 1697 2697 prae-

232 2709 289 2737 ter
316 2711 483 2739 nostrum
510 2704 735 2739 institutum.
766 2723 805 2728 -—
833 2707 1015 2747 potestate
1032 2702 1222 2745 fuerimus
1246 2702 1326 2736 h.e.
1356 2713 1468 2747 quum
1497 2701 1567 2735 tibi
1593 2701 1696 2736 obse-
