1795 3086
472 84 784 128 EPISTOLA
822 87 1123 131 Dccxxxl.
1445 90 1531 136 147

15 211 18 226 τ
65 197 217 237 decem
256 196 508 237 hominibus
558 195 838 237 referendum
879 203 943 238 nst
982 205 1218 254 acceptum.
1295 200 1378 242 Est
1416 202 1531 243 illud

16 300 18 306 Ι
65 253 240 306 quidem
279 255 462 300 ἐργῶδες,
509 252 587 291 sed
627 251 788 291 α’νεκτόν
826 252 1027 306 mihique
1074 256 1388 308 gratissimum.
1459 259 1532 300 De

16 307 19 351 Ἰ
65 309 225 359 armis,
254 307 366 348 nihil
397 306 490 348 vidi
520 307 725 360 apertius.
781 307 1018 360 Fugiamus
1047 311 1193 365 igitur.
1259 312 1342 365 At,
1371 316 1420 354 ut
1448 314 1530 365 ais,

17 355 19 391 ἶ
65 377 228 405 coram.
287 361 578 416 Theophanes
608 361 716 417 quid
744 361 875 414 velit,
915 365 1074 405 nescio.
1133 367 1383 422 Scripserat
1412 369 1550 418 enini,

18 429 19 470 J
64 419 122 460 ad
149 432 232 460 me.
292 419 376 460 Cui
406 417 637 470 rescripsi,
667 421 716 458 ut
742 417 880 472 potui.
949 417 1069 459 Mihi
1099 426 1243 463 autem
1273 425 1430 466 scribit
1457 438 1531 468 ve-

64 475 163 515 nire
193 473 248 515 ad
276 487 346 515 me
372 486 419 514 se
447 471 585 525 velle,
614 477 662 513 ut
691 477 736 514 et
757 472 811 513 de
830 473 923 513 suis
944 475 1070 515 rebus
1090 480 1134 515 et
1153 479 1389 533 quaedam,
1420 494 1531 535 quae

17 528 19 576 j
65 529 120 571 ad
149 544 218 571 me
246 529 530 584 pertinerent.
587 528 708 571 Tuas
736 529 889 570 literas
917 534 1136 583 exspecto.
1203 532 1326 575 Vide
1355 549 1530 591 quaese,

17 577 20 627 ἕ
63 599 117 627 ne
146 585 252 640 quid
280 589 446 627 temere
475 583 566 626 fiat.
631 584 797 625 Statius
835 585 1014 640 scripsit
1049 586 1106 627 ad
1143 600 1213 628 me
1241 589 1433 632 locutum
1461 606 1529 634 se-

18 671 21 684 .
65 655 165 682 cum
194 654 288 682 esse
318 640 374 691 Q.
405 639 665 681 Ciceronem
693 641 820 682 valde
848 646 1172 694 asseveranter,
1200 657 1248 684 se
1276 643 1383 686 haec
1412 647 1531 690 ferre

16 697 36 734 ·’.
65 711 151 738 non
171 710 322 751 posse:
349 699 517 737 certum
537 697 623 736 sibi
643 709 737 737 esse
756 697 813 738 ad
833 696 1020 738 Brutum
1038 702 1081 739 et
1100 698 1302 741 Cassium
1322 704 1528 746 transire.

63 752 163 793 Hoc
191 752 413 793 enimvero
441 765 558 793 nunc
586 751 760 793 discere
787 766 917 797 aveo:
956 752 1044 794 hoc
1072 767 1179 807 ego,
1218 755 1327 810 quid
1355 758 1434 809 sit,
1464 759 1530 799 in-

64 807 301 862 terpretari
339 821 426 849 non
465 820 654 862 possum.
729 808 886 848 Potest
922 808 1092 863 aliquid
1135 810 1274 852 iratus
1311 812 1530 856 Antonio:

62 869 207 916 potest
242 863 430 918 gloriam
468 876 624 904 novam
661 874 894 916 quaerere:
942 869 1084 917 potest
1126 869 1266 907 totum
1306 881 1401 909 esse
1439 882 1529 916 σχε-

66 922 236 968 διάσματ
277 923 322 959 et
357 919 566 959 nimirum
594 919 658 958 ita
684 923 764 959 est.
829 918 917 960 Sed
945 924 1091 962 tamen
1119 925 1164 962 et
1192 935 1274 975 ego
1304 937 1462 966 vereor
1490 931 1532 966 et

20 990 23 1006 τ
64 979 190 1028 pater
216 975 499 1014 conturbatus
527 976 606 1015 est.
661 972 758 1014 Scit
787 975 925 1028 enim,
961 989 1072 1030 quae
1101 976 1179 1018 ille
1207 978 1264 1020 de
1293 979 1404 1021 hoc:
1439 993 1530 1022 mer<

18 1056 19 1061 ,
63 1044 163 1070 cum
191 1030 370 1084 quidem
398 1028 540 1079 ἄφατα
566 1029 684 1070 olim.
749 1029 913 1084 Plane,
952 1032 1059 1085 quid
1097 1033 1225 1086 velit,
1263 1036 1426 1077 nescio.
1491 1039 1531 1078 A

19 1086 22 1124 ἶ
62 1085 295 1127 Dolabella
324 1084 533 1126 mandata
559 1084 751 1137 habebo,
781 1100 892 1140 quae
921 1087 1034 1127 mihi
1054 1088 1342 1143 videbuntur,
1373 1092 1419 1132 id
1448 1097 1530 1144 esf,

20 1195 21 1200 1
59 1140 183 1181 nihil.
256 1141 347 1183 Dic
381 1140 516 1193 mihi,
562 1141 614 1182 C.
652 1140 868 1183 Antonius
907 1143 1099 1185 voluitne
1135 1144 1236 1186 ficri
1271 1148 1532 1202 septemvir?

22 1364 26 1418 j
59 1373 196 1419 pellat,
223 1382 295 1407 non
321 1371 438 1414 viros,
462 1382 532 1417 per
557 1377 828 1416 contemptum.
855 1392 895 1398 -
932 1372 1003 1415 res.
1031 1377 1083 1406 est
1108 1383 1181 1406 acc.
1207 1386 1281 1408 was
1306 1387 1392 1409 man
1417 1402 1425 1410 .
1453 1403 1460 1409 .
1488 1390 1534 1412 zu

22 1432 27 1454 ³
60 1420 272 1455 verdanken
296 1418 364 1452 hat
381 1419 419 1452 d.
435 1420 459 1452 i.
478 1430 605 1454 woran
622 1419 682 1453 die
700 1418 966 1454 Zehnm‘a'nner
981 1419 1123 1454 Schuld
1141 1422 1235 1455 sind.
1251 1440 1292 1447 —
1320 1422 1534 1470 ἐργῶδες,

22 1465 27 1504 i
58 1468 311 1508 laboriosum,
338 1468 408 1501 mit
433 1467 705 1501 Beschwerden
730 1467 969 1510 verbunden;
994 1465 1205 1508 ἀνεκτὸν,
1241 1472 1462 1519 ertraglich.
1489 1493 1532 1499 —

22 1517 27 1543 '⁴
61 1516 118 1550 De
143 1516 256 1550 armis
281 1529 330 1546 z
356 1525 437 1548 rem
463 1515 508 1548 ad
535 1526 641 1548 arma
672 1521 858 1559 spectare,
890 1516 971 1549 dass
996 1527 1034 1550 es
1064 1529 1152 1550 zum
1187 1517 1323 1567 Kriege
1355 1521 1536 1555 kommen

22 1576 27 1590 ³
60 1564 196 1597 werde.
225 1580 268 1587 —
304 1573 429 1596 coram
454 1563 500 1596 de
534 1563 626 1610 fuga
664 1562 964 1597 deliberabimus.
1000 1585 1041 1590 —
1078 1565 1310 1609 Theophanes
1340 1569 1406 1603 ille
1440 1570 1535 1603 olim

23 1602 27 1633 Ι
62 1611 230 1656 Pompeii
255 1610 383 1655 magni
408 1609 632 1652 familiaris,
658 1609 701 1643 de
727 1621 800 1654 quo
825 1611 906 1644 vide
931 1622 990 1656 ep.
1018 1613 1074 1646 31.
1102 1631 1144 1637 --
1182 1618 1223 1647 ut
1245 1616 1366 1658 potui,
1401 1626 1439 1650 so
1467 1624 1535 1663 gut

61 1659 124 1693 ich
151 1659 303 1693 konnte.
330 1676 374 1683 —
403 1658 633 1701 pertinerent.
659 1658 748 1691 Ern.
773 1657 859 1691 Sch.
893 1659 986 1692 Lan.
1020 1659 1066 1694 de
1098 1662 1253 1696 corr-ad.
1285 1675 1381 1710 susp.
1413 1666 1536 1708 perti-

60 1711 179 1741 neant.
226 1706 320 1753 Erg.
346 1716 494 1739 mecum
519 1711 662 1750 ageret.
691 1726 734 1733 --
760 1709 905 1749 temere,
939 1708 976 1739 in
1004 1707 1075 1742 den
1100 1708 1176 1754 Tag
1200 1708 1342 1744 hinein.

157 1782 188 1816 2.
214 1779 372 1820 Statius,
399 1781 446 1826 Q.
473 1780 666 1815 Ciceronis
690 1780 856 1814 libertus.
885 1780 968 1814 Vid.
994 1792 1051 1826 ep.
1079 1783 1159 1823 728,
1187 1786 1218 1818 l.
1246 1802 1287 1808 —
1319 1786 1357 1821 Q.
1388 1786 1535 1820 Cicero-

25 1833 30 1901 ἢ
57 1840 135 1862 nem
159 1829 294 1863 filium.
316 1846 358 1852 —-
386 1838 521 1867 cis-sev..
547 1829 619 1861 mit
640 1829 753 1862 aliem
773 1829 899 1862 Ernst.
919 1847 961 1853 —
988 1828 1096 1871 haec,
1124 1830 1251 1865 solche
1266 1833 1412 1879 Dirige,
1439 1845 1534 1878 quae

25 1878 30 1912 ’ζ
59 1878 113 1911 M.
140 1876 323 1911 Antonius
347 1881 444 1922 agat.
492 1875 630 1910 Bisher
654 1876 755 1909 hatte
776 1886 819 1909 er
850 1875 932 1909 sich
966 1875 1052 1910 viel
1087 1877 1224 1911 darauf
1253 1892 1301 1913 zu
1334 1882 1433 1916 Gute
1468 1893 1534 1927 ge-

58 1924 177 1964 than,
205 1924 330 1957 dessen
357 1924 517 1957 dextella
542 1935 589 1956 zu
613 1924 704 1957 sein.
730 1923 765 1956 S.
794 1934 851 1968 ep.
881 1925 960 1966 704,
986 1925 1018 1959 5.
1047 1943 1086 1950 -
1126 1926 1260 1966 iratus,
1289 1939 1326 1962 es
1352 1929 1399 1962 ist
1424 1932 1534 1977 mog-

25 1972 31 2027 i
58 1972 162 2014 lich,
198 1972 276 2006 dass
307 1982 347 2004 er
378 1971 489 2005 einen
522 1969 884 2019 augenblicklichen
911 1973 1024 2006 Groll
1050 1974 1118 2006 auf
1138 1974 1321 2010 Antonius
1345 1975 1425 2010 hat.
1451 1978 1533 2010 ira-

25 2022 31 2052 s!
61 2020 135 2053 tius
160 2020 224 2055 Cd.
251 2020 289 2052 in
315 2031 364 2052 m.
393 2020 493 2054 1584.
520 2038 565 2044 —
591 2017 867 2064 σχεδίασμα,
900 2021 1066 2054 subitum
1098 2022 1315 2066 consilium,
1350 2025 1410 2057 ein
1442 2036 1533 2059 vor-

26 2059 31 2101 i'
60 2067 344 2116 iibergehender
364 2067 524 2102 Einfall.
551 2086 595 2092 —
622 2068 810 2109 nimirum,
837 2067 1028 2102 wirklich.
1077 2070 1212 2103 Wenn
1237 2082 1312 2105 nur
1335 2072 1443 2106 nicht
1457 2073 1534 2106 An-

27 2106 32 2161 ζ
59 2116 182 2149 tonius
207 2114 287 2148 ihm
316 2115 623 2160 Unanst'andiges‚
652 2114 815 2150 Verrath
843 2127 963 2163 gegen
988 2117 1214 2157 Vaterlaml‚
1249 2119 1366 2153 Vater
1389 2132 1424 2153 u.
1454 2122 1533 2154 On-

26 2171 33 2207 3
60 2162 125 2197 kel
150 2162 392 2208 zugemuthet
417 2163 531 2199 h‘zitte.
564 2163 598 2197 S.
624 2174 684 2208 ep.
711 2164 792 2202 733,
820 2166 854 2197 l.
883 2183 924 2190 --
962 2174 1051 2209 quae
1076 2164 1140 2198 ille
1165 2166 1207 2199 de
1231 2165 1299 2200 hoc
1326 2167 1352 2204 i.
1379 2178 1410 2201 e.
1437 2180 1532 2214 quae

28 2207 33 2256 E
60 2210 105 2252 Q.
133 2211 234 2245 filius
259 2212 350 2245 olim
374 2211 418 2244 de
443 2210 606 2244 Antonio
632 2212 782 2245 dixerit.
808 2211 890 2245 vid.
919 2223 976 2258 ep.
1005 2212 1085 2254 704,
1109 2214 1132 2248 5
1157 2219 1195 2247 et
1217 2215 1300 2255 699,
1325 2216 1361 2249 3.
1389 2234 1433 2242 —-
1457 2228 1533 2250 me-

27 2266 33 2297 !
58 2268 137 2291 cum
163 2258 455 2293 communicavit
479 2258 618 2301 quidem
641 2256 791 2304 ἄφατα
815 2259 842 2296 i.
867 2271 898 2293 e.
926 2271 1001 2293 non
1025 2259 1204 2301 dicenda,
1230 2262 1411 2306 infanda,
1434 2264 1532 2298 auch

28 2301 33 2357 ξ
61 2306 137 2339 mir
159 2305 226 2341 hat
250 2316 293 2341 er
316 2306 459 2352 Dinge,
484 2306 544 2340 die
569 2318 653 2341 man
678 2307 787 2341 nicht
802 2307 1009 2352 nachsagen
1034 2307 1152 2352 kann,
1178 2310 1274 2344 einst
1298 2318 1533 2355 anvertraut3

29 2359 34 2397 ς
61 2363 209 2387 mecum
234 2354 388 2388 infanda
414 2354 596 2399 quaedam
621 2355 765 2390 locutus
790 2361 846 2390 est
870 2355 914 2389 de
940 2367 1004 2390 suo
1029 2355 1069 2388 in
1093 2357 1146 2391 M.
1165 2356 1369 2391 Antonium
1395 2360 1531 2393 studio,

29 2400 34 2455 ς
63 2399 174 2437 8011.
201 2400 329 2442 „auch
347 2413 470 2450 gegen
487 2401 592 2436 mich
609 2402 675 2437 hat
695 2413 738 2437 er
761 2403 857 2437 einst
882 2403 1073 2450 geprahlt‚
1100 2415 1138 2439 so
1164 2406 1244 2439 dass
1270 2405 1333 2439 ich
1360 2417 1396 2439 es
1422 2406 1532 2440 nicht

29 2457 35 2529 ὲ
63 2447 311 2493 aussprechen
337 2448 448 2483 kann.
474 2469 519 2475 -
542 2450 582 2484 id
606 2456 658 2484 est
682 2449 784 2484 nihil.
833 2452 1028 2486 Dolabella
1063 2453 1156 2486 mihi
1188 2454 1224 2486 in
1257 2454 1440 2487 mandatis
1465 2455 1531 2488 da·-

27 1817 29 1825 v

25 1674 28 1694 i

24 1719 26 1740 l

24 1741 29 1779 l

63 2495 138 2537 bit,
177 2496 275 2539 quod
300 2497 472 2537 voluero,
508 2498 547 2531 id
573 2505 628 2533 est
652 2509 804 2544 prorsus
837 2499 946 2534 nihil.
1001 2500 1132 2535 Cicero
1158 2501 1259 2534 enim
1285 2501 1366 2534 dari
1391 2501 1461 2534 sibi
1486 2503 1530 2535 ab

64 2553 108 2577 eo
135 2544 394 2577 mandatorum
419 2546 562 2591 aliquid
585 2547 749 2587 volebat,
774 2547 935 2592 speciem
953 2554 1077 2582 tamen
1101 2555 1246 2583 tantum
1270 2548 1530 2583 mandatorum

32 2613 36 2622 l
65 2590 230 2635 aliquam
256 2592 476 2635 quaerebat,
511 2605 587 2628 non
613 2594 693 2639 ipsa
718 2594 910 2638 mandata3
945 2607 991 2630 ne
1019 2596 1208 2629 discedere
1235 2595 1312 2628 sine
1339 2607 1447 2630 causa
1472 2599 1530 2632 vi-

32 2644 37 2671 i*
65 2638 229 2675 deretur.
258 2639 342 2674 vid.
368 2650 425 2684 ep.
453 2651 526 2687 seq.
561 2642 727 2676 initium.
759 2660 805 2666 —
843 2643 887 2680 C.
924 2644 1104 2676 Antonius
1136 2645 1232 2676 alter
1264 2643 1316 2676 Μ.
1342 2644 1534 2679 triumviri

32 2682 37 2718 ’ν
64 2686 196 2721 frater.
223 2704 266 2711 —-
299 2688 493 2730 septemvir
517 2690 616 2737 agris
641 2690 869 2724 dividundis.
919 2691 994 2724 Mit
1028 2690 1256 2735 Ampielung
1281 2693 1348 2725 auf
1371 2692 1432 2726 das
1459 2694 1534 2727 Ge-

32 2728 37 2761 ?
65 2734 198 2778 riicht,
224 2735 305 2770 dass
332 2734 433 2770 scine
458 2737 557 2771 Frau
581 2737 687 2772 sechs
711 2738 875 2773 Anbeter
901 2740 992 2773 solle
1017 2737 1158 2785 gehabt
1183 2738 1315 2774 haben.
1342 2738 1377 2774 S.
1405 2741 1534 2776 Bosius

1018 2786 1113 2831 10*
