1795 3086
304 103 613 148 EPISTOLA
642 102 947 146 DCCXXIV.
976 101 1258 146 Dccxxv.
1440 94 1525 143 137

0 210 1 270 i
96 215 224 261 ·Nec
252 214 577 270 Pelopidarum
601 214 738 268 sacta
764 225 917 266 neque
943 214 1113 267 famam
1141 211 1342 255 audiam.

0 281 2 336 l
63 273 290 316 Sed-heus
318 278 382 325 tu,
418 286 472 313 ne
501 271 620 312 forte
659 272 721 312 sis
750 269 937 319 nesciuS‚
976 270 1216 312 Dolabella
1252 282 1319 308 me
1348 266 1435 308 sibi
1464 267 1524 307 le-
1565 266 1591 304 4

0 341 2 413 h
65 330 195 384 gavit·
235 342 271 368 a.
310 328 352 370 d.
399 341 456 369 iv.
487 326 650 368 Nonas.
709 324 766 365 Id
794 323 906 364 mihi
934 322 1033 365 heri
1070 324 1247 379 vesperi
1284 323 1526 364 nuntiatum

0 427 2 438 ι
65 390 145 426 est.
201 384 369 425 Votiva
394 396 448 423 ne
485 383 566 423 tibi
596 381 775 435 quidem
815 380 1027 434 placebat.
1091 381 1270 421 Etenim
1309 383 1406 420 erat
1452 379 1528 418 ab-

0 449 2 489 ῗ
68 440 263 492 surdum,
293 452 416 494 quae,
455 439 494 478 si
523 439 718 478 stetisset
745 449 816 476 res
845 435 1040 489 publica,
1085 438 1322 488 vovissem,
1360 448 1414 475 ea
1440 447 1526 483 me,

0 529 3 533 ,
68 509 224 537 eversa
259 496 352 547 illa,
389 498 494 535 vota
531 493 802 534 dissolvere:
851 495 893 531 et
930 489 1105 535 habent,
1146 491 1315 543 opinor,
1363 490 1529 531 liberae

0 549 3 612 Ι
70 553 315 606 legationes
344 549 581 590 definitum
605 553 775 602 tenipus
805 547 903 600 lege
931 546 1084 598 ‚Iulia3
1128 558 1209 585 nec
1246 545 1377 586 facile
1426 545 1531 586 addi

70 611 227 661 potest.
284 605 406 646 Aveo
435 618 570 656 genus
599 603 854 658 legationis,
882 606 945 653 ut,
993 614 1126 656 quum
1168 600 1295 650 velis,
1344 600 1532 642 introire

70 664 198 704 exire
227 663 387 702 liceatt
418 660 536 715 quod
566 673 680 700 nunc
707 657 819 699 mihi
849 657 1051 698 additum
1080 660 1159 698 est.
1205 654 1337 695 Bella
1367 660 1432 697 est
1461 670 1535 696 au-

71 724 159 758 tem
197 717 329 757 huius
368 716 480 757 iuris
519 714 807 770 quinquennii
846 714 1040 756 licentia.
1110 712 1389 765 Quamquam
1429 711 1537 766 quid

71 773 126 813 de
162 772 460 827 quinquennio
499 769 720 826 cogitem?
779 769 997 810 Contrahi
1047 767 1161 810 mihi
1203 767 1431 821 negotium
1468 766 1535 809 vi-

71 829 212 870 detur.
268 828 358 869 Sed
388 825 602 879 βλάσφημα
629 826 869 866 mittamus.

198 1024 201 1027 ·
235 1017 550 1060 EPISTOLA
577 1016 864 1059 DCCXXV.
918 1013 995 1065 (ad
1024 1015 1114 1055 Att.
1146 1012 1257 1057 XV.
1288 1013 1373 1061 12.)

235 1093 315 1128 Ser.
341 1093 382 1127 in
406 1093 552 1127 Antiati
576 1094 637 1126 iv,
663 1092 718 1126 Id.
745 1093 827 1126 1un.
853 1092 896 1125 A,
932 1091 977 1124 U.
1007 1090 1047 1124 c.
1069 1092 1149 1125 710.
1173 1090 1220 1131 (a.
1248 1089 1288 1123 c.
1315 1089 1391 1131 44.)

77 1160 227 1205 Repetit
251 1160 421 1194 breviter
447 1171 539 1203 quae
564 1159 610 1193 de
636 1161 750 1193 Bruto
775 1166 812 1192 et
837 1157 959 1192 Cassio
985 1156 1202 1202 scripserat,
1228 1155 1405 1199 additque
1431 1166 1546 1199 pauca

145 1208 189 1242 de
215 1208 256 1242 1...
282 1208 437 1242 Antonii
461 1208 586 1242 literis
612 1214 648 1242 et
673 1207 718 1241 de
744 1205 936 1241 Octaviani
962 1204 1115 1252 ingenio
1141 1210 1177 1238 et
1203 1204 1336 1237 animo.
1373 1204 1474 1238 1-2.

591 1274 766 1309 CICERO
792 1272 972 1307 ATTICO
999 1271 1036 1308 S.

187 1341 308 1384 Bene
337 1340 592 1382 mehercule
632 1340 689 1382 de
725 1338 963 1381 Buthroto.
1015 1337 1074 1379 At
1114 1351 1196 1392 ego
1235 1336 1452 1379 Tironem
1490 1337 1547 1379 ad

7 1520 9 1557 ξ
81 1516 343 1551 Antoniorum.
393 1516 508 1551 Initio
534 1515 647 1549 huius
673 1515 812 1549 senarii
836 1513 957 1547 utitur
982 1524 1041 1558 ep.
1068 1513 1152 1556 692,
1176 1513 1210 1548 2.
1261 1511 1309 1546 At
1335 1523 1393 1557 ep.
1420 1513 1503 1555 653,
1530 1516 1550 1548 1

7 1565 9 1590 ἱ
85 1576 168 1599 eum
194 1565 305 1598 aliter
331 1563 451 1598 effert.
490 1564 596 1598 SCH.

179 1613 212 1646 4.
261 1623 305 1646 ηε
331 1641 339 1649 ,
367 1635 375 1645 .
402 1612 452 1645 sis
476 1612 630 1654 nescius,
669 1610 785 1644 damit
819 1610 878 1644 Du
915 1620 953 1643 es
978 1609 1126 1643 wissest
1150 1619 1171 1643 ο
1187 1608 1271 1642 der
1295 1614 1422 1643 metuo
1447 1608 1550 1642 enim

84 1671 127 1693 ηε
151 1666 223 1694 cet.
251 1674 300 1691 z
325 1666 480 1707 gesetzt,
518 1661 577 1693 Du
601 1661 774 1693 wiisstest
800 1669 836 1692 es
862 1657 963 1691 noch
986 1657 1105 1691 nicht.
1156 1657 1194 1692 S.
1228 1656 1378 1690 Ramsh.
1412 1656 1442 1699 §.
1468 1659 1549 1697 191,

85 1711 118 1744 2.
145 1710 225 1748 166,
250 1709 283 1741 4.
333 1726 375 1732 -
427 1718 482 1740 me
506 1707 576 1741 sibi
601 1707 753 1749 legavit,
790 1705 856 1739 hat
880 1705 986 1738 mich
1011 1717 1058 1738 zu
1088 1705 1231 1739 seinem
1263 1704 1551 1752 Ehrenlegaten

84 1754 272 1803 gemacht,
310 1755 490 1798 decrevit,
528 1761 570 1788 ut
602 1755 673 1788 sibi
711 1754 751 1787 in
784 1753 933 1797 Syriam
974 1753 1075 1787 ituro
1107 1753 1252 1800 legatus
1289 1764 1416 1786 essem.
1469 1753 1553 1787 Hoc

86 1805 142 1836 ius
169 1804 205 1835 le
235 1802 368 1836 atlonis
395 1814 613 1837 concessum
639 1809 718 1836 erat
744 1801 918 1836 Ciceroni
951 1800 991 1833 in
1018 1800 1328 1844 quinquennium.
1360 1800 1468 1834 SCH.
1506 1819 1550 1825 —

86 1852 134 1884 ad
156 1851 177 1884 1
216 1876 225 1885 .
250 1851 373 1885 Nonas
397 1851 534 1885 Iunias.
582 1850 692 1885 Falso
719 1849 810 1884 olim
835 1848 1037 1882 addebatur
1061 1849 1225 1892 Apriles.
1259 1847 1365 1882 SCH.
1407 1859 1494 1891 „ani
1519 1850 1552 1884 2.

87 1899 256 1933 Iunius.“
285 1917 326 1925 -
358 1899 491 1933 Votiva
516 1899 668 1946 legatio.
706 1897 742 1931 S.
769 1909 816 1930 zu
843 1908 900 1941 ep.
927 1898 1008 1937 719,
1037 1899 1056 1930 l
1082 1908 1140 1929 am
1166 1896 1283 1930 Ende.
1319 1914 1367 1921 —
1400 1901 1478 1930 erat
1503 1910 1553 1928 z

90 1953 196 1981 esset.
224 1967 265 1973 -
291 1947 326 1980 si
349 1961 398 1978 z
423 1953 535 1980 unter
558 1947 625 1980 der
650 1945 885 1993 Bedingung‚
921 1943 1002 1977 dass
1029 1958 1078 1975 z
1102 1945 1167 1977 fiir
1193 1944 1254 1978 die
1279 1943 1554 1979 Aufrechthal·

90 2001 184 2042 tung·
210 1994 270 2028 des
296 1994 510 2028 Freistaats.
560 1995 610 2027 Es
636 1994 685 2028 ist
712 1993 773 2027 das
796 1994 829 2026 si
856 1993 923 2026 der
946 1992 1127 2026 Formula
1149 1992 1324 2026 vovendi.
1352 2010 1394 2017 -
1430 2003 1556 2025 eversa

89 2043 170 2085 illa,
196 2042 296 2076 nach
321 2042 446 2076 ihrem
471 2043 683 2077 Umsturze.
726 2060 770 2066 —
813 2040 1008 2074 dissolvere
1033 2039 1136 2085 quasi
1162 2040 1297 2080 debita,
1332 2052 1379 2074 zu
1405 2040 1555 2081 zahlen,

9 2106 23 2137 χ
90 2103 137 2125 zu
158 2091 323 2124 erfiillen
349 2090 462 2125 oder
486 2091 653 2124 erfiillen
680 2102 727 2122 zu
752 2088 910 2124 wellen.
937 2107 979 2112 —
1007 2093 1039 2121 et
1065 2087 1192 2121 habent
1217 2088 1313 2122 kurz
1340 2094 1470 2136 gesagt
1492 2090 1557 2122 fiir

20 2148 22 2150 '
92 2146 130 2173 et
150 2139 309 2172 liberam
332 2138 560 2186 legationem
585 2137 757 2183 accipere
780 2148 855 2170 non
880 2136 1007 2182 potui3
1033 2147 1118 2168 nam
1143 2135 1270 2170 habent
1295 2143 1364 2170 cet.
1391 2155 1434 2160 —
1471 2140 1557 2169 tem-

88 2197 166 2231 pus,
191 2186 304 2220 Frist.
339 2205 382 2210 —
417 2197 478 2220 nec
496 2187 621 2229 facile
646 2186 732 2219 addi
754 2189 881 2229 potest,
914 2184 988 2217 und
1014 2184 1241 2231 verlangern
1266 2184 1367 2218 kann
1392 2196 1480 2217 man
1505 2184 1559 2218 sie

91 2233 202 2268 nicht
224 2233 363 2278 leicht3
389 2233 523 2268 Nichts
548 2234 686 2267 hinzu-
712 2233 812 2266 noch
837 2232 957 2265 davon
983 2232 1090 2266 thun.
1128 2251 1168 2258 -
1209 2236 1309 2265 Aueo
1334 2243 1448 2274 genus
1473 2233 1559 2274 leg„

92 2281 198 2316 mich
221 2282 398 2329 verlangt
421 2282 520 2315 nach
546 2282 653 2316 einer
677 2281 860 2328 Legation
885 2280 951 2313 der
973 2280 1055 2319 Art,
1081 2279 1172 2313 dass
1212 2299 1259 2304 —
1303 2280 1460 2314 introire
1484 2281 1559 2314 Ro-

93 2341 214 2371 manu
241 2331 339 2363 exire
363 2331 491 2364 Roma.
529 2349 572 2354 —
608 2330 767 2363 additum
791 2333 843 2362 est
869 2328 1057 2376 legatione
1082 2327 1179 2361 mihi
1204 2339 1390 2368 concessa,
1417 2334 1457 2361 ut
1483 2328 1559 2361 Do-

96 2376 256 2410 labellae
283 2378 427 2425 legatus
453 2378 536 2413 sim.
563 2396 606 2402 -
635 2377 766 2422 quinq„
791 2377 856 2409 auf
878 2378 965 2410 fiinf
987 2375 1110 2409 Iahre.
1144 2396 1187 2401 —
1233 2375 1410 2410 Contrahi
1435 2401 1443 2409 .
1472 2400 1479 2408 .
1506 2375 1559 2408 vi-

95 2425 211 2463 detur,
236 2425 337 2465 „wie
361 2426 438 2458 mir
461 2425 612 2468 deucht,
639 2425 743 2458 mich
768 2423 895 2467 ahnet‚
921 2424 1047 2458 diirfte
1073 2423 1157 2457 sich
1184 2423 1303 2458 dieses
1317 2424 1439 2456 Fiinf
1461 2423 1559 2457 noch

96 2472 278 2506 ziemlich
302 2485 516 2507 zusammen
541 2473 690 2515 ziehen‚
715 2472 971 2506 verkiirzen.“
1019 2471 1223 2506 Riihrende
1240 2471 1424 2518 Ahnung!
1461 2470 1559 2505 deun

96 2520 148 2553 im
176 2519 356 2554 n'achsten
373 2521 482 2555 Iahre
508 2521 613 2555 ward
639 2532 683 2555 er
706 2521 912 2569 gemordet.
941 2538 980 2545 -
1009 2520 1074 2553 sed
1095 2517 1229 2565 βλάσφ.
1255 2519 1357 2558 mitt„
1383 2530 1430 2552 ne
1454 2519 1559 2553 nobis

96 2567 194 2602 male
218 2567 438 2610 ominemur,
465 2569 562 2603 doch
586 2571 663 2602 fort
687 2569 758 2603 mit
783 2579 822 2602 so
848 2568 979 2602 iibeler
1006 2567 1184 2611 Ahnung!

192 2617 227 2650 1.
278 2616 320 2649 de
344 2616 536 2660 Buthroto,
561 2615 810 2651 Vortrefflich
845 2616 885 2649 in
910 2615 978 2649 der
1002 2615 1116 2655 That‚
1154 2614 1248 2649 Was
1282 2615 1341 2648 Du
1376 2626 1447 2648 von
1487 2616 1558 2648 Bu-

99 2663 267 2697 throtum
307 2664 476 2698 meldest.
526 2664 671 2698 Atticus
717 2665 761 2698 ad
800 2664 1019 2698 Ciceronem
1060 2663 1263 2706 scripserat
1307 2663 1478 2696 consules
1513 2662 1558 2697 de

101 2712 252 2745 consilii
280 2711 464 2746 sententia
499 2712 708 2746 decrevisse
748 2712 950 2746 secundum
984 2709 1213 2744 Buthrotios.
1251 2708 1360 2743 SCH.
1410 2712 1457 2744 cf.
1499 2722 1556 2755 ep.

101 2760 181 2795 739.
208 2762 285 2796 740.
313 2767 350 2795 et
375 2771 474 2806 supr.
503 2759 546 2793 ad
573 2771 627 2805 ep.
653 2761 734 2805 691,
760 2762 792 2795 2.
835 2778 874 2785 ——
923 2760 970 2792 cad
994 2758 1231 2797 Dolabellam,
1257 2769 1380 2803 quem,
1419 2764 1460 2792 ut
1485 2760 1556 2792 Bu-
