1795 3086
20 2284 25 2336 ¹3

26 2600 30 2656 1

26 2657 31 2716 l

29 2776 33 2804 1

322 101 639 146 EPISTOLA
672 100 950 145 DCCCVII.
989 103 1287 147 DCCCVIII.
1452 107 1541 154 291

69 226 257 268 semper,
286 215 347 255 mi
366 212 610 265 Cornifici,
639 212 844 254 manebit.
904 214 1088 255 Gratum
1109 216 1243 257 etiam
1261 217 1395 267 illud,
1424 220 1543 272 quod

69 270 183 310 mihi
221 274 296 311 tuo
337 271 513 311 nomine
552 269 718 323 gratias
757 268 950 321 agendas
991 283 1076 310 non
1118 276 1268 326 putas:
1307 287 1389 313 nec
1428 275 1542 314 enim

68 326 114 365 id
144 325 263 366 inter
291 339 370 367 nos
402 326 548 365 facere
579 324 801 365 debemus.
870 323 1053 365 Senatus
1083 327 1257 381 saepius
1286 342 1366 383 pro
1398 328 1540 382 ‹ligni-

68 386 158 422 tate
189 387 264 422 tua
293 382 614 436 appellaretur,
649 381 710 430 si,
746 380 995 420 absentibus
1025 385 1301 435 consulibus,
1337 397 1542 438 unquam,

67 438 155 478 nisi
184 437 241 477 ad
269 451 362 478 rem
390 449 571 487 novam,
602 441 847 488 cogeretur.
904 436 1062 489 Itaque
1091 450 1174 477 nec
1201 439 1256 479 de
1275 439 1353 480 HS
1375 453 1443 480 xx.
1465 454 1544 481 nec

0 521 1 524 η
69 494 125 533 de
156 492 233 533 HS
264 503 371 534 mcc.
413 491 654 546 quidquam
685 492 758 545 agi
786 504 904 531 nunc
933 505 1013 545 per
1035 497 1231 533 senatum
1249 500 1403 547 potest.
1461 497 1544 537 Ti-

67 549 112 588 bi
149 554 296 589 autem
340 560 394 588 ex
442 551 615 587 senatus
663 548 867 588 consulto
911 548 1216 600 imperandum
1261 557 1545 607 mutuumque

68 605 328 645 sumendum
358 615 530 644 censeo.
596 603 649 642 In
679 617 728 643 re
756 603 931 657 publica
959 603 1065 657 quid
1105 609 1285 656 agatur,
1326 608 1460 648 credo
1499 613 1542 650 te

69 673 128 701 ex
159 673 308 700 eorum
339 658 487 698 literis
518 671 806 712 cognoscere,
844 660 918 712 qui
948 658 1003 698 ad
1032 664 1077 698 te
1107 664 1207 699 aeta
1245 660 1403 701 debent
1445 678 1541 717 per-

0 731 2 753 :
70 716 276 756 scribere.
334 714 434 766 Ego
465 727 560 754 sum
591 728 667 769 spe
696 716 830 755 bona:
869 713 1077 765 consilio,
1112 727 1241 764 cura,
1279 716 1427 756 labore
1456 732 1543 760 non

69 771 242 811 desum:
281 771 482 810 omnibus
512 770 706 811 inimicis
736 771 801 811 rei
832 769 1031 823 publicae
1063 782 1157 810 esse
1188 784 1257 811 me
1279 774 1542 814 acerrimum

67 826 237 867 hostem
265 838 372 879 prae
402 839 470 866 me
500 825 610 866 fero.
667 825 759 867 Res
788 838 927 878 neque
955 838 1070 864 nunc
1088 825 1272 866 difficili
1302 827 1400 867 loco
1430 830 1541 870 mihi

2 879 5 931 ᾗ
67 882 244 923 videtur
281 894 376 922 esse
414 886 459 922 et
494 880 650 922 fuisset
688 881 932 931 facillimo,
970 882 1009 921 si
1049 881 1177 934 culpa
1215 895 1242 923 a
1280 883 1542 937 quibusdam

0 936 4 948 ”
68 939 268 980 afuisset.

218 1102 534 1145 EPISTOLA
562 1100 866 1142 DCCCVIII.
924 1103 998 1152 (ad
1030 1103 1132 1145 Div.
1163 1101 1274 1145 XII.
1305 1104 1391 1153 29.)

135 1179 213 1213 Ser.
239 1180 378 1214 Romae
403 1187 530 1211 mense
557 1175 675 1222 Aprili
701 1181 767 1209 aut
790 1176 898 1210 Maio
923 1178 962 1209 A.
992 1178 1032 1209 U.
1064 1178 1101 1210 C.
1129 1179 1209 1213 711.
1257 1179 1304 1220 (a.
1331 1180 1372 1213 C.
1399 1180 1472 1222 43.)

443 1244 595 1278 Lamiae
620 1242 772 1287 negotia
797 1244 1046 1277 commendat.
1084 1244 1171 1279 1-3.

518 1310 704 1344 CICERO
731 1310 1023 1344 CORNIFICIO
1057 1310 1095 1344 S.

177 1379 281 1421 Non
309 1377 443 1419 modo
472 1377 579 1427 tibi,
610 1376 681 1415 cui
712 1380 861 1416 nostra
891 1376 1039 1416 omnia
1060 1376 1290 1420 notissima
1308 1383 1434 1432 sunt,
1463 1381 1543 1422 sed

11 1448 12 1451 ’
70 1438 284 1479 neminem
313 1436 361 1475 in
390 1433 552 1488 populo
582 1430 784 1473 Romano
813 1432 1008 1472 arbitror
1037 1445 1155 1484 esse,
1195 1435 1265 1474 eui
1306 1436 1365 1476 sit
1394 1436 1544 1490 ignota

11 1527 13 1544 :
70 1507 123 1535 ea
151 1491 457 1542 familiaritas,
495 1500 604 1542 quae
640 1487 754 1527 mihi
790 1500 889 1527 cum
927 1487 978 1528 L.
1017 1486 1175 1529 Lamia
1215 1496 1293 1530 est.
1362 1492 1544 1533 Etenim

70 1562 230 1602 magno
259 1546 437 1588 theatro
467 1548 663 1598 spectata
692 1548 759 1584 est
786 1548 904 1594 tum,
935 1557 1066 1599 quum
1097 1549 1163 1585 est
1193 1546 1245 1585 ab
1275 1547 1328 1586 Α.
1353 1548 1543 1590 Gabinio

71 1604 251 1645 consule
280 1602 527 1655 relegatus,
567 1598 684 1653 quod
714 1599 855 1639 libere
885 1602 929 1639 et
965 1599 1145 1640 fortiter
1180 1601 1363 1642 salutem
1402 1617 1544 1644 meam

70 1659 354 1701 defendisset.
419 1655 514 1696 Nec
552 1669 609 1695 ex
649 1668 700 1694 eo
739 1667 863 1695 amor
899 1655 1018 1695 inter
1055 1669 1134 1697 nos
1171 1663 1297 1698 natus
1339 1663 1431 1699 est:
1467 1659 1544 1700 sed

70 1716 190 1770 quod
219 1720 316 1755 erat
343 1716 468 1754 vetus
498 1715 540 1751 et
579 1723 785 1764 magnus,
823 1715 1059 1765 propterea
1093 1712 1260 1754 nullum
1298 1715 1544 1767 periculum

14 1866 19 1878 ”’
71 1869 111 1902 id
134 1868 232 1901 inter
256 1878 341 1909 nos,
375 1879 492 1912 quum
518 1867 629 1899 amici
655 1867 781 1900 simus.
815 1886 859 1891 —
896 1868 1164 1911 appellaretur,
1202 1869 1330 1902 wi'irde
1355 1880 1544 1915 angegan-

14 1916 19 1942 ἴ
71 1928 138 1962 gen
164 1915 322 1949 werden.
348 1918 373 1948 i.
399 1927 430 1949 e.
459 1927 528 1960 ego
555 1927 666 1960 saepe
692 1916 859 1949 facerem
891 1921 977 1948 tuae
1013 1916 1208 1961 dignitatis
1234 1917 1466 1952 mentionem
1494 1925 1544 1960 et,

73 1964 165 2010 quid
191 1976 260 2009 pro
286 1975 329 1996 ea
356 1963 633 1996 decernendum
670 1970 786 2004 esset,
825 1975 1042 2005 monerem,
1076 1964 1107 1997 si
1133 1971 1279 1998 senatus
1303 1971 1498 2008 cogeretur
1522 1967 1545 2001 i.

17 2036 20 2047 .
73 2025 106 2049 e.
144 2018 416 2045 convocaretur
447 2022 616 2055 unquam,
656 2011 728 2044 uisi
762 2011 810 2044 ud
842 2023 916 2044 rem
948 2022 1093 2053 novam,
1134 2013 1170 2045 ie
1204 2013 1336 2047 anders
1369 2014 1419 2047 als
1455 2015 1488 2048 d.
1522 2015 1545 2048 i.

18 2064 22 2111 ζ
72 2072 179 2093 wenn
213 2060 278 2093 der
311 2060 422 2093 senat
454 2061 559 2092 nicht
593 2059 691 2092 bloss
725 2059 786 2092 bei
823 2060 943 2092 einem
969 2071 1087 2092 neuen
1115 2063 1308 2107 Vorgange
1333 2074 1546 2096 zusammen

72 2108 230 2143 berufen
256 2107 393 2141 wurde.
421 2126 467 2131 —
494 2109 535 2141 de
560 2107 632 2142 HS.
659 2120 748 2148 xx„
776 2108 870 2140 iiber
897 2108 958 2140 die
984 2109 1114 2148 20‚00⁰
1139 2109 1341 2143 Sestertien
1366 2124 1415 2142 z
1437 2112 1546 2150 2000

19 2145 23 2169 ³
73 2158 243 2200 Guiden3
268 2156 310 2189 de
334 2155 405 2189 Hs.
433 2166 541 2196 loca,
570 2156 662 2188 uber
687 2155 746 2187 die
765 2157 919 2196 700‚000
935 2156 1135 2190 Sestertien
1162 2171 1211 2188 Ξ
1236 2159 1365 2199 70‚000
1387 2159 1547 2198 eumen,

20 2196 23 2210 ¹
72 2207 131 2238 die
159 2205 380 2238 Cornificius
407 2203 470 2236 der
494 2202 683 2248 Republik
707 2204 960 2248 vorgestreckt
986 2204 1104 2239 hatte.
1137 2223 1184 2230 --
1217 2207 1433 2250 imperanti„
1467 2208 1550 2240 dass

72 2255 134 2287 Du
157 2251 420 2286 ausschreiben
453 2252 624 2285 konnest.

168 2302 202 2336 3.
229 2311 300 2334 non
332 2301 468 2341 desum,
502 2300 564 2333 ich
599 2300 689 2332 lasse
723 2311 762 2333 es
797 2298 907 2332 nicht
933 2311 977 2332 an
1007 2323 1016 2331 .
1045 2324 1053 2331 .
1081 2325 1088 2334 .
1117 2299 1259 2335 fehlen.
1294 2321 1339 2327 -—
1370 2313 1462 2345 prae
1494 2313 1550 2336 me

21 2345 26 2393 ξ
66 2351 181 2393 sero,
205 2348 297 2382 halt’
321 2347 386 2381 ich
411 2347 517 2381 nicht
543 2348 704 2392 gebeim.
730 2366 774 2372 —
800 2345 974 2390 difficili,
990 2347 1181 2391 facillimo
1207 2351 1302 2392 loco,
1330 2351 1366 2382 in
1392 2351 1549 2382 schwie-

23 2415 27 2435 ·‚
75 2399 192 2441 rigor,
218 2397 258 2429 in
285 2395 350 2429 der
374 2396 655 2441 gli'icklichsten
681 2397 797 2441 Lage.
826 2414 870 2420 ——
901 2396 936 2428 sz'
961 2396 1068 2439 culpa
1095 2403 1187 2438 cet.,
1223 2398 1352 2431 hatten
1381 2398 1461 2431 sich
1486 2410 1550 2443 ge-

24 2472 26 2492 .
77 2447 183 2479 wisse
208 2445 328 2479 Lente
350 2444 486 2478 Nichts
511 2457 554 2478 zu
578 2444 766 2478 Schulden
791 2443 966 2477 kommen
994 2444 1125 2482 lassrm,

174 2514 203 2546 l.
231 2511 316 2546 Non
339 2511 442 2544 modo
467 2512 547 2547 scil.
575 2523 650 2544 non
676 2511 802 2555 ignota
827 2517 882 2543 est
908 2511 987 2544 tibi.
1015 2511 1050 2543 S.
1069 2511 1216 2545 Grotef.
1240 2511 1272 2554 ς.
1292 2513 1373 2545 340.
1400 2512 1550 2546 Ramsh.

24 2548 29 2587 ¹
78 2563 111 2605 §0
140 2562 221 2602 181,
247 2560 289 2594 B.
319 2561 353 2601 1,
377 2559 424 2592 N.
452 2559 585 2594 Lamb.
613 2563 661 2594 te.
699 2576 746 2583 —
776 2563 903 2592 nostra
928 2559 1068 2598 onmia,
1105 2560 1177 2591 alle
1214 2560 1335 2591 meine
1373 2559 1553 2594 Verbalt-

77 2608 186 2642 nisse.
214 2627 256 2633 -
284 2605 325 2639 L.
349 2606 490 2640 Lamia.
516 2606 551 2640 S.
578 2618 636 2652 ep.
666 2607 744 2647 787,
762 2607 794 2640 2.
821 2624 864 2630 -
891 2616 1026 2648 magno
1045 2607 1196 2647 theatro,
1223 2607 1286 2639 auf
1301 2607 1385 2639 dem
1400 2618 1551 2652 grossen

78 2655 325 2701 Schauplatze
358 2654 425 2687 der
459 2655 583 2697 west,
617 2654 871 2699 spectantibus
906 2655 1083 2698 plurimis.
1117 2673 1163 2679 ——
1197 2658 1362 2696 spectata
1396 2660 1468 2698 est,
1506 2658 1552 2690 ab

28 2722 32 2744 ς
79 2704 250 2737 universo
275 2704 417 2748 populo
433 2703 617 2736 Romano.
644 2720 691 2728 —-
716 2701 936 2744 defendisset
953 2702 1144 2734 Clodianis
1160 2702 1411 2746 temporibus,
1437 2716 1552 2748 quum

29 2754 32 2762 “
81 2753 214 2786 Cicero
239 2752 277 2784 in
303 2751 476 2785 exsilium
503 2750 765 2796 expelleretur.
791 2766 837 2773 —
864 2759 909 2780 ear
934 2760 994 2789 eo,
1024 2760 1066 2781 ex
1093 2750 1160 2783 illa
1186 2750 1403 2786 defensione
1429 2753 1554 2786 salutis

839 2797 923 2839 19*
