1795 3086
238 73 555 119 EPISTOLA
585 71 966 117 DCCLXXXII.
997 70 1408 117 DchXXXIII.
1484 70 1580 120 249

86 185 216 240 Tiro,
264 187 374 242 quin
411 190 457 230 te
495 186 807 229 sublevaturus
857 187 959 238 sim,
1012 185 1054 230 si
1093 187 1227 230 modo
1266 187 1450 230 fortuna
1486 199 1577 229 me:

88 244 353 298 praesertim
392 257 527 299 quum
566 243 707 284 sciam
758 255 1035 284 communem
1074 245 1203 286 nobis
1242 249 1441 300 emptum
1479 256 1579 284 esse

89 300 223 341 istum
252 299 449 343 fundum.
521 299 593 340 De
633 297 855 340 mandatis
894 299 1015 353 quod
1054 300 1140 342 tibi
1183 313 1319 343 curae
1358 300 1464 352 fuit,
1512 302 1580 341 est

88 355 205 397 mihi
233 360 418 411 gratum.
488 354 576 397 Sed
615 359 718 411 peto
759 367 786 395 a
824 357 885 402 te,
931 358 981 395 ut
1018 368 1150 410 quam
1187 357 1425 400 celerrime
1463 355 1581 396 mihi

90 411 305 453 librarius
354 413 575 464 mittatur,
632 410 829 452 maxime
870 409 1054 465 quidem
1103 412 1333 464 Graecus3
1391 412 1579 454 multum

89 468 204 510 mihi
233 469 351 510 enim
381 468 572 521 eripitur
599 480 765 522 operae
794 467 842 508 in
865 466 1172 509 exscribendis
1202 468 1581 526 hypomnematis.

91 524 168 565 Tu
196 525 334 566 velim
363 523 571 579 inprimis
601 536 747 575 cures,
787 526 838 564 ut
874 523 1042 576 valeas,
1081 525 1130 564 ut
1168 536 1255 567 una
1283 528 1597 580 συμφιλολογεῖν.

93 580 327 634 possimus.
384 579 600 623 Anterum
630 579 716 621 tibi
745 579 1023 621 commendo.
1082 578 1216 622 Vale.

184 773 505 819 EPISTOLA
533 775 944 821 DCCLXXXIII.
992 762 1083 830 (αα
1112 776 1222 822 mv.
1250 775 1388 821 xvi.
1418 776 1503 849 25.)

259 849 342 885 Ser.
368 851 528 887 Athenis
554 863 682 888 mense
707 853 855 888 incerto
880 852 924 888 A.
952 852 998 888 U.
1027 852 1070 888 G.
1098 854 1180 890 710.
1222 853 1271 897 (a.
1298 852 1339 891 C.
1367 852 1442 895 4⁴1.)
1466 905 1468 907 ,
1509 878 1528 905 χ
1567 902 1569 905 ¹
1601 902 1604 908 Ι

351 919 500 954 Literas
526 931 546 953 a
572 919 714 962 Tirone
741 930 854 966 quam
880 919 1134 955 creberrimas
1161 919 1338 966 requirit.
1404 948 1406 951 ,

520 984 700 1027 CICERO
726 991 770 1026 F.
798 991 974 1028 TIRONI
999 991 1092 1027 SUO
1118 990 1156 1027 S.

202 1058 307 1102 Etsi
335 1058 455 1101 iusta
483 1062 530 1100 et
557 1058 722 1101 idonea
751 1072 856 1102 usus
892 1073 940 1102 es
968 1060 1262 1104 excusatione
1290 1060 1603 1116 intermissio}

98 1114 170 1156 nis
199 1116 435 1158 literarum
462 1118 657 1167 tuarum,
686 1120 850 1169 tamen,
891 1115 940 1156 id
968 1129 1025 1158 ne
1052 1115 1234 1172 saepius
1263 1116 1425 1170 facias,
1462 1131 1589 1174 rogo.

97 1170 211 1212 Nam
240 1172 328 1214 etsi
357 1172 414 1213 de
444 1184 493 1213 re
521 1171 704 1227 publica
733 1171 989 1214 rumoribus
1028 1177 1075 1214 et
1103 1173 1274 1215 nuntiis
1314 1175 1489 1216 certior
1526 1174 1591 1216 fio

96 1231 144 1268 et
173 1227 228 1268 de
257 1242 339 1270 sua
367 1228 416 1270 in
442 1240 515 1269 me
543 1228 776 1270 voluntate
805 1241 982 1283 semper
1018 1228 1078 1270 ad
1115 1243 1190 1277 me,
1229 1230 1474 1286 perscribit
1511 1243 1590 1287 pa-

96 1287 181 1330 ter,
226 1288 375 1325 tamen
424 1282 482 1324 de
527 1283 687 1338 quavis
734 1283 920 1325 minima
964 1297 1014 1326 re
1061 1287 1232 1341 scripta
1274 1298 1300 1326 a
1336 1290 1383 1328 te
1421 1286 1481 1328 ad
1519 1299 1592 1328 me

97 1339 292 1393 epistola
321 1352 495 1393 semper
521 1339 612 1380 fuit
641 1339 913 1394 gratissima.
975 1340 1132 1390 Quare
1171 1355 1306 1397 quum
1345 1342 1393 1384 in
1433 1341 1592 1398 primis

98 1400 199 1436 tuas
228 1395 483 1438 desiderem
521 1395 694 1444 literas,
740 1396 836 1438 noli
874 1398 1171 1452 committere,
1211 1402 1260 1439 ut
1297 1398 1593 1442 excusatione

97 1450 246 1549 potius
274 1453 463 1551 eizplfas
492 1451 696 1496 officium
725 1452 952 1495 scribendi
982 1466 1116 1510 quam
1132 1454 1404 1500 assiduitate
1424 1456 1594 1512 episto·

117 1520 252 1550 arum.
359 1521 384 1549 a
407 1521 443 1550 e.

101 1627 180 1661 sim.
217 1628 451 1664 ERNESTI.
504 1648 549 1654 —
597 1630 731 1664 sublev.
767 1640 812 1671 s.,
845 1631 1291 1676 unterstiitzen,werde;
1323 1628 1597 1679 opitulatu'rus,

103 1687 325 1722 quacunque
352 1689 395 1711 ro
420 1677 573 1722 possim.
628 1696 671 1704 —
715 1679 880 1721 fortuna
906 1691 961 1714 me
998 1680 1081 1715 scil.
1114 1680 1336 1723 sublevarit‚
1369 1681 1521 1715 iuverit.
1549 1683 1594 1707 Δ

101 1732 336 1759 communem.
390 1725 476 1772 vgl.
511 1726 540 1769 ζ).
566 1728 607 1761 2:
644 1728 784 1761 socium
812 1727 908 1761 enim
942 1733 976 1762 te
1001 1735 1072 1763 cet.
1110 1729 1203 1771 „fiir
1233 1729 1340 1762 mich
1376 1729 1476 1764 mit“
1511 1729 1607 1765 dass

104 1771 170 1806 ich
195 1772 254 1816 da,
282 1784 322 1808 so
348 1775 404 1808 oft
431 1773 496 1808 ich
521 1775 621 1814 will,
649 1774 710 1810 bei
736 1776 809 1810 Dir
833 1775 898 1810 des
924 1775 1071 1811 Lebens
1097 1777 1188 1811 froh
1214 1777 1296 1812 sein
1319 1777 1463 1813 k6nne.-
1541 1779 1561 1784 ”

199 1841 233 1875 8.
283 1839 340 1874 De
364 1841 483 1874 mand.
512 1847 599 1882 cet.‚
627 1841 710 1875 dass
737 1842 797 1876 Du
821 1842 895 1877 Dir
920 1842 1046 1877 meine
1069 1843 1256 1892 Austri-ige
1276 1844 1598 1893 angelegen··sein

105 1887 264 1923 liessest.
292 1907 339 1914 —
365 1889 554 1932 librarius,
581 1890 645 1924 ein
670 1889 940 1924 Abschreibe1·.
976 1909 1019 1915 —-
1057 1892 1229 1935 Graecus,
1264 1892 1335 1926 der
1359 1892 1596 1928 Griechisch

104 1935 291 1971 versteht.
341 1955 388 1962 —
437 1938 586 1971 multum
611 1963 618 1970 .
646 1962 655 1970 .
683 1963 693 1972 .
722 1937 1014 1983 hypomnematis,
1051 1939 1151 1974 deun
1188 1940 1358 1975 dadurch
1386 1942 1488 1977 wird
1520 1943 1599 1976 mir

105 1984 208 2018 viele
235 1984 347 2019 Miihe
374 1991 534 2030 erspart,
570 1986 633 2020 die
669 1986 734 2020 ich
760 1986 854 2022 ietzt
886 1988 953 2021 auf
986 1987 1050 2021 das
1085 1989 1221 2036 eigene
1254 1989 1494 2036 Excerpiren
1530 1991 1598 2025 der

105 2032 393 2068 Schriftsteller
418 2034 652 2069 verwenden
685 2046 798 2070 muss.
853 2053 897 2061 —-·
947 2036 1352 2083 συμφιλολογεῖν,
1387 2040 1434 2074 de
1469 2039 1597 2074 literis

104 2081 312 2126 disputare,
358 2081 533 2128 gelehrte
574 2082 778 2117 Discourse
829 2083 901 2118 mit
935 2084 1119 2119 einander
1164 2085 1318 2120 siihren.
1381 2106 1429 2113 —
1478 2089 1596 2121 Ante·

105 2141 193 2164 rum.
231 2129 304 2164 Md.
337 2129 435 2164 Edd.
477 2136 564 2165 ante
598 2131 695 2166 Ern.
732 2133 762 2165 1.
816 2131 1032 2173 Anelzerum,
1069 2134 1318 2178 Blumreich3
1375 2136 1438 2170 ein
1480 2136 1597 2170 Grie-

107 2176 290 2259 {hiszher
315 2176 430 2213 Sclav
455 2178 522 2214 des
547 2179 688 2228 iungen
716 2179 865 2224 cicero,
898 2180 967 2215 der
998 2181 1128 2216 diesen
1153 2183 1264 2218 Brief
1290 2195 1338 2218 an
1364 2184 1459 2220 Tiro
1485 2185 1599 2221 iiber-

132 2237 192 2260 rac
226 2232 273 2261 te.

204 2295 235 2328 1.
286 2294 432 2335 idonea,
459 2294 616 2344 biindig.
666 2314 709 2321 —
749 2295 1045 2332 intermissionis.
1095 2298 1159 2333 Sic
1191 2305 1295 2335 recte
1333 2301 1436 2336 Crat.
1467 2302 1600 2338 Lamb-

111 2339 336 2385 Saepissime
362 2342 534 2388 duplices
566 2343 631 2378 isti
664 2344 828 2392 genitivi
862 2346 1036 2392 corrupti
1073 2355 1174 2385 sunt.
1221 2349 1452 2383 excusatione
1485 2350 1598 2384 inter-

110 2388 279 2422 missione
303 2390 376 2423 Md.
403 2393 534 2438 Margo
561 2391 662 2426 Crat.
690 2394 811 2438 Neap.
840 2395 926 2428 Asc.
954 2396 986 2429 1.
1013 2396 1243 2430 excusatione
1267 2399 1310 2430 de
1334 2397 1600 2432 intermissione

112 2448 157 2469 ex
193 2437 350 2482 antiquo
383 2440 573 2485 supplem.
626 2440 724 2474 Vict.
765 2443 798 2475 1.
825 2443 859 2477 2.
903 2443 1042 2477 Graev.
1077 2445 1168 2478 Ern.
1205 2444 1344 2479 Bened.
1378 2444 1464 2478 Sch.
1503 2446 1599 2480 Liin.

112 2484 308 2522 ORELLI.
352 2497 515 2532 „wegen
544 2487 863 2535 Verabs'eiumung,
909 2492 1233 2540 Unterbrechung
1267 2493 1329 2526 des
1362 2493 1598 2528 Brieswech-

110 2533 227 2566 selsn‘
256 2552 297 2559 —-
328 2536 689 2579 ut...epistolarum,
715 2536 797 2570 (lass
824 2539 882 2571 Du
893 2539 1036 2574 Deiner
1060 2540 1199 2575 Pssicht
1226 2541 1301 2574 mir
1321 2553 1367 2573 zu
1394 2541 1598 2577 schreiben

110 2585 199 2614 statt
238 2580 361 2614 durch
399 2583 594 2630 fleissigen
628 2583 905 2619 Briefwechsel
943 2599 1017 2621 nur
1057 2588 1182 2623 durch
1215 2588 1599 2639 Entschuldigungen

110 2640 247 2677 wegen
274 2628 406 2664 dessen
431 2631 692 2682 Verseumung
716 2632 877 2682 Geniige
903 2634 1059 2670 leistest.
