1795 3086
288 85 606 129 EPISTOLA
638 85 1002 129 DCLXXXIII.
1038 88 1398 132 DCLXXXIV.
1531 86 1591 136 39

103 211 202 238 nani
246 197 450 250 quotidie
492 197 670 252 aliquid
711 202 925 251 exspecto
955 223 1007 229 ——
1039 200 1275 242 confestim
1307 199 1363 240 ad
1393 214 1487 241 me:
1529 205 1588 253 et,

103 253 140 292 si
173 253 275 294 novi
306 252 439 304 nihil,
480 259 632 293 nostro
663 267 787 293 more
818 259 963 293 tamen
1005 269 1058 297 ne
1091 258 1315 312 patiamur
1344 256 1585 298 intermitti

104 309 318 349 literulas.
379 309 601 363 Equidem
632 323 718 349 non
750 310 1035 349 committam.

234 517 552 560 EPISTOLA
586 519 940 561 DCLXXXIV.
1001 520 1076 570 (ad
1108 520 1196 560 Λα.
1230 520 1359 562 XIV.
1392 523 1453 574 5.)

246 597 327 631 scr.
355 598 412 630 111
440 597 494 630 m.
525 598 648 643 April.
676 599 835 631 Lanuvii
864 599 906 633 Α.
937 599 979 631 υ.
1010 599 1049 631 c.
1079 600 1158 632 πυ.
1211 601 1259 640 (a.
1289 599 1327 633 e.
1358 602 1432 643 44.)

124 670 304 714 Exponit,
332 680 424 713 quae
450 668 521 702 sibi
547 668 592 703 de
620 682 661 704 re
688 670 839 715 publica
868 670 1067 704 metuenda
1095 681 1173 703 esse
1203 670 1411 704 videamur.
1444 676 1458 706 l
1487 691 1509 695 κ-
1528 675 1557 708 3,

611 759 789 794 CICERO
826 759 1008 793 ATTICO
1044 759 1079 793 S.

209 852 350 907 Spero
391 852 473 894 tibi
512 852 599 892 iam
641 864 761 903 esse,
800 855 850 891 ut
878 852 1111 903 volumus,
1153 850 1363 906 quoniam
1402 852 1582 905 quidem

99 907 300 959 ἠοίτησας,
340 922 473 961 quum
506 908 669 948 leviter
699 911 947 948 commotus
979 921 1118 948 esses:
1159 907 1237 948 sed
1269 911 1415 947 tamen
1444 909 1581 950 velim

98 964 231 1017 scire,
261 964 371 1019 quid
401 976 521 1018 agas.
579 962 716 1017 Signa
746 963 880 1013 bella,
911 963 1030 1017 quod
1054 963 1255 1005 Calvena
1283 963 1471 1004 moleste
1492 964 1582 1005 fert

98 1034 145 1060 se
175 1023 429 1074 suspectum
471 1033 567 1060 esse
605 1018 762 1059 Bruto.
833 1019 924 1059 Illa
963 1020 1092 1073 signa
1122 1033 1210 1060 non
1240 1020 1371 1070 bona,
1410 1018 1450 1060 si
1481 1033 1580 1060 cum

97 1077 238 1131 signis
280 1076 480 1129 legiones
525 1076 711 1116 veniunt
750 1089 774 1115 e
806 1075 972 1116 Gallia.
1043 1075 1167 1125 Quid
1210 1078 1258 1115 tu
1300 1075 1404 1115 illas
1435 1079 1579 1129 putas,

97 1145 211 1185 quae
259 1130 441 1173 fuerunt
488 1131 535 1171 in
584 1130 828 1184 Hispania,
892 1145 1038 1172 nonne
1085 1132 1207 1174 idem
1255 1131 1582 1184 postulaturas!

98 1188 236 1240 Quid,
267 1200 376 1241 quas
406 1188 578 1227 Annius
614 1188 963 1240 transportavit?
1023 1186 1264 1228 Caninium
1304 1185 1454 1238 volui,
1500 1187 1580 1227 sed

94 1247 324 1293 μνημονικὸν
351 1239 577 1292 ἁμάρτημα.
636 1243 704 1282 Ab
736 1243 932 1283 aleatore
971 1246 1125 1292 φυρμός
1154 1241 1287 1284 πολύς.
1346 1240 1462 1282 Nam
1492 1243 1580 1283 ista

96 1299 277 1354 quidem
309 1298 516 1339 Caesaris
556 1297 820 1338 libertorum
851 1299 1105 1339 coniuratio
1136 1298 1274 1339 facile
1305 1297 1580 1352 opprimere·

96 1361 182 1407 tur,
223 1355 262 1396 si
294 1359 416 1395 recta
445 1358 622 1409 saperet
652 1354 889 1397 Antonius.
950 1354 1101 1395 Meam
1142 1355 1326 1395 stultam
1365 1366 1578 1394 verecun—
1616 1357 1642 1395 2

95 1528 224 1557 nostro
251 1535 363 1567 more,
390 1535 548 1557 unserer
573 1523 678 1558 alten
705 1523 967 1558 Gewohnhcit
993 1531 1090 1559 treu.
1119 1544 1161 1549 -ν
1191 1525 1376 1566 liternlas,
1404 1523 1476 1556 den
1502 1523 1579 1556 Bil-

95 1571 331 1606 letwechsel.
380 1572 472 1607 Wie
499 1572 601 1619 artig
626 1572 703 1604 und
729 1574 958 1621 geniigsam!
1013 1593 1053 1596 —
1108 1573 1238 1616 Equid.
1273 1584 1306 1605 π.
1342 1583 1481 1613 comm„
1515 1571 1578 1605 ich

95 1622 326 1668 wenigstens
361 1619 488 1653 werde
525 1620 608 1653 eine
644 1620 774 1654 solche
807 1620 953 1654 Schuld
991 1621 1099 1655 nicht
1134 1623 1200 1655 auf
1230 1620 1337 1654 mich
1365 1620 1495 1663 laden3
1532 1632 1578 1652 an

96 1669 173 1702 mir
198 1668 275 1703 soll
301 1680 339 1702 es
364 1668 594 1715 wenigstens
622 1667 729 1702 nicht
754 1668 897 1701 fehlen.

188 1743 218 1775 l.
271 1739 337 1774 tibi
360 1740 435 1774 iam
462 1751 551 1781 esse,
584 1740 664 1774 dass
699 1742 758 1775 Du
789 1740 888 1775 Dich
926 1740 1017 1774 ietzt
1050 1740 1197 1774 wieder
1231 1751 1271 1773 so
1299 1740 1492 1775 bcfindest.
1530 1757 1577 1763 -—

92 1787 277 1832 ἧοίῖησας,
304 1789 388 1823 cibo
415 1788 642 1829 abstinuisti,
670 1790 834 1837 gefastet
859 1788 955 1823 hast.
994 1808 1039 1814 -—
1073 1793 1233 1821 commot.
1261 1799 1356 1821 esses
1381 1787 1494 1829 febri,
1522 1788 1576 1820 als

94 1840 153 1873 Du
180 1838 292 1871 einen
319 1836 491 1871 leichten
516 1836 775 1870 Fieberansall
801 1837 952 1870 hattest.
990 1856 1030 1861 —
1070 1837 1165 1880 quod
1191 1836 1354 1870 Calvena
1387 1848 1413 1868 s.
1440 1835 1575 1869 Matius

93 1890 144 1928 (v.
172 1898 230 1931 ep.
257 1887 337 1926 681,
364 1886 414 1927 3.)
454 1910 460 1917 .
490 1910 498 1919 .
529 1910 536 1917 .
564 1886 681 1918 Bruto
719 1886 742 1919 i.
782 1896 813 1919 e.
846 1885 983 1918 bonum
1017 1885 1168 1932 signum
1202 1892 1269 1920 est,
1305 1884 1403 1928 quod
1443 1884 1575 1916 Matius

93 1935 254 1968 moleste
286 1936 364 1967 fert
397 1933 494 1973 (dass
521 1944 559 1966 es
586 1933 673 1966 dem
699 1933 832 1966 Matius
859 1933 951 1966 Leid
977 1933 1099 1976 ῑΙιιιῐ),
1137 1945 1174 1966 se
1207 1934 1322 1966 Bruto
1361 1938 1575 1977 suspectum

93 1993 187 2025 esse,
215 1982 315 2027 quod
341 1992 383 2015 eo
408 1981 490 2027 ipso
517 1992 554 2015 se
580 1982 736 2015 Brutum
772 1981 935 2014 amicum
962 1981 1104 2014 habere
1133 1981 1235 2014 velle
1261 1980 1438 2015 ostendit.
1466 1979 1573 2013 SGH.

93 2033 212 2074 „Dein
250 2032 386 2064 Brutus
411 2036 553 2063 musste
589 2041 632 2062 ex·
656 2029 883 2076 ver-dachtig
907 2029 1174 2069 vodzommen,
1213 2029 1304 2063 weil
1340 2040 1382 2063 er
1407 2027 1476 2061 den
1506 2028 1576 2061 Oa·-

93 2079 265 2113 sarmord
291 2091 338 2112 zu
363 2077 620 2124 missbilligen
646 2078 723 2111 und
748 2078 915 2124 folglich
941 2089 1061 2126 gegen
1087 2077 1148 2110 (lie
1166 2077 1356 2122 Republik
1382 2075 1490 2110 nic-ht
1507 2081 1576 2123 gut

93 2128 247 2175 gesinnt
272 2126 447 2160 schien.“
474 2145 517 2150 —-
554 2126 717 2168 legiones
743 2127 942 2167 Romanae,
969 2126 1223 2170 postula-:turae
1249 2125 1409 2167 scilicet,
1436 2130 1477 2157 ut
1502 2123 1574 2157 sibi

93 2181 323 2215 servaretur,
350 2175 449 2218 quod
469 2174 607 2208 Caesar
631 2175 866 2219 promiserat.
897 2174 1003 2208 8011.
1033 2193 1078 2199 -
1104 2174 1371 2217 transportavit
1397 2174 1435 2205 in
1456 2172 1573 2205 Grae-

93 2224 191 2257 ciam
228 2224 273 2257 ad
305 2223 454 2257 Bellum
492 2222 719 2256 Parthicum.
769 2223 951 2265 „Asinius
977 2222 1140 2256 Strothii
1174 2222 1270 2256 coni.
1306 2222 1413 2266 prob.
1452 2221 1571 2254 Beier.

93 2274 177 2306 Mss.
215 2272 410 2305 Firmatux'
446 2283 491 2304 ex
525 2277 634 2315 parte
669 2271 846 2315 corrupta
875 2271 945 2305 Md.
984 2271 1100 2304 Oxon.
1136 2270 1348 2314 scriptura:
1385 2269 1469 2313 quid
1504 2278 1573 2312 qna

93 2320 258 2353 sanius.“
294 2319 491 2353 ORELLI.
544 2337 586 2342 —
641 2319 829 2352 Caninium
864 2320 960 2352 volui
992 2319 1076 2352 scil.
1114 2319 1259 2359 diccre3
1293 2318 1355 2350 sed
1389 2316 1572 2349 memoria

96 2369 224 2413 lapsus
251 2379 346 2401 sum.
398 2367 510 2401 C'asar
532 2366 635 2401 hatte
661 2367 731 2400 den
759 2367 937 2400 Caninius
965 2367 1118 2400 Rebilus
1152 2367 1222 2399 mit
1258 2366 1411 2414 einigen
1436 2363 1571 2410 Legio-

95 2427 167 2449 nen
193 2416 248 2449 als
272 2415 433 2450 Vortrab
460 2427 547 2448 zum
574 2415 825 2449 Parthischen
864 2415 1005 2463 Kriege
1040 2416 1136 2448 nach
1173 2412 1453 2448 Griechenland
1485 2423 1572 2445 vor-

93 2463 373 2520 ausgeschickt.
415 2482 458 2487 --
508 2463 553 2497 ab
581 2465 743 2497 aleatore
777 2463 943 2498 Antonio
979 2464 1022 2505 (5.
1049 2464 1217 2507 Philipp.
1246 2463 1296 2501 11,
1322 2462 1400 2501 23.)
1434 2458 1573 2505 ᾳυρμὺς

94 2512 208 2552 πολυς
241 2512 265 2545 i.
294 2522 326 2545 e.
356 2523 492 2558 magna
517 2512 561 2545 fit
587 2523 715 2545 rerum
745 2511 996 2550 conturbatio,
1037 2511 1105 2544 der
1128 2509 1434 2554 lviii-selspieler
1470 2506 1570 2541 wird

93 2572 163 2594 uns
189 2559 318 2593 vielen
344 2559 451 2604 Spuk
476 2559 648 2593 machon.
701 2578 742 2584 —
795 2560 1015 2601 coniuratio,
1053 2559 1115 2592 die
1144 2559 1203 2591 bei
1234 2559 1318 2591 dem
1344 2555 1572 2590 feierlichcn

94 2607 491 2655 Leichenbeg’zingniss
528 2607 590 2641 des
617 2608 745 2641 essars
778 2607 982 2647 ausbraeh,
1016 2607 1143 2641 indem
1177 2607 1306 2639 dessen
1346 2603 1570 2638 zahlreiche

97 2656 407 2703 Freigelassenen
434 2656 507 2689 den
532 2655 755 2700 Stadtp'dbel
781 2668 867 2689 zum
903 2655 1076 2689 Ausi-uhr
1111 2654 1349 2692 verleitetom
1388 2653 1460 2687 den
1494 2652 1567 2685 Do*

95 2704 237 2738 labella
262 2704 347 2737 bald
375 2703 548 2737 nachher
573 2704 858 2740 unterdriickte,
909 2703 945 2738 S.
975 2703 1140 2748 Philipp.
1164 2702 1189 2734 ΙΔ
1218 2713 1247 2735 o
1278 2704 1310 2737 2.
1343 2722 1380 2725 -κ
1410 2703 1441 2734 si
1470 2703 1570 2733 recta

95 2763 171 2796 sap.
204 2753 264 2796 A,
291 2764 402 2787 wenn
434 2752 472 2786 A.
499 2752 713 2786 rechlliche
741 2752 1012 2797 Gesinnungcn
1040 2751 1164 2797 hegio,
