1795 3086
369 79 683 127 EPISTOLA
723 79 946 124 Dchv.
977 81 1229 126 DCCLVI.
1459 83 1544 132 193

73 198 190 249 Qui„
206 199 254 237 ut
291 195 540 238 Blesamius
577 193 702 235 venit
738 191 796 234 ad
839 206 923 245 me,
962 208 1093 249 quum
1132 196 1173 236 ei
1221 196 1545 250 praescriptum

72 257 203 304 esset,
232 265 287 293 ne
316 252 426 307 quid
456 252 550 292 sine
580 248 712 290 Sexti
755 249 901 290 nostri
943 251 1159 292 sententia
1196 255 1358 306 ageret,
1402 266 1545 306 neque

72 308 127 349 ad
158 308 285 349 illum
316 319 456 362 neque
485 306 540 346 ad
584 317 846 359 quemquam
891 305 1089 345 nostrum
1127 308 1291 347 retulit.
1350 308 1545 349 Atticam

71 369 269 404 nostram
299 365 428 418 cupio
459 363 681 402 absentem
721 359 939 401 suaviari:
991 358 1055 399 ita
1096 361 1204 402 mihi
1242 362 1388 404 dulcis
1426 364 1546 406 salus

69 420 165 460 visa
197 425 262 461 est
291 433 370 474 per
399 424 441 460 te
472 417 607 458 missa
646 417 700 456 ab
740 416 868 478 illa..
914 413 1105 458 Referes
1152 418 1290 470 igitur
1329 419 1371 461 ei
1410 419 1546 475 pluri.

72 490 185 518 1113111
216 476 410 530 itemque
439 472 592 514 Piliae
623 471 750 513 dicas
779 471 933 513 velim.

254 607 568 650 EPISTOLA
601 607 852 651 DCCLVI.
912 609 987 660 (ad
1018 608 1125 651 Div.
1157 608 1267 651 V11.
1299 611 1385 659 20.)

228 689 320 722 Data
346 687 449 722 xm.
477 688 559 722 Kal.
588 687 690 722 Sext.
720 688 760 722 A.
790 688 835 724 U.
863 688 903 723 0.
928 690 1008 725 710.
1035 689 1082 730 (a.
1110 687 1151 722 c.
1180 688 1254 730 44.)
1279 689 1400 724 vena.

75 754 214 788 Scribit
244 755 289 788 de
307 766 445 801 ¹amore
472 756 703 789 Veliensium
731 757 769 790 in
797 756 1017 791 Trebatium
1055 762 1091 790 et
1126 754 1315 797 hortatur,
1353 768 1399 790 ne
1432 765 1551 802 pater-

13 806 17 807 ’
76 813 138 836 nas
175 804 426 849 possessiones
464 804 613 846 vendat,
651 816 744 849 quae
778 811 854 838 tam
888 804 1036 838 miseris
1074 804 1305 849 temporibus
1339 807 1555 854 perfugium

617 862 692 885 esse
719 851 874 896 possint.
921 853 1023 887 1—3.

553 916 732 952 CICERO
764 916 1012 955 TREBATIO
1040 917 1078 951 S.

187 983 438 1024 Amabilior
482 984 595 1025 mihi
646 984 784 1025 Velia
835 984 934 1032 fuit,
983 986 1101 1040 quod
1152 991 1196 1027 te
1244 988 1298 1029 ab
1347 1002 1399 1029 ea
1440 990 1559 1029 sensi

78 1040 229 1081 amari.
290 1039 377 1080 Sed
410 1039 515 1093 quid
548 1053 630 1091 ego
670 1041 817 1081 dicam
858 1045 927 1093 te3
977 1055 1107 1096 quem
1148 1043 1247 1096 quis
1288 1057 1374 1084 11011
1415 1046 1560 1085 amat?

80 1093 229 1147 Rufio,
261 1095 434 1135 medius
465 1094 613 1141 fidius,
654 1100 756 1136 tuus
792 1096 856 1137 ita
886 1096 1237 1145 desiderabatur,
1275 1103 1325 1140 ut
1364 1100 1403 1140 si
1444 1105 1561 1141 esset

82 1164 190 1190 unus
221 1165 244 1191 e
274 1150 411 1191 nobis.
470 1150 559 1190 Sed
600 1155 644 1192 te
675 1164 758 1205 ego
789 1165 875 1193 non
905 1151 1198 1206 reprehendo,
1236 1155 1314 1207 qui
1344 1155 1472 1195 illum
1501 1156 1561 1196 ad

84 1205 440 1246 aedificationem
470 1210 590 1247 tuam
623 1207 891 1248 traduxeris.
951 1207 1226 1271 Quamquam
1270 1209 1385 1250 enim
1425 1210 1563 1253 Velia

85 1275 171 1301 non
201 1264 266 1302 est
294 1260 448 1312 vilior,
478 1275 608 1315 quam
639 1261 878 1317 Lupercal,
919 1266 1064 1304 tamen
1103 1268 1220 1304 Istuc
1258 1266 1390 1312 malo,
1429 1279 1562 1320 quam

85 1316 196 1357 haec
224 1316 384 1358 omnia.
443 1317 530 1363 Tu,
574 1318 613 1357 si
643 1331 711 1358 me
742 1318 911 1364 audies,
948 1331 1077 1372 quem
1115 1319 1247 1364 soles,
1294 1320 1377 1361 has
1415 1327 1563 1384 pater-

83 1385 159 1412 nas
189 1373 487 1426 possessiones
527 1372 699 1414 tenebis
739 1395 791 1402 —
830 1375 979 1415 nescio
1018 1374 1129 1428 quid
1170 1374 1286 1415 enim
1326 1376 1564 1418 Vellenses

34 1469 39 1475 ,
83 1429 348 1469 verebantur
376 1449 430 1456 -—
459 1441 601 1483 neque
631 1428 854 1483 Haletem,
884 1429 1078 1471 nobilem
1108 1442 1296 1482 amnem,
1337 1432 1564 1488 relinques

86 1549 226 1578 emeret
259 1543 301 1576 ab
334 1543 514 1584 Antonio,
555 1543 651 1587 quod
689 1544 831 1578 factum
869 1550 923 1579 est
956 1543 1106 1588 Fulvia,
1145 1556 1239 1590 quae
1276 1545 1434 1580 Antonii
1467 1558 1566 1582 uxor

87 1595 180 1631 erat,
214 1590 470 1624 intercedente
498 1591 520 1623 i.
548 1602 578 1624 e.
613 1601 697 1623 cum
730 1591 903 1626 Deiotari
936 1592 1070 1637 legatis
1104 1592 1151 1626 de
1182 1592 1308 1638 pretio
1338 1594 1564 1639 paciscente,

87 1637 172 1672 inde
198 1637 297 1671 illud
323 1649 380 1683 ep.
407 1641 489 1679 692,
519 1641 557 1673 l:
589 1639 713 1681 vigno
738 1639 803 1672 ille
829 1645 900 1674 cet.
935 1640 1155 1674 Armeniam
1181 1648 1306 1675 autem
1327 1654 1440 1686 quum
1452 1645 1564 1678 Deio-

87 1695 168 1721 taro
196 1685 381 1719 Antonius
407 1693 559 1731 accepta
585 1687 715 1731 grandi
742 1687 901 1732 pecunia
927 1688 1122 1732 venderet,
1157 1688 1254 1723 dixit
1286 1700 1325 1723 se
1361 1691 1566 1726 restituere

89 1747 133 1769 ex
159 1734 321 1767 cmm-is
354 1734 510 1768 libellis.
556 1735 658 1777 Quod
694 1734 728 1767 ei
763 1735 898 1770 Cicero
932 1735 1102 1782 Philipp.
1132 1737 1182 1775 11,
1210 1748 1242 1772 c.
1268 1738 1329 1772 37.
1368 1737 1408 1771 in
1433 1739 1566 1773 crimi-

89 1782 195 1815 nibus
221 1781 350 1815 obiicit
376 1782 436 1815 his
463 1782 609 1816 verbis:
649 1782 738 1817 Sunt
764 1794 805 1816 ea
830 1784 967 1827 quidem
1000 1791 1072 1819 cet.
1112 1784 1220 1818 SGH.
1255 1795 1358 1818 amas
1390 1797 1418 1819 s.
1444 1799 1480 1820 v.
1509 1787 1566 1820 als

88 1830 170 1864 odio
198 1829 355 1876 dignum
383 1829 515 1873 habes;
542 1841 609 1864 non
636 1841 739 1864 amas
764 1837 807 1864 st.
835 1843 908 1865 non
935 1831 1020 1866 odio
1045 1831 1199 1877 dignum
1224 1831 1345 1867 habes.
1381 1851 1423 1859 —
1461 1834 1568 1868 Sexti

90 1877 282 1916 Peducaei,
309 1877 409 1912 Sext.
437 1878 490 1911 fil.
517 1879 709 1913 senatoris.
744 1879 825 1912 Vid.
844 1879 889 1912 ad
911 1880 1024 1914 Attio.
1053 1880 1124 1923 111,
1154 1883 1185 1915 l.
1211 1882 1244 1916 2.
1270 1882 1325 1916 13.
1353 1882 1407 1916 14.
1438 1884 1493 1917 17.
1521 1882 1567 1916 311

89 1924 225 1959 Fannil.
251 1925 355 1968 vul,
384 1927 437 1961 14.
458 1927 605 1960 Verrin.
633 1928 663 1969 I,
692 1929 723 1962 7.
752 1927 800 1965 11,
825 1928 882 1963 56.
909 1928 955 1961 de
979 1927 1124 1963 Finibb.
1150 1928 1200 1970 11,
1228 1930 1282 1964 18.
1308 1948 1351 1954 —
1377 1931 1566 1972 sententia,

18 1988 25 1991 ·
90 1973 375 2021 Beistinnnung.
415 1993 455 1999 —-
495 1975 645 2016 referre
671 1976 728 2016 acl,
755 1975 1025 2021 Riicksprache
1049 1976 1118 2010 mit
1145 1976 1347 2011 lemanden
1373 1977 1568 2021 nehmen.,

0 2027 1 2039 1

91 2041 130 2046 —
161 2021 309 2063 absent„
334 2033 397 2055 aus
423 2022 547 2056 dieser
571 2023 712 2058 weiten
738 2023 870 2058 Ferne.
906 2042 947 2048 -—
993 2026 1103 2068 salus,
1130 2024 1255 2059 Gruss.
1301 2042 1344 2049 ——
1396 2026 1567 2070 Referes,

89 2068 307 2103 erwiedere.

234 2117 502 2152 TREBATIO.
541 2118 577 2153 S.
605 2131 651 2152 zu
677 2130 735 2165 ep.
767 2121 844 2155 135.
873 2120 925 2154 im
951 2120 1041 2155 Ans.

189 2168 220 2199 1.
276 2165 396 2200 Velia.
439 2166 474 2200 S.
503 2179 535 2200 z.
568 2168 688 2215 vorig.
721 2168 782 2206 ΒΡ,
809 2167 838 2210 §.
866 2170 898 2204 6.
951 2167 1013 2201 810
1046 2180 1127 2202 war
1162 2168 1221 2203 die
1256 2170 1465 2205 Vaterstadt
1503 2170 1567 2204 des

94 2213 300 2247 Trebatius.
335 2232 379 2239 —
416 2213 537 2256 Rufio,
564 2215 736 2259 libertus,
761 2226 872 2263 sog-ar
898 2216 993 2251 Dein
1019 2216 1126 2251 Rufio
1153 2229 1188 2250 u.
1216 2230 1241 2252 s.
1270 2230 1320 2252 w.
1356 2236 1400 2243 —
1436 2229 1526 2252 unus
1551 2229 1570 2252 e

95 2262 207 2302 nobis,
240 2272 393 2296 unser-es
418 2262 616 2297 Gleichen.
666 2281 708 2288 —
761 2269 794 2297 te
825 2275 897 2308 ego
932 2264 1003 2298 Md.
1042 2265 1137 2298 Vict.
1166 2268 1196 2300 l.
1223 2268 1256 2302 2.
1297 2277 1368 2309 ego
1401 2271 1434 2300 te
1470 2267 1568 2301 cett.

98 2308 291 2343 ORELLI.
329 2327 371 2334 —
406 2310 466 2354 qui
491 2325 539 2342 z
564 2310 662 2355 quod
688 2318 740 2346 tu.
777 2330 819 2336 -—-
860 2313 908 2346 ad
932 2313 1047 2356 aedas.
1074 2317 1171 2347 luam
1198 2315 1358 2356 traduat„
1384 2326 1453 2347 zur
1477 2315 1566 2347 Aus-

95 2355 194 2390 sicht
218 2356 356 2391 Deines
382 2358 473 2391 Baus
499 2358 596 2392 nach
623 2360 720 2394 Rom
746 2360 1043 2405 mitgenommen
1078 2361 1172 2396 hast.
1221 2362 1451 2396 Aedificabat
1476 2361 1570 2395 Tre-

97 2403 215 2436 batius
242 2404 281 2436 in
307 2405 462 2452 regione
488 2407 691 2452 Lupercali
717 2409 898 2453 proxima.
936 2409 1137 2443 MANUT.
1169 2428 1210 2434 —
1247 2410 1438 2454 Lupercal,
1465 2409 1569 2443 loeus

97 2452 135 2483 in
161 2450 253 2484 urbe
277 2451 406 2492 Roma,
435 2453 488 2486 sic
513 2455 721 2500 appellatus
753 2467 772 2488 3
807 2457 1011 2501 Lupercali
1036 2458 1114 2491 sive
1149 2459 1235 2490 fano
1261 2457 1365 2491 Panis
1393 2455 1566 2501 Luperci.

96 2499 215 2532 Varro
242 2498 286 2532 de
311 2499 352 2533 L.
379 2500 421 2533 L.
448 2501 510 2544 IV,
535 2505 594 2538 24.
632 2504 765 2537 lustin.
801 2505 936 2547 XLIII,
964 2508 995 2540 l.
1042 2505 1259 2540 GRONOV.
1312 2525 1352 2530 —
1402 2505 1495 2537 istuc
1520 2517 1567 2534 z

96 2547 191 2579 istoc
218 2545 270 2586 (S.
297 2546 448 2580 Ramsh.
472 2549 502 2591 §.
529 2551 586 2590 46,
613 2553 662 2594 4.)
689 2551 889 2596 Lupercal.
944 2571 985 2578 -
1034 2553 1121 2587 llaec
1157 2555 1289 2592 omnia,
1333 2553 1384 2585 als
1411 2551 1482 2584 alle
1507 2551 1568 2585 die

97 2593 269 2638 hiesigen
296 2594 620 2632 Herrlichkeiten.
660 2599 745 2632 istic
770 2601 866 2633 malo
893 2605 939 2644 te,
966 2613 1069 2646 quam
1096 2601 1154 2635 mc
1180 2601 1335 2633 hiemare
1355 2598 1442 2633 Sch.
1468 2610 1566 2644 susp.

98 2641 229 2675 Cicero
256 2642 305 2675 ita
332 2644 473 2677 mavult
497 2656 580 2679 eum
616 2646 740 2680 hieme
774 2647 910 2682 Romae
943 2649 1122 2688 habitare,
1163 2649 1225 2680 ubi
1258 2648 1333 2681 eius
1371 2653 1569 2680 consuetu—

97 2689 182 2722 dine
207 2690 284 2722 srui
310 2690 438 2735 possit.
466 2709 506 2717 —
537 2694 591 2727 Tu
615 2699 729 2728 tamen
754 2695 879 2728 Lamb.
907 2716 948 2722 —
973 2698 1071 2730 soles
1088 2695 1225 2728 andire.
1255 2713 1294 2718 —
1323 2696 1469 2735 tenebis,
1494 2705 1569 2727 nou

96 2737 243 2772 vendes.
272 2755 313 2762 —
341 2739 565 2783 verebantur,
591 2754 637 2776 ne
665 2749 703 2778 tu
730 2743 829 2778 sorte
854 2745 1100 2788 possessiones
1130 2744 1279 2776 Velinas
1306 2743 1496 2777 venderes.
1524 2761 1569 2768 —

162 2816 213 2841 (¹20
244 2816 345 2845 urias«-
370 2827 388 2843 v
421 2818 534 2845 Billerb
579 2820 625 2844 IV.
935 2837 940 2842 ·
1119 2798 1174 2836 ¹3
