1795 3086
490 88 802 132 EPISTOLA
834 88 1127 132 Deccxlv.
1452 88 1544 135 303

71 204 194 259 poris
223 202 428 244 videatur
456 202 547 243 dici
579 214 732 253 causa,
762 202 891 241 malle
914 205 1119 242 motuum
1144 200 1381 252 iudicium,
1413 215 1542 255 quam

70 274 124 300 ex
153 260 296 300 altera
333 263 456 313 parte
492 258 685 298 omnium
715 256 916 298 istorum.
983 259 1054 298 Tu
1085 258 1200 297 enim
1231 263 1385 311 aperto
1415 270 1544 297 sensu

71 321 115 356 et
142 329 249 355 vero
288 316 459 355 iudicas
497 313 551 353 de
590 313 736 353 nobis:
783 312 898 365 quod
939 312 1012 352 isti
1051 327 1104 353 ne
1145 312 1335 364 faciant,
1375 326 1544 355 summa

69 371 387 411 malevolentia
415 374 457 410 et
487 370 628 409 livore
658 368 967 421 impediuntur.
1026 369 1315 422 lutei-pellent
1340 383 1429 420 me,
1459 383 1543 423 quo

70 428 215 467 minus
245 426 482 467 honoratus
512 425 617 473 sim,
650 424 752 462 dum
784 437 837 463 ne
867 424 1161 476 interpellent,
1191 439 1275 477 quo
1305 425 1448 465 minus
1472 439 1543 465 res

72 483 247 533 publica
278 496 304 523 a
331 495 400 522 me
429 479 658 521 commode
688 479 991 520 administrari
1022 480 1174 533 possit.
1233 482 1359 529 Quae
1380 486 1543 535 quanto

71 538 132 577 sit
164 540 206 578 in
238 537 455 592 periculo,
495 549 623 590 quam
661 540 814 588 potero
855 535 1112 575 brevissime
1149 548 1377 588 exponam.
1441 537 1544 578 Pri-

72 607 190 633 mum
222 593 440 643 omnium,
470 596 678 645 quantam
710 591 1080 644 perturbationem
1112 603 1258 630 rerum
1283 593 1545 633 urbanarum

72 650 227 689 afferat
257 649 400 689 obitus
432 648 664 687 consulum
693 654 986 700 quantamque
1026 645 1314 699 cupiditatem
1354 647 1545 688 homini-

72 706 150 744 bus
181 705 354 744 iniiciat
384 705 604 755 vacuitas,
635 716 721 743 non
751 709 795 743 te
827 704 951 756 fugit.
1019 702 1137 742 Satis
1168 716 1237 742 me
1267 703 1407 743 multa
1435 705 1546 744 scri-

70 761 236 814 psisse,
278 773 387 814 quae
428 760 571 800 literis
615 759 913 799 commendari
956 757 1147 811 possint,
1194 758 1405 799 arbitror:
1452 761 1545 800 scio

71 817 214 868 enim,
245 817 316 856 cui
345 816 547 856 scribam.
613 813 833 855 Revertor
861 826 976 854 nunc
1004 813 1060 853 ad
1090 813 1350 854 Antonium:
1387 815 1461 868 qui
1492 830 1546 856 ex

71 872 177 925 suga
204 885 337 925 quum
366 871 596 925 parvulam
632 883 804 910 manum
843 870 1040 922 peditum
1076 868 1259 910 haberet
1296 871 1546 922 inermium,

70 928 298 980 ergastula
336 926 551 968 solvendo
597 938 808 979 omneque
847 938 980 979 genus
1025 924 1251 966 hominum
1290 927 1545 980 arripiendo

71 983 182 1023 satis
211 995 414 1034 magnum
453 994 681 1022 numerum
716 980 898 1023 videtur
935 981 1149 1022 effecisse.
1218 981 1320 1021 Huc
1356 984 1548 1023 accessit

71 1051 222 1078 manus
253 1037 478 1089 ventidii,
518 1050 629 1091 quae
658 1041 779 1077 trans
810 1037 1086 1091 Apenninum
1115 1038 1278 1078 itinere
1309 1038 1426 1078 facto
1458 1038 1548 1079 ‹lis-

72 1093 274 1134 ficillimo
303 1093 359 1134 ad
382 1093 515 1133 Vada
543 1093 743 1146 pervenit
771 1098 903 1147 atque
934 1094 996 1133 ibi
1025 1107 1072 1133 se
1102 1106 1201 1133 cum
1220 1093 1413 1134 Antonio
1443 1108 1546 1135 con-

73 1149 230 1189 iunxit.
296 1149 380 1190 Est
424 1161 628 1188 numerus
675 1153 981 1189 veteranorum
1032 1153 1075 1189 et
1120 1154 1390 1189 armatorum
1436 1151 1546 1191 satis

74 1205 281 1258 frequens
312 1218 409 1244 cum
438 1204 667 1244 Ventidio.
742 1204 941 1245 Consilia
970 1204 1149 1245 Antonii
1178 1203 1290 1245 haec
1319 1206 1431 1256 sint,
1472 1220 1546 1247 ne-

74 1274 194 1301 cesse
225 1265 313 1300 est:
356 1266 431 1300 aut
470 1261 526 1299 ad
562 1258 780 1312 Lepidum
821 1265 869 1299 ut
897 1274 944 1300 se
974 1260 1200 1309 conferat,
1239 1262 1278 1300 si
1309 1262 1547 1314 recipitur-3

74 1321 148 1356 aut
176 1315 408 1369 Apennino
450 1315 722 1368 Alpibusque
760 1328 806 1354 se
843 1320 989 1356 teneat
1026 1322 1071 1356 et
1100 1316 1435 1357 decursionibus
1466 1331 1547 1371 per

74 1372 270 1426 equites,
310 1384 420 1425 quos
452 1370 583 1410 habet
611 1371 797 1419 multos,
839 1375 981 1411 vastet
1010 1385 1062 1411 ea
1101 1372 1224 1422 loca,
1265 1372 1309 1411 in
1339 1386 1452 1425 quae
1481 1374 1547 1413 in-

74 1428 289 1467 currerit:
330 1430 404 1467 aut
434 1439 584 1466 rursus
615 1439 661 1466 se
692 1425 738 1466 in
760 1426 988 1467 Etruriam
1013 1426 1201 1477 referat,
1232 1428 1348 1480 quod
1372 1441 1423 1468 ea
1447 1442 1549 1482 pars

72 1483 231 1524 Italiae
259 1483 353 1522 sine
393 1482 596 1522 exercitu
637 1485 714 1522 est.
783 1481 916 1531 Quod
957 1482 997 1523 si
1036 1497 1105 1523 me
1145 1483 1313 1523 Caesar
1351 1484 1549 1527 audisset

75 1544 207 1592 atque
237 1537 512 1592 Apenninum
543 1537 802 1587 transisset,
843 1538 888 1578 in
931 1543 1076 1579 tantas
1106 1539 1332 1592 angustias
1364 1540 1548 1581 Antoni-

74 1608 145 1635 um
177 1593 508 1648 compulissem,
539 1598 587 1633 ut
617 1594 768 1647 inopia
795 1594 962 1648 potius,
994 1608 1124 1649 quani
1155 1596 1275 1636 ferro
1305 1595 1549 1638 conficere-

73 1743 156 1777 nius
181 1755 226 1776 zu
251 1741 454 1775 verderben
481 1742 571 1775 oder
597 1754 661 1776 aus
686 1740 998 1786 Anhanglichkeit
1024 1753 1070 1774 an
1099 1742 1294 1780 Octavian.
1321 1743 1356 1778 S.
1385 1746 1411 1787 ζῇ.
1438 1745 1472 1778 4.
1501 1764 1546 1770 -

74 1793 227 1824 omnium
253 1792 404 1823 istorum
431 1791 630 1833 iudicium3
658 1792 745 1824 falls
771 1791 823 1822 sie
846 1791 941 1823 euch
970 1789 1132 1823 einmahl
1152 1797 1217 1834 gut
1244 1804 1314 1824 von
1342 1793 1413 1825 mir
1439 1794 1547 1826 rede-

72 1847 150 1872 teu.
176 1857 223 1863 —-
257 1842 382 1882 aperto
413 1849 515 1871 sensu
540 1839 562 1871 i.
591 1851 622 1872 e.
652 1839 813 1883 simplici
850 1845 886 1871 et
919 1839 1082 1874 sincero.
1148 1840 1359 1884 Opponitur
1386 1842 1548 1876 malevo-

4 1904 8 1913 ·
40 1891 41 1897 ¹
72 1888 210 1920 letitiae
237 1899 280 1918 ac
308 1887 416 1920 livori
445 1895 665 1920 ceterorum.
717 1888 777 1920 sic
812 1888 946 1931 scripsi
985 1887 1080 1918 coni.
1115 1892 1242 1921 acerlu
1275 1899 1378 1922 sensu
1411 1890 1491 1923 Md.
1526 1902 1548 1924 a

73 1940 173 1968 certo
197 1945 299 1967 sensu
324 1935 403 1968 Alia
430 1937 527 1969 coni.
556 1936 692 1968 Ceteri.
742 1936 840 1968 Mira
869 1944 991 1967 tamen
1016 1937 1310 1972 constructione.
1361 1938 1442 1971 Nec
1470 1940 1548 1983 pla-

75 1990 135 2016 cet
161 1988 278 2015 certus
304 1995 372 2027 pro
399 1989 587 2026 constans,
608 1983 754 2023 firmus.
787 1984 983 2017 ORELLI.
1012 2002 1054 2007 -
1082 1983 1205 2019 honor.
1225 1985 1310 2026 sim,
1339 1986 1453 2019 iustos
1481 1988 1546 2020 ho-

7 2050 12 2058 ·
72 2042 178 2064 nores
205 2032 399 2076 accipiam.
436 2049 476 2054 —
512 2033 590 2064 (lum
624 2043 667 2064 ne
692 2033 820 2075 interp.
849 2038 939 2073 cet.‚
975 2043 1080 2064 wenn
1118 2032 1169 2063 sie
1204 2033 1307 2065 mich
1342 2046 1410 2066 nur
1444 2036 1548 2069 nicht

9 2097 12 2103 ·
44 2101 45 2109 η
73 2080 304 2121 bvhindern‚
341 2079 402 2112 das
435 2080 549 2113 Wohl
583 2081 644 2113 des
680 2082 800 2114 staats
834 2080 904 2113 mit
935 2081 1081 2113 Nutzen
1115 2081 1188 2113 und
1216 2081 1311 2114 ohne
1337 2083 1474 2129 Zwaug
1500 2096 1546 2118 zu

3 2145 14 2160 η
69 2129 255 2172 besorgen.

166 2177 199 2211 2.
227 2175 476 2219 cupiditatem,
503 2176 748 2209 Liisternbeit
775 2177 872 2208 nach
899 2176 1018 2208 dieser
1043 2175 1308 2214 Staatswiirde.
1360 2180 1412 2212 Er
1440 2180 1546 2224 spielt

0 2216 15 2248 'h
47 2240 48 2274 {
72 2225 139 2256 auf
164 2224 390 2257 Octavianus
417 2236 479 2265 an,
509 2225 578 2257 den
603 2237 685 2257 man
703 2236 808 2269 sogar
834 2226 933 2257 eines
960 2225 1246 2258 Consulmordes
1273 2228 1546 2271 besebuldigte,

0 2274 16 2297 [0
42 2281 49 2307 t
75 2273 128 2305 als
154 2272 294 2305 Hirtius
322 2284 365 2304 zu
391 2272 551 2315 Bologna
577 2286 620 2305 an
648 2274 772 2306 seinen
800 2273 974 2305 wanden
1001 2274 1112 2305 starb.
1145 2291 1192 2297 —
1225 2276 1406 2315 monitus,
1442 2278 1542 2308 orbi-

2 2325 17 2346 0-
43 2311 49 2351 i
74 2327 149 2360 tas,
186 2321 284 2353 diese
318 2320 542 2364 Erlesligung
576 2322 708 2354 zweier
743 2321 1026 2355 Consulstellen.
1076 2322 1115 2354 Si
1151 2329 1246 2354 esset
1272 2322 1343 2355 ista
1372 2325 1543 2363 rucuilas,

0 2373 18 2401 'st
73 2379 202 2410 nemo,
237 2375 344 2412 puto,
377 2367 576 2401 dubitaret.
606 2368 801 2402 ORELLI.
838 2389 876 2393 —
912 2369 1009 2402 Satis
1036 2371 1146 2402 mulla
1172 2370 1193 2403 i.
1221 2381 1251 2401 e.
1277 2371 1435 2415 sapienti
1462 2379 1545 2413 sat„

75 2416 185 2456 „dass
209 2415 271 2448 ich
298 2415 428 2448 hiemit
455 2417 565 2461 vtfflig
589 2428 713 2460 genug
739 2416 982 2460 geschrieben
999 2416 1114 2458 habe,
1143 2429 1203 2450 um
1220 2429 1258 2450 es
1277 2418 1397 2451 eiuem
1418 2419 1543 2452 Briete

0 2477 20 2510 355
45 2473 51 2506 t
74 2471 373 2497 anzuvertrauen.
400 2481 445 2486 —
470 2466 546 2506 cut,
574 2465 653 2499 scil.
683 2465 773 2496 baec
800 2464 886 2496 satis
912 2465 1150 2509 intelligenti,

168 2512 201 2545 3.
228 2512 390 2554 peditum.
423 2510 483 2543 Sic
518 2511 595 2546 Md.
632 2513 732 2545 Crat.
769 2512 862 2544 Vict.
902 2515 931 2546 1.
958 2514 991 2547 2.
1027 2514 1154 2546 Lamb.
1181 2514 1330 2545 militum
1359 2524 1376 2543 e
1402 2520 1541 2547 vetusta

48 2555 286 2603 [corruptela
321 2558 408 2591 cdd.
442 2559 527 2604 aliq.
566 2561 696 2592 Graev.
730 2560 818 2593 Ern.
857 2561 993 2593 Bened.
1021 2561 1109 2596 sch.
1145 2562 1240 2594 Liin.
1277 2561 1469 2594 ORELLI.
1498 2581 1540 2587 —

73 2607 257 2650 effecisse,
285 2618 493 2638 zusammen
521 2609 701 2650 gebracht
729 2619 773 2639 zu
801 2608 933 2641 haben.
964 2627 1008 2632 -—
1047 2609 1216 2641 l'cntz’dz'c‘.
1251 2606 1285 2640 S.
1315 2620 1368 2652 ep.
1397 2610 1477 2645 812.
1509 2614 1540 2645 l.
