1795 3086
425 74 742 120 EPISTOLA
774 76 1182 122 DCCLXXXIX.
1464 80 1557 128 257

72 188 225 245 gentes
266 190 421 230 nostra
459 189 576 231 mala
611 201 735 230 suam
773 191 927 242 putent
962 190 1255 233 occasionem.
1342 191 1475 242 Quod
1516 194 1556 234 si

71 243 275 300 proinde,
321 248 370 285 ut
408 244 504 300 ipse
541 257 732 299 mereog,
771 243 886 285 mihi
916 247 1196 299 successerit,
1235 249 1356 289 certe
1384 251 1429 288 et
1458 247 1555 299 tibi,

19 316 21 319 ’
71 300 146 341 cui
184 299 382 342 maxime
431 301 579 356 cupio,
621 303 668 342 et
707 300 909 341 omnibus
949 302 1061 343 viris
1101 303 1228 344 bonis
1265 303 1555 345 satisfaciam.

71 357 164 398 Fac
192 357 344 398 valeas
374 369 530 412 meque
559 360 713 398 mutuo
742 353 923 410 diligas.

69 583 155 617 dem
180 581 242 617 die
268 581 606 629 republikanische
631 582 758 617 Pax-tei
782 581 893 616 nicht
916 582 1103 617 kraftvoll
1130 582 1323 626 handelte,
1352 585 1419 618 der
1445 585 1559 620 Sena!

68 643 118 664 zu
142 630 322 665 schwach
348 629 432 664 sich
457 630 597 679 zeigte,
624 642 689 664 um
715 630 788 664 (len
820 631 998 665 fremden
1034 630 1205 666 Vfflkern
1238 632 1402 680 gehb'rig
1438 634 1558 680 impo-

71 678 184 711 niren
208 690 257 712 zu
281 678 448 713 kiinnen.
477 697 518 702 —
547 680 658 722 mala,
684 678 934 713 dissensiones
959 690 1003 712 ac
1026 685 1149 713 motus
1173 680 1317 713 civiles.
1353 697 1397 706 *-
1430 687 1556 723 gentes

68 725 220 760 Galliae
244 726 532 772 Transalpinae,
570 727 632 760 cui
657 733 738 761 tum
764 732 938 772 praeerat
964 726 1121 761 Plancus
1147 727 1235 776 lege
1256 727 1369 775 Julia.
1408 747 1454 753 ·-
1493 741 1555 763 oc-

68 774 251 809 casionem
292 774 468 808 movendi
506 786 632 818 arma,
680 775 869 809 moliendi
911 774 1176 810 defectionem.
1245 776 1348 811 Uber
1388 787 1485 810 suam
1526 789 1552 810 s,

69 821 223 856 Ramsh.
250 822 278 864 ξ.
307 824 390 865 158,
416 824 452 866 4,
479 822 515 856 d.
543 842 584 849 —
621 822 850 864 successerit,
877 821 909 858 si
936 833 1125 856 successus
1152 824 1245 856 meis
1272 823 1370 857 votis
1396 835 1554 869 respon-

68 869 182 904 debit.
218 869 313 905 Erat
347 871 434 918 lege
460 870 562 905 Iulia
597 870 730 905 consul
765 870 983 918 designatus
1020 882 1107 904 cum
1139 868 1184 906 D.
1222 873 1350 905 Bruto.
1407 890 1445 897 —
1497 873 1555 905 cui

68 918 225 952 maxime
255 918 362 963 cupio
395 918 481 955 scil.
517 917 758 960 satisfacere;
793 918 850 951 vel
874 918 936 951 cui
961 919 1124 952 maxime
1149 919 1296 954 deditus
1323 931 1416 963 sum,
1444 930 1556 964 quem

5 1002 9 1010 ,
68 965 304 1001 carissimum
331 965 462 1001 habeo.
496 966 589 1000 Vide
616 965 766 1001 Ramsh.
794 965 823 1008 §.
851 967 930 1003 123.
957 966 1105 1003 Grotef.
1133 966 1161 1010 §-
1188 969 1267 1004 273.

54 2815 59 2856 ξ
123 2823 182 2850 eie,
202 2823 303 2850 Briofe
323 2834 352 2849 v⁴
375 2824 499 2852 Billerb.
538 2823 576 2848 lv
1080 2799 1138 2841 17
