1795 3086
138 125 170 171 6
432 125 496 168 Μ.
527 126 586 168 Τ.
619 123 965 168 CICERONIS
1010 124 1381 168 EPISTOLAE.

139 238 341 290 hercule,
371 238 518 293 cupio,
549 251 665 292 quae
695 236 751 278 tu'
774 236 836 278 mi
867 237 1081 292 imperas:
1112 251 1255 278 meam
1278 236 1631 279 animadversio-

142 307 245 336 nem
284 299 330 336 et
358 294 655 349 supplicium,
705 306 794 347 quo
824 306 983 334 usurus
1013 307 1133 334 eram
1166 295 1211 333 in
1241 307 1365 345 eum,
1396 307 1527 347 quem
1558 307 1630 334 ce-

142 352 331 406 pissem,
374 351 556 390 remitto
587 349 671 389 tibi
703 354 748 390 et
774 349 991 390 condono.
1064 349 1188 398 Quid
1231 350 1328 389 illis
1360 349 1630 403 respondere

141 420 335 462 possum,
365 407 443 459 qui
472 419 554 446 sua
581 406 697 446 bona
726 404 919 459 direpta,
949 418 1085 446 naves
1116 409 1416 459 expugnatas,
1448 404 1630 456 fratres,

142 464 332 513 liberos,
363 464 571 515 parentes
601 461 798 512 occisos,
829 461 859 512 -ξ-
880 462 1078 502 actiones
1109 459 1427 516 expostulant?
1467 459 1516 500 Si
1539 474 1631 501 me-

142 518 351 559 hercules
392 517 531 572 Appii
571 531 620 558 os
658 517 893 569 haberem,
952 519 997 558 in
1039 517 1164 558 cuius
1218 517 1365 557 locum
1413 517 1631 556 suffectus

141 589 262 625 sum,
312 576 462 614 tamen
492 572 581 614 hoc
610 573 829 614 sustinere
859 586 947 613 non
977 586 1165 627 possein.
1233 572 1358 621 Quid
1399 585 1507 626 ergo
1538 572 1631 612 est?

141 630 328 672 Faciam
375 629 527 670 omnia
556 629 742 680 sedulo,
773 642 885 683 quae
916 635 961 669 te
991 630 1132 669 sciam
1164 628 1296 669 velle.
1357 627 1633 668 Defenditur

143 700 169 727 a
199 686 254 735 Q.
288 684 506 737 Volusio,
545 689 622 726 tuo
653 685 902 739 discipulo:
950 684 989 724 si
1020 683 1139 724 forte
1170 697 1222 724 ea
1251 697 1322 724 res
1353 684 1523 738 poterit
1553 683 1631 724 ad-

143 742 369 783 versarios
410 740 588 795 fugare:
619 741 665 780 in
696 754 749 781 eo
780 741 980 781 maxima
1009 753 1107 794 spes
1139 743 1217 779 est.
1286 738 1407 792 Nos,
1449 740 1487 780 si
1520 739 1630 793 quid

142 799 233 839 erit
271 797 378 838 istic
418 810 551 852 opus,
591 795 822 840 defendes.
910 796 1079 837 Caesar
1118 795 1267 835 adhuc
1307 795 1370 835 mi
1414 796 1629 836 iniuriam

141 853 277 894 facit:
327 852 383 893 de
412 854 525 894 meis
555 852 961 907 supplicationibus
1001 856 1046 893 et
1076 853 1207 892 rebus
1236 852 1374 904 gestis
1405 851 1632 892 Dalmati-

141 910 208 951 cis
239 907 387 950 adhuc
416 923 504 951 non
534 908 703 961 refert,
732 909 860 962 quasi
890 921 998 950 vero
1028 921 1116 948 non
1146 907 1380 948 iustissimi
1410 906 1632 961 triumphi

140 967 189 1006 in
229 965 463 1006 Dalmatia
504 979 574 1006 res
614 965 853 1019 gesserim!
913 963 1031 1006 Nam
1078 964 1118 1004 si
1157 962 1245 1004 hoc
1282 964 1634 1017 exspectandum

141 1025 232 1070 est,
283 1020 387 1061 dum
426 1024 566 1062 totum
616 1021 776 1062 bellum
827 1019 1083 1062 conficiam:
1135 1018 1292 1073 viginti
1333 1019 1497 1073 oppida
1532 1022 1634 1060 sunt

140 1077 397 1119 Dalmatiae
445 1079 650 1132 antiqua:
703 1089 816 1132 quae
865 1077 954 1130 ipsi
1002 1075 1087 1116 sibi
1125 1075 1407 1117 adsciverunt
1447 1075 1635 1130 amplius

141 1195 284 1230 Willen
311 1194 402 1229 sein.
427 1213 475 1220 —
508 1194 689 1239 supplic„
726 1193 788 1227 die
813 1192 1089 1229 Lebensstrafe,
1125 1210 1169 1216 —
1212 1203 1308 1236 quem
1334 1207 1383 1228 z
1409 1205 1524 1239 quum
1550 1205 1635 1227 eum

141 1244 327 1289 cepissem.
364 1263 408 1267 —
444 1243 592 1277 remitto
620 1243 706 1283 tibi,
759 1243 896 1275 erlasse
923 1240 989 1274 ich
1014 1241 1092 1274 ihm
1119 1241 1259 1278 Deiner
1284 1241 1461 1275 Fi'irbitte
1486 1253 1633 1286 wegen.

142 1311 186 1318 —
225 1292 320 1328 Quid
342 1291 435 1334 illis,
462 1291 550 1325 Seb.
578 1303 675 1337 susp.
703 1290 777 1325 Sed
800 1289 888 1334 quid
910 1289 1000 1324 illis.
1043 1308 1088 1314 --
1137 1300 1203 1323 sua
1229 1290 1341 1332 bona,
1377 1292 1629 1339 Mart.-Lag.

140 1341 227 1376 Sch.
253 1341 347 1377 Li‘m.
374 1340 436 1384 qui
461 1341 505 1373 oli
531 1340 636 1373 bona.
663 1358 707 1364 -—
733 1343 757 1383 †
783 1338 949 1371 actiones
973 1338 1214 1381 expostulant.
1249 1337 1310 1371 Sic
1337 1338 1417 1372 Md.
1445 1347 1635 1385 corrupte.

142 1391 280 1424 Graev.
315 1392 461 1422 actores
501 1388 733 1432 expostulant
767 1388 868 1421 Crat.
904 1386 1050 1420 actione
1095 1387 1325 1429 expostulant
1366 1388 1499 1421 Lamb.
1538 1389 1633 1424 Ern.

139 1438 281 1476 Bened,
308 1437 471 1472 actiones
493 1437 683 1480 postulant
708 1436 936 1481 Mart,—Lag.
970 1434 1058 1467 Sch.
1086 1435 1189 1471 Li'in.
1216 1446 1334 1480 aeque
1359 1447 1455 1468 vano
1482 1442 1634 1469 conatu.

141 1486 261 1530 Quum
288 1486 465 1532 pleraque
492 1485 643 1518 nomina
668 1484 823 1530 propria
848 1483 887 1515 in
913 1482 997 1517 Md.
1025 1482 1101 1516 sint
1129 1490 1323 1527 corrupta,
1350 1484 1404 1517 sic
1430 1484 1502 1528 leg.
1531 1485 1635 1517 vide-

140 1543 219 1571 tur:
250 1537 423 1578 parentes
455 1533 596 1567 occisos
619 1544 643 1566 a
671 1532 811 1566 Catilio
844 1532 1073 1574 expostulant
1105 1531 1189 1564 scil.
1226 1542 1374 1564 mecum
1408 1539 1635 1578 rogantque,

141 1590 187 1618 ut
221 1582 259 1616 in
296 1593 387 1616 eum
410 1581 742 1616 animadvertatur.
772 1578 966 1615 ORELLI.
1004 1579 1095 1621 „die
1127 1590 1257 1623 wegen
1290 1579 1493 1624 geraubten
1522 1581 1639 1615 Gutes

177 1656 187 1667 .
215 1657 223 1665 .
251 1631 320 1665 mit
343 1629 626 1675 gerichtlichen
653 1630 796 1674 Klagen
824 1628 885 1662 bei
910 1628 983 1662 mir
1009 1627 1292 1661 einkommen.“
1317 1647 1362 1652 —
1388 1629 1513 1673 Appii.
1547 1631 1638 1664 was

141 1681 208 1714 fiir
241 1680 301 1712 ein
328 1679 468 1724 Appius
494 1679 617 1712 dieser
644 1689 741 1717 war,
790 1678 840 1710 ist
876 1675 988 1710 nicht
1014 1687 1060 1709 zu
1087 1676 1296 1710 ermitteln.
1320 1695 1368 1700 —
1402 1688 1465 1717 os,
1500 1689 1638 1711 unver-

142 1728 334 1763 schiimtes
371 1726 550 1768 Gesicht,
577 1724 954 1763 Unverschiimtheit.
1005 1743 1048 1748 —
1097 1725 1271 1767 suffectus
1294 1734 1388 1766 sum,
1423 1737 1469 1758 an
1505 1726 1635 1759 dessen

140 1777 257 1811 stelle
282 1775 345 1811 ich
370 1773 508 1809 hieher
533 1775 585 1808 als
611 1775 841 1808 Statthalter
865 1784 950 1808 vom
980 1774 1091 1806 cesar
1116 1779 1259 1818 gesetzt
1284 1773 1421 1809 bin.—
1447 1774 1637 1817 sustinere,

142 1825 364 1867 anshalten,
391 1823 644 1868 gleichgultig
669 1829 863 1868 ertragen‚
896 1820 1071 1855 ansehen.
1126 1841 1168 1846 —
1222 1821 1260 1856 Q.
1303 1821 1476 1862 Volusio,
1504 1824 1638 1857 eodem

142 1874 318 1915 fortasse,
345 1872 411 1917 qui
438 1871 636 1907 Ciceronis
664 1882 791 1905 comes
815 1872 856 1904 in
884 1869 1023 1904 Cilicia
1048 1869 1135 1903 fuit.
1159 1861 1379 1904 SCHUTZ.
1435 1870 1472 1906 S.
1500 1871 1547 1903 ad
1572 1873 1638 1904 At—

141 1922 210 1958 tic.
239 1922 282 1963 V,
308 1922 354 1956 21
379 1920 505 1962 (CCL.
532 1920 568 1953 h.
596 1920 684 1962 ed.).
709 1938 757 1945 -
783 1918 979 1964 discipulo,
1005 1917 1171 1951 niimlich
1197 1918 1236 1950 in
1262 1917 1481 1963 eloquentia
1505 1920 1638 1953 foren-

142 1970 184 2004 si.
234 1968 325 2005 Vid.
351 1968 398 2002 ad
422 1968 556 2004 Famil.
583 1970 627 2009 V,
656 1969 702 2004 20
730 1967 895 2010 (eccll.
923 1966 962 2000 h.
988 1966 1075 2007 ed.).
1125 1984 1170 1990 —
1222 1976 1264 1999 ea
1292 1977 1372 2010 res,
1398 1967 1520 2001 dieser
1545 1969 1638 2004 Um-

141 2018 274 2062 stand,
299 2017 410 2052 diess.
437 2035 482 2043 —-
507 2027 591 2061 spes
615 2020 678 2050 est.
728 2018 807 2050 Der
831 2015 942 2049 sollte
967 2015 1044 2048 also
1071 2014 1290 2048 aushelfen!

239 2068 273 2101 3.
298 2065 399 2109 istic,
423 2066 578 2101 Romae.
618 2083 662 2089 —
696 2076 766 2099 non
792 2066 915 2108 refert
936 2063 975 2097 in
1001 2071 1146 2103 senatu,
1199 2067 1241 2096 er
1273 2064 1373 2107 treigt
1399 2063 1500 2097 noch
1527 2064 1637 2098 nicht

142 2113 282 2149 darauf
304 2125 361 2157 an,
389 2115 464 2149 mir
488 2115 548 2148 ein
574 2112 812 2158 supplicatio
844 2124 890 2147 zu
917 2112 1143 2147 decretiren.
1193 2109 1230 2145 S.
1263 2122 1320 2156 ep.
1353 2113 1435 2146 599.
1471 2113 1540 2148 649
1575 2125 1636 2146 ani

142 2163 263 2197 Ende.
297 2183 341 2189 —
373 2163 461 2196 fust.
488 2160 676 2208 triumplu,
724 2161 807 2195 dass
839 2161 904 2196 ich
937 2161 1008 2194 mit
1041 2160 1125 2193 dem
1151 2161 1318 2204 grossten
1347 2160 1498 2194 Rechte
1524 2161 1636 2195 einen

141 2210 329 2257 Triumpb
355 2211 477 2246 feiern
502 2211 651 2244 k‘dnnte.
702 2227 748 2235 -—
798 2220 901 2253 exsp.
930 2212 1003 2248 est,
1042 2220 1152 2241 wenn
1187 2219 1276 2241 man
1313 2219 1353 2240 so
1380 2209 1492 2253 lange
1518 2210 1638 2244 damit

143 2267 284 2294 wal-ten
309 2259 397 2300 will,
423 2259 502 2295 soll.
554 2260 632 2293 Vor
655 2257 795 2301 viginti
821 2257 987 2303 supplire
1011 2257 1116 2290 scito.
1167 2274 1215 2280 --
1263 2256 1432 2300 antiqua,
1467 2257 1528 2290 die
1554 2259 1637 2291 sich

141 2309 254 2355 lange
279 2308 453 2354 gehalten
478 2307 619 2350 haben,
647 2305 746 2341 wohl
773 2306 968 2351 besestigt‚
996 2305 1233 2341 ansehnlich.
1262 2323 1307 2329 —
1332 2304 1406 2348 ipsi
1429 2305 1517 2343 sibi.
1560 2308 1637 2340 Re-

142 2364 204 2392 cte
239 2356 394 2393 Weiske
416 2356 517 2390 hane
543 2356 635 2391 lect.
661 2355 744 2390 Md.
771 2355 951 2390 defendit.
993 2354 1076 2398 ipsa
1100 2353 1171 2387 sibi
1196 2353 1284 2387 Ern.
1318 2352 1411 2396 ipsis
1435 2353 1509 2388 sibi
1534 2355 1637 2389 Crat.

142 2405 278 2440 Bened.
305 2405 407 2439 socia
431 2404 505 2438 sibi
528 2405 764 2449 Mam-Lag.
792 2403 890 2437 coni.
915 2402 1003 2439 sch.
1031 2403 1131 2438 Liin.
1160 2400 1356 2435 ORELLI.
1409 2401 1481 2434 Die
1505 2401 1638 2440 Stadte

144 2454 296 2488 werden
323 2453 410 2487 hier
434 2453 488 2487 als
510 2452 586 2486 ein
612 2452 732 2494 Bund,
761 2451 851 2486 oder
876 2450 1058 2485 vielmehr
1083 2450 1138 2483 als
1165 2449 1229 2483 die
1255 2449 1362 2482 eine
1387 2450 1530 2485 Person
1558 2452 1637 2484 die-

143 2514 200 2536 ses
233 2501 380 2536 Bundes
414 2501 469 2536 im
495 2501 733 2546 Gegensatze
765 2512 839 2534 von
873 2499 948 2533 den
975 2499 1048 2534 mit
1072 2497 1186 2532 ihnen
1212 2497 1471 2533 verbiindeten
1498 2500 1639 2533 andern

143 2551 321 2591 stamen,
357 2550 409 2584 als
444 2550 533 2586 dem
557 2550 711 2584 zweiten
738 2549 1001 2593 Bundescorps
1028 2546 1267 2590 betrachtet3
1311 2546 1428 2580 daher
1462 2547 1534 2591 ipsi
1566 2548 1638 2582 sibi

144 2600 198 2632 im
231 2599 408 2643 Singular
442 2598 656 2643 gebraucht
687 2598 749 2632 ist.
825 2597 936 2632 Diese
971 2596 1218 2631 Constructio
1256 2593 1304 2628 ad
1344 2597 1507 2641 Synesin
1543 2596 1638 2629 oder

146 2648 333 2681 vielmehr
369 2647 488 2682 dieser
521 2647 767 2681 Archaismus
801 2645 923 2681 findet
948 2644 1034 2678 sich
1062 2644 1123 2677 bei
1147 2643 1217 2676 den
1244 2644 1372 2677 besten
1397 2643 1638 2678 Schriftstel-

146 2695 227 2729 lern
255 2708 291 2730 z.
319 2697 361 2730 B.
390 2695 522 2729 Catull.
559 2697 641 2734 1⁰7,
668 2696 711 2729 5:
747 2700 859 2739 atque
884 2692 1090 2737 insperanti
1111 2692 1191 2737 ipsa
1215 2692 1335 2726 refers
1361 2698 1400 2725 te
1425 2691 1544 2726 Nobis
1576 2694 1638 2733 (st.

146 2744 277 2787 mihi„
304 2745 458 2779 Terent.
483 2743 658 2778 Eunuch.
685 2742 747 2784 1V,
773 2744 809 2784 3,
834 2744 876 2778 7:
903 2742 1050 2775 absente
1074 2740 1196 2782 nobi33
1224 2740 1342 2774 Plaut.
1368 2739 1562 2785 Amphitr.
1587 2741 1640 2780 11,

146 2794 182 2835 2,
212 2795 296 2828 194:
324 2792 428 2825 nobis
451 2796 665 2837 praesenta
708 2790 850 2826 Tibull.
877 2790 949 2831 111,
975 2790 1011 2832 6,
1038 2789 1103 2824 55:
1141 2788 1289 2823 Perfida
1314 2799 1383 2822 nec
1410 2790 1549 2823 merito
1575 2799 1639 2821 no—
