1795 3086
523 67 839 113 EPISTOLA
867 68 1175 130 DCCXLIJI.
1441 130 1445 133 Ι
1516 68 1600 116 165

135 186 329 238 spectem
359 182 489 223 ludos
518 194 633 223 suos.
691 179 923 235 Rescripsi
963 181 1142 223 scilicet
1180 182 1368 237 primum
1411 195 1478 221 me
1510 182 1595 222 iam

135 239 397 294 profectum,
437 241 484 278 ut
522 251 608 278 non
646 237 868 291 integrum
906 235 989 275 sitx
1033 237 1154 290 dein,
1192 236 1450 277 ἀτοπώτατον
1485 250 1595 289 esse,

135 309 216 347 me,
246 294 324 349 qui
352 293 539 335 Romam
569 294 747 334 omnino
775 295 876 346 post
911 289 1022 330 haec
1051 306 1172 334 arma
1201 308 1288 335 non
1316 292 1595 343 accesserim,

134 364 274 404 neque
303 350 354 390 id
384 354 471 390 tam
499 347 693 403 periculi
731 348 821 388 mei
863 359 997 388 causa
1027 345 1211 390 fecerim
1241 363 1372 404 quam
1401 349 1594 402 dignita—

135 408 207 452 tis,
247 406 394 446 subito
434 403 491 444 ad
528 403 655 445 ludos
691 403 859 445 venire.
925 401 1034 443 Tali
1074 405 1190 443 enim
1228 409 1424 460 tempore
1465 404 1595 445 ludos

132 462 283 502 facere
313 461 386 501 illi
415 459 648 500 honestum
677 463 758 511 est,
793 458 867 500 cui
896 471 1077 499 necesse
1117 462 1203 499 est:
1252 466 1453 513 spectare
1482 460 1595 500 mihi

132 521 179 557 ut
207 531 294 557 non
324 519 391 557 est
418 528 612 567 necesse,
647 515 716 556 sic
753 528 807 555 ne
836 513 1070 555 honestum
1108 514 1288 568 quidem
1318 521 1395 557 est.
1455 515 1596 569 Equi-

138 572 238 613 dem
267 573 373 612 illos
403 570 622 611 celebrari
661 575 707 611 et
736 584 832 612 esse
862 583 994 624 quam
1023 569 1301 623 gratissimos
1331 571 1598 612 mirabiliter

131 628 287 681 cupio3
317 627 454 681 idque
482 625 546 667 ita
575 625 772 666 futurum
801 639 897 668 esse
929 625 1132 667 confido:
1174 629 1219 666 et
1249 629 1395 667 tecum
1424 641 1520 680 ago,
1551 632 1599 667 ut

131 683 218 722 iam
247 684 298 722 ab
329 682 427 736 ipsa
455 681 766 723 commissione
797 682 853 722 ad
871 695 956 733 me,
985 681 1354 735 quemadmodum
1375 683 1597 736 accipian-

130 742 203 777 tur
237 737 271 777 ii
310 737 430 787 ludi3
470 737 631 778 deinde
671 739 819 779 omnia
858 737 1134 791 reliquorum
1172 738 1379 778 ludorum
1419 738 1463 777 in
1500 738 1596 778 dies

128 793 329 846 singulos
369 806 650 847 persequare.
722 793 813 835 Sed
851 793 907 833 de
947 792 1065 833 ludis
1104 792 1332 836 hactenus.
1401 793 1597 848 Reliqua

127 862 230 902 pars
261 849 477 902 epistolae
520 853 587 890 est
615 848 699 889 illa
728 848 909 903 quidem
947 848 995 889 in
1024 852 1256 904 utramque
1286 853 1479 903 partem.-
1519 851 1597 890 sed

128 909 275 944 tamen
312 905 550 945 nonnullos
589 904 814 945 interdum
853 902 963 945 iacit
999 903 1224 958 igniculos
1262 906 1441 947 viriles:
1480 906 1595 959 quod

127 960 260 1013 quale
299 961 382 1000 tibi
422 959 664 1005 videretur,
701 963 753 1000 ut
795 972 948 1014 posses
987 961 1290 1013 interpretari,
1329 961 1430 1002 misi
1472 962 1528 1000 ad
1557 965 1597 1001 te.

125 1015 376 1068 exemplum
406 1015 633 1068 epistolae.
693 1015 971 1069 Quamquam
1009 1015 1123 1056 mihi
1152 1017 1416 1059 tabellarius
1447 1020 1590 1058 noste1

126 1070 308 1111 dixerat
344 1069 430 1111 tibi
467 1084 641 1125 quoque
678 1084 725 1112 se
763 1071 969 1112 attulisse
1008 1071 1163 1112 literas
1204 1085 1229 1112 a
1256 1073 1397 1114 Bruto
1437 1086 1596 1126 easque

126 1125 183 1165 ad
213 1129 257 1166 te
287 1139 310 1166 e
340 1126 599 1166 Tusculano
630 1140 726 1168 esse
756 1126 943 1167 delatas.
1001 1126 1100 1181 Ego
1129 1127 1294 1169 itinera
1323 1129 1391 1169 sic
1419 1142 1596 1181 compo-

126 1194 322 1227 sueram,
364 1184 413 1221 ut
449 1179 593 1222 Nonis
633 1181 788 1231 Quint.
828 1182 1033 1223 Puteolis
1073 1196 1226 1224 essem.
1293 1184 1441 1225 Valde
1480 1183 1597 1224 enim

126 1235 315 1285 sestin03
350 1236 415 1276 ita
444 1239 602 1290 tamen,
642 1242 704 1290 ut,
735 1241 947 1292 quantum
977 1236 1110 1278 homo
1139 1240 1296 1292 possit,
1332 1254 1465 1293 quam
1493 1253 1594 1280 cau-

125 1291 295 1333 tissime
323 1292 540 1344 navigem.
597 1291 659 1333 M.
689 1292 867 1333 Aelium
897 1305 1005 1334 cura
1033 1293 1264 1334 liberabis:
1304 1295 1342 1335 is
1381 1309 1449 1335 me
1489 1308 1593 1348 pauu

125 1361 201 1388 cos
241 1360 396 1402 specus
433 1346 481 1387 in
520 1351 722 1389 extremo
762 1348 918 1401 fundo,
957 1352 1002 1389 et
1042 1362 1118 1390 eos
1155 1349 1336 1404 quidem
1375 1352 1588 1392 subterra

125 1529 192 1562 der
217 1528 335 1563 Lente
361 1538 482 1576 geg-en
505 1529 641 1563 Brutus
667 1528 912 1563 beobachten.
965 1528 1002 1563 S.
1029 1541 1086 1575 ep.
1113 1530 1195 1569 745,
1223 1531 1245 1564 3
1273 1530 1427 1563 coronis.
1469 1546 1509 1551 —
1541 1530 1597 1562 lu-

124 1578 190 1610 dos
212 1587 305 1616 suo-⁹,
333 1587 423 1620 quos
448 1577 585 1610 Romae
606 1583 774 1622 praetor,
814 1577 880 1611 sed
904 1577 1035 1611 absens
1072 1577 1262 1611 faciendos
1290 1578 1451 1611 curabat.
1486 1577 1593 1610 5011.

124 1624 205 1660 vid.
235 1635 292 1668 ep.
319 1625 400 1666 724,
425 1626 448 1659 2
473 1624 538 1658 sub
564 1624 627 1657 fin.
655 1644 697 1650 —
724 1624 820 1667 scil„
846 1625 1021 1659 ver-steht
1045 1625 1140 1662 sich,
1169 1644 1211 1649 —
1236 1626 1445 1669 profectum
1471 1625 1594 1659 Roma.

126 1691 168 1696 —
195 1677 233 1705 ue
256 1683 326 1705 non
348 1672 484 1714 integr.
512 1672 561 1705 sit
586 1671 696 1706 ludos
720 1679 905 1717 spectare,
933 1673 1013 1707 dass
1042 1684 1080 1707 es
1105 1673 1183 1706 mir
1199 1674 1306 1707 nicht
1328 1673 1502 1719 moglich
1527 1674 1592 1710 sei,

124 1720 176 1753 sie
202 1731 249 1753 zu
277 1719 405 1753 sehen.
431 1738 478 1747 ——
500 1716 718 1763 ἄτοπώτ.,
744 1720 1050 1755 absurdissimum
1076 1732 1170 1761 esse,
1196 1722 1353 1754 minime
1380 1722 1522 1754 decere.
1550 1739 1595 1745 -—

121 1772 203 1811 post
228 1766 316 1800 lcaec
339 1778 458 1810 arma,
483 1767 555 1801 seit
578 1767 664 1801 dem
688 1769 975 1816 eingetretenen
987 1768 1256 1804 Waffenl'arm.
1286 1769 1465 1802 Antonius
1492 1768 1592 1801 hatte

123 1815 224 1849 viele
249 1814 427 1849 Soldaten
462 1815 561 1849 nach
585 1816 678 1850 Rom
712 1815 902 1850 beordert.
955 1816 993 1852 S.
1018 1828 1075 1862 ep.
1102 1819 1184 1856 711,
1212 1818 1243 1851 4.
1296 1835 1338 1840 ——
1392 1817 1477 1850 'l'alz'
1512 1816 1591 1849 scil.

123 1863 234 1907 quale
259 1874 357 1896 nunc
384 1869 450 1898 est.
478 1882 520 1887 —
571 1874 726 1906 necesse,
752 1863 921 1897 nfimlich
947 1875 1020 1898 von
1045 1866 1300 1912 Amtswegen,
1326 1883 1371 1889 —-
1420 1864 1593 1906 gratisse-

123 1921 196 1944 mos
220 1911 372 1956 populo.
410 1929 454 1936 -—-
504 1915 619 1944 tecum
644 1922 732 1954 ago,
759 1911 823 1944 ich
852 1912 1011 1947 ersuche
1034 1912 1135 1947 Dich
1160 1912 1306 1946 darum.
1347 1932 1393 1937 —-
1443 1912 1489 1945 ab
1515 1912 1594 1955 ipsa

123 1959 313 1998 commiss„
339 1969 427 1992 vom
451 1959 625 2006 Anfange
657 1960 725 1993 der
750 1959 880 2004 Spiele
905 1972 962 1993 an.
988 1979 1035 1985 --
1068 1961 1116 1994 ad
1137 1971 1189 1994 me
1213 1961 1362 1994 scribas.
1395 1981 1431 1985 —
1473 1962 1594 1993 omma

124 2007 227 2050 reliq.
247 2007 342 2040 lud..
363 2031 371 2038 .
392 2032 399 2039 .
416 2017 576 2052 perseq„
606 2007 689 2042 eine
715 2019 861 2056 genaue
882 2007 1140 2056 Schilderung
1166 2034 1173 2041 .
1201 2034 1209 2043 .
1238 2034 1243 2041 .
1273 2008 1487 2043 mittheilen
1514 2009 1593 2041 1116«

122 2061 214 2101 gest.
242 2054 322 2088 Csr.
349 2054 426 2091 Lib.
454 2056 510 2096 16,
535 2056 571 2089 4.
600 2057 631 2090 1.

215 2104 247 2137 2.
275 2102 450 2146 epistolae
472 2103 593 2137 Bruti.
618 2122 661 2128 -—-
688 2103 757 2137 illa
784 2103 933 2148 quidem.
961 2102 996 2137 S.
1024 2103 1173 2138 Ramsh.
1201 2104 1228 2146 ξ.
1260 2107 1337 2146 158,
1365 2108 1398 2146 2,
1427 2116 1457 2137 e,
1486 2122 1529 2128 --ι
1558 2115 1591 2136 ιη

121 2152 194 2184 ulr.
217 2154 328 2194 μανι,
357 2151 406 2184 ist
431 2161 471 2185 so
497 2151 573 2184 und
598 2152 656 2184 so!
707 2170 751 2176 —
802 2152 893 2185 iacit
919 2151 998 2193 ign.
1026 2152 1138 2192 viril„
1173 2154 1280 2187 wirst
1317 2165 1357 2186 er
1384 2165 1429 2186 zu
1458 2153 1592 2185 Zeiten

125 2198 246 2243 einige
272 2197 453 2232 Strahlen
478 2198 723 2233 mannlichen
748 2199 886 2233 Muths.
936 2200 1073 2234 Brutus
1109 2200 1193 2234 dem
1220 2201 1353 2235 Cicero
1388 2200 1496 2233 nicht
1523 2212 1591 2231 uua

1637 798 1660 833 1⁸:

122 2245 370 2279 ternehmend
397 2247 541 2294 genug!
569 2266 611 2271 —
657 2247 822 2292 interpr„
847 2246 1099 2282 beurtheilen.
1126 2267 1168 2273 -
1222 2261 1240 2282 e
1267 2250 1478 2291 Resculum),
1507 2259 1590 2281 vom
1636 2272 1638 2274 .

123 2292 377 2327 Tusculanum
404 2306 479 2328 aus.

217 2342 250 2375 3.
284 2341 420 2375 itinera
446 2368 454 2375 .
483 2371 490 2378 .
517 2367 524 2374 .
550 2353 674 2386 comp„
707 2342 831 2376 meine
858 2342 1076 2377 Reiseroute
1109 2342 1192 2377 hab’
1219 2343 1282 2376 ich
1310 2355 1349 2378 so
1378 2342 1592 2390 eingerith-

124 2393 190 2421 tet.
216 2405 257 2410 —
291 2389 386 2422 Non.
414 2390 547 2432 Quint„
571 2401 630 2423 am
657 2393 690 2427 7.
716 2390 849 2426 Iulius.

219 2437 252 2469 4.
279 2436 334 2469 Μ.
360 2437 519 2477 Aelium,
544 2438 615 2471 der
639 2437 702 2471 ein
728 2438 990 2472 Gutsnachbar
1015 2438 1079 2473 des
1106 2439 1240 2474 Cicero
1266 2451 1357 2474 war.
1396 2459 1433 2462 —
1474 2437 1507 2470 is
1539 2448 1593 2469 vm>

123 2493 257 2525 paucos
281 2494 417 2527 specus.
443 2484 506 2519 Sic
532 2485 597 2520 Cd.
624 2485 787 2520 Grusell.
811 2487 890 2520 Bos.
917 2487 1056 2520 Graev.
1082 2487 1175 2521 Ern.
1203 2489 1234 2521 is
1259 2488 1379 2520 meluit
1404 2498 1439 2528 p.
1467 2496 1588 2527 specus

124 2531 170 2563 de
195 2530 333 2564 Oliveti
355 2543 453 2577 susp.
479 2532 567 2567 Sch.
595 2534 687 2566 Liin.
717 2534 791 2567 ΟΒ.
840 2533 996 2568 Sensus:
1022 2536 1157 2569 metuit
1182 2547 1314 2580 specus
1341 2534 1487 2576 aliquos
1506 2533 1569 2566 sub

125 2585 314 2612 terraneos
341 2578 380 2611 h.
411 2591 441 2613 e.
468 2581 730 2624 aquaeductus,
764 2592 855 2624 quos
892 2593 960 2629 ego
995 2582 1036 2616 in
1062 2589 1232 2617 extremo
1259 2582 1385 2621 fundo,
1412 2581 1473 2613 ubi
1500 2593 1587 2614 con-

126 2626 250 2668 tignus
277 2633 331 2660 est
358 2627 456 2661 Aelii
488 2629 656 2673 praedio,
696 2641 828 2674 parare
861 2629 1119 2672 instituerffln3
1154 2637 1258 2674 putat
1294 2629 1474 2662 nimirum
1501 2629 1577 2659 ind·

126 2674 197 2706 sibi
223 2673 367 2717 aliquid
403 2677 594 2710 servitutis
625 2676 1064 2722 (Rechtspflichtigkeil)
1097 2678 1304 2711 oriturum.-
1331 2678 1436 2711 SCH.
1488 2676 1589 2708 vic-1-

127 2721 242 2756 lcicht
268 2722 394 2756 ‹liii-ste
419 2723 551 2758 hinter
578 2735 635 2758 me
660 2737 733 2758 nur
756 2730 991 2770 percontatur
1024 2739 1071 2760 zu
1102 2728 1286 2773 erg'a'nzcn
1323 2726 1414 2760 sein.
1462 2724 1575 2770 Vergl
