1795 3086
132 355 161 399 2

196 77 291 128 376
477 76 541 122 M.
570 78 629 121 Τ.
660 73 1005 121 CICERONIS
1034 73 1407 120 EPISTOLAE.

187 190 343 235 subita
370 203 455 233 nec
483 189 821 241 convenientia,
862 188 941 230 sed
980 188 1149 231 similia
1188 188 1287 230 illis
1328 188 1692 244 cogitationibus,

193 261 380 303 quarum
420 250 471 286 tu
508 247 642 288 testis
681 258 745 298 65,
794 244 934 286 fuisse
972 245 1145 287 iudices
1184 258 1342 298 meque
1382 245 1441 286 ad
1479 246 1690 301 optimam

196 317 321 358 spem
364 300 541 357 patriae
570 315 659 343 non
688 301 917 342 minimum
947 301 1033 343 tibi
1064 301 1152 355 ipsi
1181 300 1517 355 producendum
1546 306 1689 356 putes.

197 359 311 402 Sunt
349 357 452 411 tibi,
501 357 567 399 M.
599 357 747 409 Tulli,
798 356 933 398 liberi
973 357 1306 412 propinquique
1342 356 1472 411 digni
1509 356 1691 412 quidem

194 420 240 457 te
271 418 318 456 et
346 413 508 455 merito
539 413 625 454 tibi
655 412 900 454 carissimi:
952 427 1047 454 esse
1089 413 1224 454 etiam
1254 412 1420 454 debent
1457 412 1504 453 in
1534 426 1584 453 re
1612 427 1691 468 pu-

196 470 321 513 blica
349 469 558 526 proxime
586 469 672 511 hos
702 469 812 521 cari,
860 468 937 524 qui
975 469 1230 510 studiorum
1269 472 1448 510 tuorum
1486 472 1591 510 sunt
1619 482 1692 510 ae-

195 526 332 576 muli;
385 538 574 581 quorum
611 538 709 566 esse
751 525 882 580 cupio
923 524 1009 565 tibi
1050 525 1246 580 copiam:
1296 525 1377 566 sed
1416 528 1564 566 tamen
1601 539 1691 566 non

196 582 397 624 maxima
423 596 494 623 me
523 583 655 623 turba
682 584 790 636 puto
819 580 1019 625 excludi,
1057 594 1146 636 quo
1175 580 1322 622 minus
1352 581 1438 622 tibi
1465 583 1596 622 vacet
1623 594 1693 622 me

195 639 409 694 excipere
440 642 486 680 et
516 638 575 679 ad
614 636 779 689 omnia,
819 648 934 692 quae
972 635 1088 678 velis
1129 640 1175 677 et
1214 638 1390 691 probes,
1430 636 1693 692 producere.

195 694 407 736 Animum
462 693 548 735 tibi
596 697 799 736 nostrum
849 691 1043 733 sortasse
1091 693 1401 746 probavimus:
1463 692 1695 748 ingenium

198 749 372 793 diutina
420 750 616 792 servitus
665 753 801 806 certe,
853 748 1159 802 qualecunque
1207 753 1288 801 est,
1343 748 1490 790 minus
1537 754 1696 795 tamen,

198 819 332 864 quam
361 811 474 853 erat,
503 818 635 862 passa
664 809 734 846 est
762 804 925 846 videri.
984 802 1080 846 Nos
1109 817 1168 845 ex
1197 818 1279 846 ora
1305 804 1534 846 maritima
1560 804 1696 845 Asiae

197 862 460 920 provinciae
501 866 546 904 et
593 874 652 903 ex
690 860 866 912 insulis,
918 873 1027 915 quas
1066 859 1290 915 potuimus
1328 870 1462 902 naves
1500 859 1696 902 deduxi-

197 932 317 961 mus:
365 918 592 960 delectum
631 918 864 971 remigum,
908 928 1067 971 magna
1115 916 1395 958 contumacia
1448 915 1696 969 civitatum,

197 979 350 1016 tamen
396 974 507 1016 satis
559 971 776 1014 celeriter
827 972 1087 1013 habuimus:
1135 973 1282 1014 secuti
1319 985 1469 1013 sumus
1506 972 1695 1014 classem

198 1031 488 1084 Dolabellae,
519 1030 593 1071 cui
622 1027 828 1072 Lucilius
858 1032 1092 1086 praee1·at;
1130 1028 1210 1084 qui
1238 1041 1360 1082 spem
1390 1040 1524 1083 saepe
1553 1032 1696 1070 trans-

197 1191 332 1234 εαὸἰια,
359 1193 425 1228 fiir
449 1191 667 1238 plotzliche
693 1192 993 1241 Aufwallungen
1011 1217 1021 1234 ‚
1061 1203 1169 1234 casu,
1212 1197 1355 1226 temere
1389 1195 1581 1236 suscepta,
1614 1188 1696 1224 sine

196 1247 305 1276 certo
331 1241 492 1276 consilio
515 1247 696 1286 certaque
721 1242 879 1276 ratione.
894 1259 936 1266 -
963 1253 1025 1275 nec
1051 1240 1311 1282 convenientia,
1339 1240 1437 1282 ‚,i.e.
1456 1250 1527 1272 nec
1542 1249 1698 1284 respon-

196 1288 328 1325 dentia
354 1289 639 1335 superioribus,
678 1290 756 1325 und
780 1292 845 1324 fiir·
870 1289 1019 1328 Etwas‚
1056 1289 1119 1323 <las
1156 1300 1204 1322 zu
1228 1288 1384 1322 meinen
1409 1286 1594 1321 friiheren
1620 1285 1699 1320 Ge-

196 1337 416 1386 sinnungen
441 1338 553 1373 nicht
577 1338 758 1372 stimmte.
808 1339 935 1372 Etiam
957 1339 1120 1372 florente
1144 1336 1299 1371 Caesare
1326 1336 1456 1369 eadem
1482 1335 1528 1369 de
1557 1346 1598 1368 re
1624 1345 1695 1379 pu-

196 1385 299 1419 blica
340 1386 462 1425 sensi,
507 1397 601 1432 quae
633 1398 735 1420 nunc
772 1387 935 1421 sentio.“
994 1385 1056 1420 Sic
1091 1385 1164 1420 Md.
1206 1385 1327 1430 Neap.
1367 1383 1465 1418 Vict.
1504 1385 1537 1419 2.
1580 1383 1697 1430 Beng.

196 1434 307 1478 „Hoc
332 1445 396 1469 nec
420 1435 673 1469 convenientia
700 1434 838 1468 duabus
865 1434 1018 1469 vocibus
1037 1434 1229 1480 prolatum
1249 1433 1352 1467 valet
1368 1431 1481 1474 idem,
1509 1431 1610 1475 quod
1634 1442 1698 1464 va-

200 1483 315 1524 leret,
343 1489 386 1517 ut
410 1488 497 1517 utar
521 1482 661 1525 verbo,
695 1483 796 1527 quod
822 1482 887 1515 hic
914 1482 1014 1515 mihi
1040 1493 1116 1515 non
1151 1479 1262 1514 valde
1293 1480 1488 1526 placebat,
1530 1479 1699 1513 inconve-

198 1530 352 1572 nientia,
381 1536 419 1564 et
445 1537 501 1565 est
526 1536 720 1575 tamquam
746 1530 952 1565 declaratio
992 1529 1054 1564 vel
1081 1529 1274 1575 expressio
1308 1528 1434 1574 potius
1467 1527 1698 1562 anteceden-

198 1578 250 1613 tis
276 1577 383 1613 verbi
406 1579 529 1613 subita
554 1584 592 1613 et
615 1578 804 1622 notionis,
842 1590 953 1624 quam
979 1577 1133 1612 habet.‘·
1184 1577 1376 1610 Victorius
1410 1575 1451 1609 in
1485 1575 1595 1609 Curis
1620 1581 1699 1609 ter-

198 1626 274 1662 tiis.
309 1637 374 1661 nec
398 1626 689 1661 inconvenientia
714 1626 856 1662 Ceteri.
892 1625 1095 1662 ORELLI.
1135 1644 1179 1651 —-
1213 1625 1326 1671 =?²‘”³il·
1352 1623 1432 1658 illis
1457 1624 1587 1667 cogit„
1613 1634 1698 1657 son-

198 1675 296 1709 dern
321 1675 688 1710 iibereinstimmend
714 1676 786 1710 mit
811 1675 963 1709 meinen
1000 1673 1188 1709 friiheren
1212 1668 1502 1720 A'usserungen;
1533 1671 1616 1706 scil.
1652 1672 1699 1706 de

199 1734 242 1758 re
267 1723 423 1768 publica
449 1724 606 1759 Caesare
633 1729 800 1769 tyranno
826 1722 1036 1757 liberanda.
1089 1743 1131 1749 —
1184 1732 1306 1766 meque
1331 1745 1341 1755 .
1368 1746 1376 1756 .
1400 1721 1553 1765 produc.
1582 1724 1699 1766 pute-5⁸,

198 1770 279 1805 und
305 1771 470 1818 glauben
498 1773 661 1820 infigest,
687 1772 752 1806 ich
779 1772 832 1806 sei
859 1771 1078 1806 nunmehro
1104 1770 1164 1805 bei
1189 1769 1317 1805 diesen
1343 1767 1572 1803 hert-lichen
1587 1767 1698 1802 Hoff-

198 1830 356 1867 nungen
391 1819 455 1854 des
490 1820 735 1855 Vaterlandes
768 1832 840 1869 gar
871 1820 964 1854 sehr
1004 1820 1074 1854 auf
1102 1819 1164 1854 die
1200 1817 1408 1865 politische
1443 1815 1697 1851 Schaubiihne

198 1867 547 1903 hervorzuziehen.
598 1868 660 1903 Ex
686 1869 761 1904 hoc
787 1870 871 1904 loco
897 1867 1136 1916 intelligitur
1163 1867 1391 1913 scriptorem
1416 1864 1531 1898 huius
1555 1865 1697 1910 episto-

199 1916 262 1952 lae
288 1916 568 1953 adolescentem
592 1917 733 1960 fuisse;
762 1928 922 1962 eamque
947 1915 1182 1962 probabilius
1207 1916 1251 1949 L.
1280 1914 1408 1949 Cassio
1434 1913 1478 1948 C.
1507 1912 1626 1947 Cassii
1651 1925 1698 1947 ex

197 1965 317 2002 fratre
345 1966 491 2011 nepoti,
518 1977 631 2011 quam
657 1966 734 2012 ipsi
762 1966 841 1999 eius
867 1965 982 1999 fratri
1006 1964 1178 1999 attribui.
1204 1964 1315 1999 SGH.

295 2034 328 2068 2.
381 2032 489 2067 liberi
528 2032 583 2069 im
615 2033 757 2071 Plural,
791 2034 857 2068 fiir
885 2033 1030 2066 einen
1056 2031 1183 2074 Sohn3
1209 2030 1308 2064 ‹lenn
1335 2030 1502 2065 Cicero's
1529 2029 1700 2065 Tochter

199 2080 333 2115 Tullia
360 2093 443 2115 war
467 2081 589 2116 sehon
611 2082 824 2130 gestor-ben.
872 2080 908 2115 S.
936 2079 1088 2115 Ramsh.
1127 2083 1157 2124 ἕ.
1185 2081 1266 2116 203.
1296 2082 1327 2114 1.
1354 2092 1387 2113 a.
1417 2082 1450 2119 7,
1476 2080 1565 2113 Not.
1594 2080 1625 2114 2.
1655 2096 1696 2103 —-

199 2129 264 2174 qui
287 2129 383 2163 stud.
410 2133 434 2162 t.
472 2134 554 2164 sunt
580 2131 737 2172 aemuli,
780 2129 841 2163 die
868 2130 1015 2164 Deinen
1052 2127 1339 2174 Bestrebungen
1373 2127 1610 2161 nacheifern.
1655 2144 1696 2150 —

198 2187 276 2211 esse
301 2177 446 2222 copiam
472 2178 496 2211 i.
525 2190 553 2212 e.
582 2187 673 2222 quos
703 2190 783 2212 esse
809 2178 947 2219 multos
973 2176 1095 2222 cupio.
1132 2175 1353 2210 GRONOV.
1402 2175 1491 2218 „die
1527 2175 1590 2208 ich
1625 2174 1698 2209 Dir

198 2226 240 2260 in
266 2226 403 2272 Menge
428 2225 653 2262 wiinsche.“
698 2245 738 2251 --
787 2226 949 2259 maxima
979 2250 986 2258 .
1015 2250 1022 2257 .
1050 2224 1177 2263 turba,
1204 2223 1306 2257 heim
1333 2224 1508 2272 griissten
1534 2223 1698 2264 Haufen,

197 2273 261 2307 bei
286 2275 460 2322 grosster
485 2274 635 2308 Anzahl
662 2274 826 2316 solcher,
854 2274 914 2307 die
942 2273 1014 2308 Dir
1039 2271 1276 2306 naeheifern.
1307 2290 1349 2296 —-
1377 2271 1559 2317 excipere,
1584 2277 1699 2305 unter

197 2322 302 2356 diese
330 2322 451 2356 Deine
478 2322 656 2356 Freunde
682 2321 978 2357 aufzunehmen.
1013 2339 1059 2346 -—·
1106 2319 1340 2365 probabimus
1366 2319 1439 2354 Md.
1467 2319 1569 2353 Crat.
1597 2319 1695 2353 Vict.

198 2372 231 2405 1.
267 2371 366 2404 Nam
396 2381 521 2404 sermo
547 2370 592 2404 fit
616 2370 660 2404 de
688 2377 860 2417 tempore
883 2371 1022 2406 futuro.
1052 2390 1093 2396 -—
1122 2376 1159 2403 at
1185 2368 1372 2412 ingenium
1401 2394 1408 2402 .
1437 2393 1444 2403 .
1470 2367 1589 2401 videri
1614 2367 1636 2400 i.
1665 2378 1696 2400 e.

198 2417 379 2463 spectari,
406 2418 546 2461 exseri,
571 2430 747 2453 unserem
775 2419 935 2452 Talente
962 2416 1142 2457 freilich‚
1181 2428 1219 2451 so
1247 2417 1386 2463 gering
1414 2427 1450 2449 es
1491 2415 1589 2450 auch
1616 2415 1697 2450 sein

197 2478 300 2514 mag,
326 2467 498 2504 erlaubte
526 2467 586 2503 die
612 2467 727 2515 lange
753 2466 1031 2503 Knechtsehast
1058 2465 1167 2500 nicht
1194 2464 1277 2500 sich
1303 2475 1343 2499 so
1371 2477 1419 2500 zu
1444 2465 1596 2513 zeigen,
1621 2463 1697 2500 wie

197 2527 236 2551 es
262 2526 357 2550 war.

292 2579 327 2612 3.
357 2576 491 2623 suppl.
519 2576 724 2611 novissima
750 2584 876 2610 nostra
903 2578 998 2611 facta
1015 2583 1114 2620 sunt,
1140 2587 1234 2621 quae
1256 2580 1475 2620 sequuntur.
1518 2573 1599 2608 Nos
1624 2578 1697 2605 cet.

197 2644 244 2651 -
271 2625 485 2660 deduximus
519 2626 556 2658 in
593 2636 721 2666 mare,
757 2625 795 2657 in
820 2625 881 2659 die
909 2625 979 2660 See
1007 2636 1189 2670 gezogen.
1242 2642 1284 2649 -
1336 2634 1475 2666 magna
1497 2625 1591 2655 cont.
1618 2619 1698 2661 civ„

197 2674 257 2707 bei
285 2685 454 2719 grossem
480 2673 755 2709 Widerstande
783 2673 852 2708 der
881 2673 1021 2707 St'adte.
1074 2695 1116 2700 -
1169 2673 1283 2706 secuti
1311 2672 1335 2708 i.
1363 2683 1394 2706 e.
1421 2668 1612 2716 persecuti
1637 2679 1696 2701 ειι-

196 2733 285 2755 mus.
315 2743 357 2749 -
395 2722 571 2756 Lucilius.
615 2722 811 2768 Appianus
850 2722 895 2756 de
929 2723 968 2756 B.
995 2722 1079 2756 civ.
1108 2722 1172 2763 IV,
1200 2723 1258 2757 6⁰.
1292 2721 1529 2765 praefectum
1563 2716 1696 2750 classis

195 2770 416 2810 Dolabellae
443 2770 486 2808 L.
514 2770 689 2814 Figulum
715 2778 838 2806 vocat.
891 2770 1024 2818 ltaque
1058 2770 1097 2806 h.
1124 2771 1151 2806 l.
1186 2770 1251 2804 vel
1278 2768 1426 2811 Lucius,
1460 2773 1504 2802 ut
1530 2765 1697 2800 Manutio
