1795 3086
27 2420 31 2452 1

27 2475 32 2506 ἕ

29 2527 34 2574 1

33 2726 40 2833 ἓ

502 113 822 157 EPISTOLA
852 111 1187 158 DcchXn.
1478 108 1571 158 315

239 303 556 347 EPISTOLA
587 303 923 346 DCCCXXII.
983 304 1060 356 (ad
1091 304 1197 346 Div.
1227 301 1288 345 X.
1319 303 1406 352 16.)

287 379 371 414 Scr.
397 380 536 414 Romae
562 390 690 413 mense
716 378 813 413 Maio
839 379 882 412 A.
909 379 954 413 U.
982 379 1020 413 C.
1049 381 1129 414 711.
1155 378 1205 422 (a.
1233 378 1274 416 C.
1295 379 1373 422 43.)

84 470 239 504 Senatus
266 470 476 505 consultum
503 468 544 502 in
569 468 701 503 Planci
727 468 913 503 honorem
939 470 1080 504 facturn
1107 480 1184 503 esse
1210 475 1340 504 narrat
1364 474 1414 509 et,
1442 475 1483 503 ut
1511 482 1572 504 su-

161 519 249 553 bitis
276 519 386 552 rebus
413 518 616 552 consilium
641 525 790 552 senatus
817 530 863 551 ne
891 524 1097 564 exspectet,
1122 523 1257 551 auctor
1283 525 1349 552 est.
1386 519 1490 554 1-2.

621 609 798 645 CICERO
826 609 1031 646 PLANCO.

191 675 323 719 Nihil
354 683 456 732 post
486 676 714 718 hominum
742 678 1005 719 memoriam
1035 673 1296 729 gloriosius,
1323 675 1438 716 nihil
1470 689 1571 731 gra-

83 734 185 782 tius,
215 747 270 774 ne
298 738 498 788 tempore
527 734 709 788 quidem
738 733 836 788 ipso
876 731 1170 786 opportunius
1211 731 1418 772 accidere
1457 732 1571 782 vidi,

83 802 215 841 quam
252 794 365 841 tuas,
414 790 601 842 Plance,
651 791 820 830 literas.
899 787 1125 830 Redditae
1173 791 1278 828 sunt
1316 787 1434 828 enim
1480 788 1572 829 fre-

83 845 234 898 quenti
264 849 421 886 senatu
451 845 667 891 Cornuto,
711 858 846 900 quum
886 845 925 884 is
956 843 1152 897 frigidas
1189 855 1294 884 saue
1336 848 1380 884 et
1419 844 1573 884 incon-

84 905 250 941 stantes
281 901 515 943 recitasset
545 902 704 941 literas
732 899 910 954 Lepidi.
970 898 1059 939 Sub
1101 911 1174 939 eas
1214 897 1368 939 statim
1409 899 1574 940 recita-

85 962 158 997 tae
186 961 286 997 sunt
315 961 433 1008 tuae,
464 970 551 997 non
580 958 675 996 sine
704 955 876 1011 magnis
898 956 1078 1009 quidem
1101 953 1386 995 clamoribus.
1426 954 1574 1004 Quum

87 1013 213 1052 rebus
243 1014 361 1052 enim
400 1012 511 1066 ipsis
555 1015 703 1053 essent
741 1017 786 1053 et
826 1011 989 1053 studiis
1029 1009 1352 1064 beneficiisque
1393 1010 1438 1051 in
1480 1023 1574 1051 rem

86 1067 311 1122 publicam
349 1067 648 1122 gratissimae,
696 1072 790 1109 tum
835 1071 961 1108 erant
1007 1065 1284 1122 gravissimis
1337 1067 1483 1107 verbis
1524 1078 1576 1106 ac

85 1124 333 1164 sententiis.
390 1123 624 1178 Flagitare
653 1128 831 1164 senatus
860 1123 1029 1164 institit
1058 1123 1319 1172 Cornutum,
1355 1127 1407 1163 ut
1435 1120 1576 1163 reser-

86 1184 156 1219 ret
194 1180 346 1220 statim
394 1179 450 1220 de
490 1179 579 1220 tuis
627 1179 791 1221 literis.
866 1179 956 1221 Ille
1001 1192 1050 1219 se
1098 1178 1384 1219 considerare
1438 1178 1574 1220 velle.

86 1234 234 1284 Quum
263 1236 305 1276 ei
334 1248 540 1290 magnum
570 1235 823 1277 convicium
853 1235 984 1276 fieret
1014 1240 1176 1275 cuncto
1206 1237 1417 1280 asenam,
1445 1234 1575 1288 quin-

86 1290 373 1345 quetribuni
400 1292 522 1345 plebi
554 1292 815 1332 retulerunt.
873 1290 1095 1332 Servilius
1124 1294 1306 1343 rogatus
1319 1303 1414 1329 rem
1435 1289 1578 1330 distu-

87 1347 163 1387 lit:
193 1359 274 1400 ego
305 1359 402 1387 eam
431 1347 696 1387 sententiam
725 1346 841 1399 dixi,
881 1348 957 1387 cui
994 1350 1098 1386 sunt
1135 1345 1308 1386 assensi
1337 1345 1396 1385 ad
1424 1359 1576 1386 unum.

85 1401 155 1443 Ea
203 1416 315 1457 quae
363 1401 518 1451 fuerit,
573 1416 633 1444 ex
678 1406 855 1444 senatus
895 1401 1100 1443 consulto
1149 1413 1406 1455 cognosces.
1487 1401 1578 1453 Tu,

86 1470 352 1512 quamquam
383 1458 572 1500 consilio
602 1471 689 1500 non
731 1472 834 1513 eges
872 1459 946 1499 vel
990 1456 1188 1499 abundas
1228 1456 1394 1510 potius,
1432 1460 1580 1498 tamen

85 1513 175 1554 hoc
202 1513 350 1555 animo
379 1528 477 1556 esse
507 1514 658 1565 debes,
702 1518 751 1555 ut
789 1511 906 1555 nihil
946 1513 1036 1554 huc
1075 1513 1260 1554 reiicias
1290 1526 1403 1554 neve
1430 1513 1478 1553 in
1508 1527 1580 1554 re-

85 1570 165 1610 bus
195 1574 285 1611 tam
315 1572 475 1612 subitis
509 1575 686 1625 tamque
717 1571 918 1625 angustis
960 1583 987 1611 a
1024 1574 1182 1611 senatu
1221 1569 1462 1610 consilium
1504 1583 1580 1623 pe-

184 1762 217 1794 1.
264 1764 350 1804 post
382 1759 476 1793 hom.
502 1769 619 1802 mem,
653 1759 724 1793 seit
761 1758 1189 1807 Menschengedenken.
1242 1780 1284 1785 —
1334 1770 1377 1793 ne
1404 1765 1508 1804 temp.
1535 1786 1544 1793 .
1573 1785 1582 1793 .

87 1808 339 1852 opportunius,
383 1820 421 1843 so
457 1819 527 1841 zur
561 1807 819 1855 gliicklichen
854 1806 997 1842 Stunde
1032 1807 1226 1842 vox-fallen
1261 1807 1392 1850 seben,
1431 1808 1487 1842 als
1521 1808 1582 1843 die

90 1856 264 1890 Ankunft
289 1856 427 1891 Deines
452 1856 589 1896 Briefs‚
614 1855 862 1890 Schreibens.
888 1874 932 1880 —
969 1856 1131 1890 Cornuto
1156 1857 1326 1902 praetori
1350 1856 1504 1899 urbano,
1540 1863 1584 1890 ut

90 1904 121 1937 is
147 1905 339 1939 recitaret.
377 1904 436 1938 Cf,
464 1916 523 1949 ep.
547 1906 632 1940 806.
677 1923 720 1928 —
762 1904 926 1946 inconst„
972 1904 1056 1937 sich
1083 1904 1442 1950 widersprechend‚
1475 1916 1583 1940 wan-

89 1952 326 2000 kelmiithig·‚
362 1952 460 1996 quod
485 1952 596 1986 modo
622 1952 678 1986 rei
704 1951 879 1996 publicae
906 1952 1090 1997 partibus,
1125 1952 1235 1987 modo
1261 1953 1426 1987 Antonio
1451 1954 1582 1988 favere

89 2000 303 2035 videbatur.
355 2002 485 2034 Pacem
521 2000 622 2033 enim
647 2000 834 2034 suadebat.
866 2000 1072 2035 MANUT.
1123 2001 1206 2033 Vid.
1235 2012 1294 2045 ep.
1320 2002 1402 2036 801.
1430 2002 1511 2037 841.
1539 2019 1582 2025 -—

90 2048 164 2082 Sub
190 2059 264 2089 eas,
303 2048 554 2082 unmittelbar
579 2048 722 2081 darauf.
774 2066 815 2073 —
870 2049 1034 2091 clamor„
1066 2049 1510 2097 Beifallsbezeugungen.
1539 2069 1582 2074 —

92 2097 199 2129 rebus
224 2096 329 2139 ipsis,
355 2107 494 2142 weg-en
520 2096 584 2129 des
611 2096 773 2130 Inhalts.
812 2115 856 2120 —
894 2100 1010 2130 essent
1035 2096 1118 2129 scil.
1146 2097 1278 2131 literae
1302 2104 1401 2131 tuae.
1440 2116 1490 2122 —
1529 2108 1586 2130 ac.

91 2144 155 2178 Sic
180 2144 254 2178 Md.
281 2145 378 2178 Vict.
406 2147 439 2179 1.
465 2145 498 2179 2.
526 2148 632 2188 atque
649 2145 750 2179 Crat.
778 2148 812 2177 et
838 2144 976 2179 Ceteri.
1005 2143 1205 2179 ORELLI.
1236 2164 1279 2170 —
1306 2146 1475 2188 referret
1500 2146 1584 2179 scil.

91 2199 134 2226 ut
158 2192 269 2225 fieret
297 2199 444 2227 senatus
471 2193 696 2233 consultum,
733 2203 806 2235 quo
834 2200 898 2227 tua
925 2192 1083 2226 consilia
1109 2199 1145 2227 et
1172 2205 1242 2240 res·
1258 2205 1278 2227 a
1303 2200 1341 2228 te
1369 2200 1498 2242 gestae
1524 2205 1586 2227 or-

91 2247 285 2274 narentur.
301 2241 431 2274 —Ille
456 2240 629 2274 ait.—-se
644 2241 780 2274 consid.
807 2253 855 2280 v.,
883 2252 926 2274 er
951 2240 1073 2274 wolle
1099 2252 1137 2275 es
1164 2242 1464 2289 inUberlegung
1491 2241 1587 2276 neh-

90 2300 192 2324 men.
217 2307 260 2313 —
286 2289 495 2327 convicium,
522 2290 649 2324 L'arm.
682 2307 731 2313 —-
772 2289 884 2332 plebi.
935 2288 998 2323 Sic
1026 2289 1111 2331 Md„
1137 2296 1179 2323 ut
1205 2291 1245 2323 in
1272 2290 1350 2324 Cic.
1385 2290 1499 2323 scrib.
1528 2289 1588 2324 vi-

91 2337 216 2376 detur,
244 2337 310 2370 vel
334 2337 466 2381 plebei,
501 2343 543 2371 ut
570 2337 634 2371 hic
674 2337 813 2371 Graev.
846 2337 938 2370 Ern.
973 2338 1109 2372 Bened.
1144 2337 1233 2372 Sch.
1275 2339 1369 2371 Liin.
1395 2351 1444 2369 Ξ
1467 2337 1590 2381 plebis

38 2390 40 2392 '
94 2384 195 2418 Crat.
223 2385 419 2418 ORELLI.
446 2405 489 2411 —
516 2385 708 2420 Servzlius.
749 2384 788 2419 S.
814 2387 898 2428 806,
926 2387 961 2419 4.
989 2405 1034 2410 -
1068 2391 1227 2428 rogatus
1253 2397 1282 2420 r.
1309 2386 1390 2419 dist.
1418 2397 1488 2418 zur
1511 2385 1588 2418 Ab-

94 2432 304 2479 stimmung
337 2433 599 2479 aufgefordert
635 2440 726 2481 trug
761 2435 827 2466 auf
858 2433 1052 2467 Aufschub
1078 2445 1148 2477 an3
1199 2434 1327 2468 noluit
1361 2434 1589 2467 sententiam

28 2510 33 2526 ,
95 2479 234 2514 ὤσει-ο.
277 2499 324 2505 —-
363 2482 412 2514 ad
436 2492 557 2515 unum.
593 2482 648 2515 De
673 2493 707 2513 v.
735 2482 785 2514 ad
807 2493 914 2515 unum
940 2493 1014 2516 om.
1040 2494 1165 2516 omnes
1187 2483 1257 2515 cfr.
1283 2482 1404 2515 Hand.
1434 2482 1588 2516 Tur-sall.

97 2531 128 2563 1.
157 2540 194 2573 p.
224 2530 303 2563 104.
332 2529 526 2563 ORELLI.
555 2550 596 2555 —
626 2540 670 2562 ex
697 2534 812 2562 senat.
838 2541 947 2572 cons„
973 2531 1071 2575 quod
1098 2538 1153 2565 est
1176 2529 1448 2576 perscriptum.

192 2598 225 2632 2.
277 2601 395 2630 tamen
429 2597 581 2631 bczieht
617 2597 701 2631 sich
736 2598 803 2630 auf
835 2597 898 2631 das
934 2597 1194 2642 ausgelasseno
1229 2608 1274 2630 ex
1309 2607 1393 2630 mco
1429 2597 1589 2631 consilio

98 2644 190 2679 oder
214 2644 285 2678 hoc
311 2644 513 2679 consilium
540 2645 609 2679 tibi
637 2646 704 2679 do:
740 2644 804 2679 hoc
830 2655 888 2680 an.
915 2656 992 2679 esse
1019 2646 1135 2687 debes,
1170 2646 1228 2679 Du
1255 2651 1374 2678 musst
1400 2645 1499 2679 Dich
1525 2646 1593 2678 auf

98 2693 170 2725 den
195 2693 288 2726 Fuss
316 2700 455 2727 sctzen.
492 2698 531 2726 ut
570 2694 665 2727 nillil
695 2693 762 2727 lmc
795 2693 819 2725 i.
857 2705 885 2726 c.
922 2695 967 2727 ad
1002 2699 1172 2726 senatum
1206 2693 1373 2734 reficias,
1413 2693 1496 2726 dass
1531 2694 1590 2728 Du

99 2741 238 2774 Nichts
266 2747 343 2774 crst
374 2754 419 2775 an
453 2742 524 2776 den
562 2742 675 2776 Sonat
709 2740 945 2781 verweisest‚
987 2742 1044 2775 bis
1072 2753 1119 2774 zu
1144 2741 1274 2774 dessen
1301 2741 1590 2788 Entscheidung

103 2790 374 2824 verschiebesf.
412 2811 452 2816 —
498 2801 580 2824 neve
606 2816 614 2825 .
646 2816 650 2822 .
684 2794 824 2834 Jmtes,
851 2790 951 2824 noch
978 2790 1147 2836 glaubest
1185 2789 1244 2824 bei
1278 2801 1317 2824 so
1352 2789 1589 2835 plotzlichen

1615 1409 1644 1446 [Ο
