1795 3086
335 112 650 158 EPISTOLA
688 111 988 156 DCCLXIV.
1026 114 1301 158 DCCLXV.
1462 116 1551 162 211

81 226 311 277 discessit,
350 225 427 266 sed
455 228 599 266 tamen
631 237 683 266 ea
711 223 827 264 dixit
856 224 910 264 de
949 227 1329 268 conservatoribus
1368 227 1553 279 patriae,

82 295 194 336 quae
224 281 315 322 dici
345 282 553 323 deberent
582 279 638 322 de
668 278 978 334 proditoribus.
1044 280 1114 322 De
1152 296 1221 324 me
1259 282 1436 337 quidem
1464 296 1552 324 non

81 337 357 388 dubitanter,
424 336 498 377 uin
535 335 683 376 omnia
719 334 775 376 de
813 347 912 375 meo
942 334 1126 377 consilio
1155 343 1200 379 et
1227 352 1303 381 vos
1333 338 1552 380 fecissetis

80 398 127 434 et
156 392 370 434 Canutius
421 395 580 432 aceret.
651 390 815 431 Cetera
854 389 1104 446 cuiusmodi
1131 394 1241 446 sint,
1284 407 1343 435 ex
1371 393 1457 435 hoc
1484 394 1551 434 iu-

79 448 205 501 dica,
235 448 353 503 quod
381 448 528 501 legato
556 452 632 488 tuo
659 446 870 488 viaticum
899 445 1161 499 eripuerunt.
1233 447 1356 497 Quid
1384 462 1459 490 eos
1488 450 1554 490 in-

80 505 318 558 terpretari
347 507 495 557 putas,
534 515 666 557 quum
705 501 791 543 hoc
831 500 1025 542 faciunt?
1071 500 1143 540 Ad
1182 502 1350 545 hostem
1383 505 1557 546 scilicet

81 561 265 612 portari.
324 558 366 600 Ο
397 571 493 599 rem
523 559 753 600 miseram!
797 557 1023 598 dominum
1052 555 1173 596 ferre
1200 572 1285 599 non
1313 561 1556 611 potuimus:

81 628 295 657 conservo
324 613 552 669 servimus.
623 614 684 655 Et
712 617 858 654 tamen
887 626 957 653 me
986 611 1164 667 quidem
1194 613 1367 655 favente
1402 616 1557 670 magis,

80 684 210 737 quam
248 674 475 724 sperante,
514 669 647 710 etiam
690 682 806 710 nunc
845 668 1011 709 residet
1048 680 1148 721 spes
1188 669 1235 709 in
1273 670 1433 711 virtute
1467 677 1558 713 tua.

80 726 171 766 bed
199 726 272 767 ubi
300 729 402 766 sunt
430 725 609 778 copiae?
663 725 734 765 De
772 725 963 779 reliquo,
1002 724 1117 764 malo
1155 727 1199 764 te
1232 726 1375 779 ipsum
1415 730 1557 767 tecum

82 782 227 836 loqui,
258 795 389 836 quam
419 784 572 822 nostra
600 780 720 821 dicta
749 793 1025 834 cognoscere.
1086 777 1216 821 Vale.

237 1014 553 1056 EPISTOLA
584 1011 865 1055 DCCLXV.
925 1015 1003 1066 (ad
1033 1015 1138 1056 Div.
1171 1013 1285 1055 XII.
1319 1016 1406 1062 23.)

234 1088 312 1123 scr.
337 1090 479 1124 Romae
504 1087 631 1122 medio
658 1088 821 1122 Octobri
846 1089 888 1122 A.
916 1089 962 1123 U.
989 1090 1030 1125 c.
1056 1090 1138 1126 710.
1186 1089 1234 1131 (a.
1261 1089 1304 1125 c,
1331 1089 1411 1132 44.)

83 1156 297 1202 Respondet
319 1156 367 1190 ad
393 1168 454 1197 ea,
487 1167 582 1201 quae
608 1153 811 1189 Stratorius
836 1155 1074 1189 nuntiaverat
1100 1155 1146 1188 de
1176 1156 1395 1201 provincia,
1430 1156 1562 1191 deinde

433 1204 488 1237 rei
513 1203 685 1249 publicae
709 1204 872 1238 formam
899 1203 1095 1239 describit.
1124 1205 1215 1239 1-4.

537 1270 721 1306 CICERO
755 1270 1049 1306 CORNIFICIO
1074 1272 1111 1304 S.

183 1336 382 1397 ’Omnem
411 1338 712 1380 conditionem
741 1338 918 1392 imperii
946 1337 1011 1379 tui
1030 1341 1278 1391 statumque
1307 1339 1562 1392 provinciae

85 1495 219 1528 Vellei.
246 1497 393 1530 Patere.
420 1494 506 1528 libr.
534 1494 584 1530 11.
618 1493 772 1528 Sueton.
799 1494 846 1527 de
878 1493 1023 1526 clariss.
1057 1492 1210 1527 Rhetor.
1244 1494 1315 1528 Dio
1350 1496 1447 1532 Cass.
1479 1495 1563 1530 libr.

86 1542 262 1579 XLVIII.
288 1561 335 1567 —
360 1543 424 1575 ille
449 1541 645 1576 Antonius.
671 1560 715 1566 —
749 1545 952 1575 conservat.
986 1541 1010 1574 i.
1045 1551 1077 1574 e.
1115 1541 1162 1574 de
1196 1544 1313 1576 Bruto
1347 1550 1384 1576 et
1419 1544 1562 1577 Cassio.

89 1608 131 1614 —
159 1590 214 1623 De
238 1600 289 1623 me
311 1590 392 1624 scil.
420 1589 514 1624 dixit
539 1599 610 1622 uon
635 1589 848 1624 dubitanter.
874 1589 903 1626 i.
924 1600 954 1621 e.
981 1589 1033 1622 ita
1058 1594 1100 1622 ut
1124 1600 1195 1622 non
1223 1590 1432 1633 dubitaret,
1459 1592 1564 1637 quin,

87 1648 179 1682 ganz
204 1638 500 1681 unzweideutig‚
526 1637 618 1671 dass.
646 1655 688 1660 —
714 1638 756 1670 de
780 1648 854 1670 meo
880 1636 1048 1679 consilio,
1076 1638 1141 1670 auf
1164 1638 1266 1670 mein
1293 1639 1492 1673 Anstiften.
1520 1659 1563 1665 —-

87 1686 215 1728 legato
241 1690 321 1727 tuo;
358 1692 438 1718 erat
463 1685 565 1718 enim
594 1686 733 1718 Cassius
759 1685 888 1730 Syriae
918 1685 1131 1729 proconsul.
1164 1686 1371 1721 MANUT.
1406 1706 1450 1712 -
1485 1687 1564 1720 via-

88 1734 218 1774 ticum,
243 1734 304 1766 die
329 1733 583 1769 Reisediiiten.
612 1752 656 1758 —
688 1732 956 1777 interpretari,
990 1732 1073 1766 dass
1094 1733 1147 1767 sie
1173 1745 1211 1767 es
1236 1734 1416 1774 nehmen;
1451 1746 1566 1779 quem

88 1787 318 1826 praetextum
344 1789 451 1827 putas
479 1781 703 1814 adducturos
729 1793 791 1814 eos
817 1791 894 1814 esse
920 1780 966 1813 de
991 1780 1064 1814 hoc
1098 1781 1230 1815 facto?
1257 1801 1301 1807 -
1333 1783 1483 1826 portari
1508 1783 1565 1816 di·

88 1835 180 1862 cunt
210 1829 321 1862 istam
359 1829 567 1874 pecuniam.
600 1849 643 1854 —
688 1839 859 1862 conservo
892 1829 1075 1870 Antonio,
1123 1829 1188 1874 qui
1213 1830 1365 1870 itidem,
1402 1837 1444 1863 ut
1480 1842 1564 1872 nos,

89 1877 163 1910 fuit
188 1888 318 1910 servus
343 1877 578 1912 ocaesaris.
606 1878 691 1921 Vgl.
707 1888 763 1922 ep.
776 1877 899 1918 758‚3.
926 1893 966 1901 —
985 1877 1142 1917 favente
1169 1878 1273 1911 vohis
1298 1879 1324 1911 i.
1343 1890 1374 1911 e.
1402 1884 1564 1922 optante.

89 1942 137 1948 —
162 1929 327 1968 sperante
351 1926 521 1959 meliora.
549 1943 595 1949 --
621 1929 733 1958 tecum
759 1925 872 1968 loqui,
900 1923 981 1956 dass
1008 1924 1070 1957 Du
1096 1925 1166 1958 mit
1187 1926 1259 1959 Dir
1285 1937 1328 1960 zu
1352 1926 1474 1960 Rathe
1500 1937 1564 1971 ge-

89 1972 187 2014 hest,
212 1973 269 2006 uti
295 1979 361 2007 tuo
387 1974 559 2007 consilio.
590 1992 631 1997 —
669 1983 774 2016 quam
801 1998 809 2007 .
838 1997 846 2004 .
873 1971 1110 2014 cognoscere,
1143 1974 1194 2007 als
1228 1975 1310 2008 dass
1345 1975 1407 2007 Du
1441 1986 1565 2008 meme

89 2020 355 2066 Gesinnungen
382 2021 563 2055 hieriiber
588 2033 649 2054 aus
676 2021 800 2054 einem
824 2020 950 2054 Briefe
976 2019 1170 2054 erfahrest.

233 2087 542 2124 CORNIFICIO.
568 2089 604 2123 S.
631 2101 674 2122 zu
698 2100 755 2133 ep.
781 2088 849 2123 641
874 2086 927 2120 im
952 2088 1038 2121 Anf.
1420 2121 1423 2123 Α
1466 2114 1467 2117 ,

184 2138 217 2170 1.
251 2137 401 2180 condit„
442 2136 666 2171 Verhsltniss
698 2136 840 2170 Deiner
873 2134 1266 2169 Befehlshaberstelle.
1325 2137 1370 2182 Q.
1406 2138 1566 2175 Coa-nisi-

90 2183 168 2216 cius
194 2184 240 2229 Q.
267 2185 306 2217 F.
340 2185 413 2219 hoc
440 2192 613 2231 tempore
640 2185 809 2218 Africam
842 2190 1008 2217 veterem
1033 2183 1195 2217 obtinuit
1220 2185 1439 2220 Proconsul.
1491 2186 1568 2220 Oc-

90 2232 167 2265 ciso
203 2234 379 2275 Caesare,
414 2245 526 2278 quum
550 2234 608 2268 M.
634 2234 816 2266 Antonius
855 2232 983 2265 consul
1017 2232 1154 2265 bellum
1179 2232 1338 2267 moliens
1363 2234 1402 2266 in
1429 2245 1567 2268 annum

91 2287 308 2323 sequentem
334 2283 544 2315 sortitionis
569 2282 677 2315 titulo
705 2281 955 2314 distribuisset
980 2280 1198 2325 provincias
1225 2287 1263 2313 et
1297 2282 1337 2316 C.
1365 2282 1568 2317 Calvisium

92 2337 342 2363 successorem
375 2328 466 2363 huic
502 2330 740 2372 destinasset,
774 2335 919 2363 senatus
952 2328 1102 2361 irritam
1135 2328 1228 2361 fecit
1261 2329 1497 2363 sortitionem
1533 2336 1569 2364 et

91 2374 297 2410 Cornificio
334 2377 491 2423 aliisque
530 2378 808 2423 provinciarum
846 2377 1058 2410 rectoribus
1100 2378 1319 2422 prorogavit
1351 2378 1566 2422 imperium,

92 2421 208 2455 donec
233 2423 278 2458 iis
303 2435 346 2458 ex
370 2426 690 2460 senatusconsulto
715 2425 990 2459 succederetur.
1044 2422 1129 2459 Vid.
1155 2425 1266 2459 Dion.
1293 2426 1447 2470 Appian.
1488 2427 1565 2460 Cic.

92 2468 252 2515 Philipp.
285 2471 354 2515 111,
391 2475 446 2508 10.
505 2475 638 2519 Itaque
681 2485 723 2506 ex
763 2472 1089 2507 senatusconsulto
1129 2474 1355 2508 Cornificius
1399 2474 1569 2507 Africam

94 2528 194 2550 anno
220 2518 332 2552 etiam
357 2520 572 2567 insequente
597 2523 761 2555 retinuit.
810 2521 956 2555 Deinde
980 2533 1068 2555 vero
1094 2533 1207 2567 quum
1231 2533 1277 2555 ex
1298 2520 1449 2554 foedere
1473 2522 1570 2555 inter

92 2565 315 2599 triumviros
339 2566 437 2602 inito
463 2571 598 2606 Caesar
620 2570 848 2604 Octavianus
872 2569 1040 2603 Africam
1067 2581 1215 2604 omnem
1242 2581 1328 2603 cum
1352 2569 1483 2603 vicinis
1509 2570 1570 2603 in-

92 2612 180 2646 sulis
214 2614 446 2658 provinciam
477 2618 518 2650 in
551 2617 845 2663 quinquennium
876 2618 1102 2663 accepisset,
1136 2629 1220 2651 cum
1252 2617 1293 2650 T.
1327 2615 1469 2660 Sextio,
1504 2618 1569 2663 qui

93 2670 178 2694 cum
212 2663 377 2696 Caesaris
415 2667 565 2698 nomine
601 2666 799 2711 provincia
833 2665 1014 2699 decedere
1055 2666 1227 2706 iubebat,
1271 2664 1412 2699 bellum
1443 2667 1568 2711 gessit,

93 2710 323 2755 proscriptos
348 2722 369 2743 a
396 2712 602 2747 triumviris
628 2721 664 2747 et
688 2725 730 2746 ex
757 2713 865 2747 ltalia
891 2713 1072 2758 profugos
1098 2713 1245 2758 recepit
1270 2719 1308 2746 et
1332 2720 1417 2757 post
1448 2714 1568 2747 varias

93 2757 244 2792 tandem
277 2759 578 2795 conflictationes
611 2762 757 2806 proelio
793 2761 911 2794 victus
945 2768 982 2794 et
1012 2761 1261 2806 interemptus
1297 2768 1360 2795 est.
1413 2761 1569 2805 Pighius

1071 2811 1166 2856 111*
