1795 3086
162 68 248 117 156
307 98 312 103 -
444 69 507 113 Μ.
537 69 595 113 Τ.
626 66 964 112 CICERONIS
1001 65 1369 112 EPISTOLAE.

265 183 438 237 „Antea
465 196 597 237 quum
626 195 705 236 per
733 180 885 222 literas
917 180 1058 222 Attici
1086 180 1226 221 nostri
1255 180 1311 220 de
1341 184 1416 222 tua
1444 194 1610 223 summa

154 241 424 282 liberalitate
454 250 708 292 summoque
737 250 842 290 erga
869 250 915 277 se
946 235 1158 277 beneficio
1180 236 1344 276 certior
1372 237 1514 277 sactus
1543 251 1609 278 es-

154 310 271 345 sem3
311 307 526 349 quumque
554 297 602 333 tu
629 295 722 347 ipse
751 294 884 336 etiam
913 293 968 332 ad
997 306 1065 333 me
1093 292 1348 346 scripsisses
1377 297 1420 332 te
1450 291 1610 333 secisse

152 365 231 403 ea,
261 363 371 404 quae
400 362 478 390 nos
506 349 819 389 voluissemus:
857 348 928 401 egi
956 348 1038 387 tibi
1068 348 1233 402 gratias
1262 360 1342 400 per
1370 348 1525 388 literas
1556 349 1611 388 iis

153 407 322 456 verbis,
360 408 411 445 ut
439 404 737 458 intelligeres,
773 402 885 444 nihil
923 406 966 444 te
1002 403 1110 443 mihi
1140 403 1309 457 gratius
1347 400 1495 443 facere
1535 417 1608 456 po-

153 463 302 502 tuisse.
373 460 541 502 Postea
575 474 684 501 vero
724 472 852 513 quam
889 459 985 513 ipse
1022 458 1198 500 Atticus
1235 458 1291 499 ad
1319 471 1388 497 me
1417 459 1538 499 venit
1566 459 1612 497 in

151 516 451 558 Tusculanum
478 514 609 556 huius
639 516 766 555 unius
796 515 861 555 rei
891 525 1044 566 causa,
1082 515 1164 554 tibi
1194 518 1242 554 ut
1270 512 1385 566 apud
1415 527 1483 554 me
1513 527 1611 567 gra-

152 574 239 614 tias
269 574 439 626 ageret,
480 571 603 611 cuius
632 570 842 611 eximiam
881 569 1098 624 quandam
1136 572 1181 609 et
1215 568 1526 610 admirabilem
1565 570 1611 608 in

151 641 285 669 causa
311 626 552 668 Buthrotia
579 627 854 668 voluntatem
893 628 938 665 et
972 625 1242 677 singularem
1283 636 1388 677 erga
1417 637 1464 665 se
1492 637 1611 664 amo-

151 697 246 725 rem
283 681 608 737 perspexisset3
656 681 796 722 teneri
835 693 922 721 non
957 680 1104 732 potui,
1150 680 1256 734 quin
1293 680 1375 720 tibi
1413 681 1610 733 apertius

150 738 268 780 illud
297 738 415 779 idem
443 736 516 778 his
545 737 688 778 literis
718 734 1004 777 declararem.
1060 735 1135 775 Ex
1161 735 1360 776 omnibus
1381 736 1521 787 enim,
1550 735 1613 774 mi

151 794 410 846 Dolabella,
450 791 610 833 studiis
649 793 695 832 in
733 805 802 833 me
841 794 885 831 et
921 789 1111 842 officiis,
1149 803 1260 845 quae
1300 803 1469 831 summa
1495 793 1612 841 sunt,

150 850 238 892 hoc
267 850 382 892 scito
410 847 523 889 mihi
553 852 597 889 et
624 847 943 902 amplissimum
959 846 1102 887 videri
1124 850 1167 888 et
1187 845 1483 901 gratissimum
1501 857 1610 897 esse,

151 904 271 961 quod
301 904 567 959 perfeceris,
596 908 645 944 ut
673 904 848 945 Atticus
875 903 1176 956 intelligeret,
1205 904 1412 956 quantum
1442 914 1522 954 ego
1551 904 1611 953 te,

150 964 360 1017 quantum
387 964 437 1001 tu
463 973 533 1000 me
563 972 748 1002 amares,
806 957 937 1008 Quod
967 958 1186 1012 reliquum
1216 961 1303 1007 est,
1331 955 1612 996 Buthrotiam

151 1022 197 1059 et
226 1029 401 1058 causam
430 1018 474 1056 et
502 1015 746 1063 civitatem,
769 1026 1042 1068 ,quamquam
1070 1027 1096 1054 a
1124 1017 1168 1053 te
1197 1012 1436 1053 constituta
1465 1015 1531 1052 est
1558 1033 1611 1039 -

150 1071 364 1115 beneficia
391 1074 537 1112 autem
565 1074 716 1111 nostra
750 1070 867 1109 tueri
905 1069 1096 1108 solemus
1129 1091 1177 1098 —
1206 1072 1353 1108 tamen
1381 1067 1516 1108 velim
1545 1080 1612 1107 re-

150 1132 324 1183 ceptam
362 1125 407 1165 in
444 1124 579 1165 fidem
617 1129 735 1165 tuam
775 1136 802 1164 a
839 1136 993 1178 meque
1023 1124 1156 1164 etiam
1191 1126 1322 1177 atque
1362 1123 1495 1162 etiam
1532 1122 1611 1161 tibi

149 1180 522 1231 commendatam,
551 1181 815 1221 auctoritate
845 1184 889 1220 et
915 1179 1083 1220 auxilio
1112 1182 1186 1219 tuo
1200 1182 1361 1219 tectam
1378 1177 1488 1219 velis
1505 1190 1609 1217 esse.

148 1239 268 1281 Satis
308 1237 396 1278 erit
432 1236 478 1276 in
517 1240 774 1290 perpetuum
810 1232 1062 1276 Buthrotiis
1106 1234 1322 1287 praesidii
1369 1245 1612 1287 magnaque

148 1307 256 1347 cura
283 1298 328 1334 et
355 1291 660 1332 sollicitudine
698 1291 892 1332 Atticum
921 1295 964 1331 et
991 1303 1060 1331 me
1088 1289 1313 1341 liberaris,
1354 1290 1392 1329 si
1420 1288 1506 1328 hoc
1534 1287 1611 1328 ho-

147 1350 269 1391 noris
298 1347 386 1388 mei
414 1359 547 1387 causa
572 1347 843 1401 susceperis,
882 1349 931 1386 ut
959 1359 1033 1386 eos
1074 1358 1245 1399 semper
1282 1357 1307 1384 a
1330 1348 1373 1385 te
1407 1343 1610 1385 defensos

147 1406 274 1448 velis.
332 1402 465 1454 Quod
493 1406 541 1443 ut
569 1401 732 1456 facias,
772 1405 815 1443 te
847 1400 1121 1443 vehementer
1156 1401 1289 1441 etiam
1318 1404 1449 1454 atque
1477 1400 1609 1440 etiam

149 1458 304 1503 rooof‘

201 1492 226 1516 ὅ
255 1514 341 1556 His
369 1514 515 1557 literis
553 1514 758 1569 scriptis,
796 1528 866 1555 me
894 1514 951 1554 ad
981 1511 1178 1556 συντάξεις
1206 1511 1329 1552 dedi:
1369 1524 1481 1566 quae
1518 1510 1613 1564 qui-

147 1632 308 1665 cumque
335 1621 413 1655 eius
437 1620 495 1654 rei
520 1620 703 1654 arbitrum
729 1624 766 1653 et
791 1625 1004 1653 curatorem
1036 1618 1229 1653 dederunt.
1289 1618 1370 1662 Quo
1402 1616 1502 1649 facto
1534 1616 1610 1648 Do-

145 1671 282 1704 labella
305 1670 352 1703 ad
377 1669 599 1703 Ciceronem
623 1667 771 1712 scripsit
795 1678 832 1700 se
858 1667 980 1701 omnia
1002 1666 1041 1699 in
1063 1678 1171 1699 causa
1190 1664 1493 1705 Buthrotiorum,
1518 1674 1612 1707 quae

144 1719 287 1751 Atticus
311 1718 446 1758 vellet,
485 1717 629 1751 fecisse.
661 1715 769 1750 SCH.
802 1715 836 1748 S.
863 1727 911 1748 zu
943 1725 1000 1760 ep.
1026 1716 1108 1753 691,
1136 1716 1170 1749 2.
1205 1731 1250 1738 -
1282 1723 1347 1756 per
1379 1712 1518 1745 literas.
1550 1712 1610 1744 Sic

144 1767 277 1809 (oxon.
308 1765 354 1807 1).
402 1764 483 1800 Asc.
509 1775 579 1799 sec.
608 1766 706 1797 Crat.
732 1762 842 1808 Seqq.
869 1774 970 1806 quum
995 1762 1116 1796 literis
1133 1763 1248 1795 Oxon.
1265 1761 1298 1795 2.
1349 1759 1455 1793 Haud
1481 1759 1612 1803 displi-

146 1820 218 1847 cet.
246 1812 337 1850 scil.
363 1813 442 1847 Md.
467 1813 549 1846 Asc.
575 1824 654 1857 pr.:
687 1822 787 1855 quum
820 1812 958 1845 literas.
994 1810 1188 1845 ORELLI.
1222 1828 1266 1833 —-
1298 1807 1365 1849 iis,
1400 1807 1477 1840 Md.
1515 1807 1608 1840 Vict.

144 1864 178 1896 1.
203 1861 274 1897 his.
302 1879 343 1886 —
377 1861 475 1894 cuius
500 1875 550 1893 z
575 1871 691 1904 quum
724 1866 837 1892 tuam.
894 1858 1022 1894 Daher
1053 1862 1146 1891 tuam
1178 1857 1256 1891 Md.
1291 1867 1309 1888 a
1342 1855 1454 1888 tertia
1487 1867 1610 1894 manu,

142 1912 223 1943 Asc.
252 1911 283 1944 1.
310 1907 410 1942 Vict.
437 1911 470 1944 2.
497 1910 578 1942 Bos.
607 1910 661 1942 Iu.
687 1908 768 1941 Asc.
795 1918 869 1944 sec.
898 1908 999 1942 Crat.
1034 1906 1128 1939 vict.
1164 1908 1194 1939 1.
1213 1905 1281 1949 *als
1314 1904 1453 1936 Glosse.
1483 1923 1521 1928 —
1558 1908 1608 1936 te-

142 1957 222 1990 neri
246 1967 315 1989 mm
338 1957 461 1999 potui,
500 1968 538 1990 so
565 1957 702 1990 konnte
727 1954 833 1988 mich
867 1953 976 1987 nicht
1007 1953 1156 1994 halten,
1190 1964 1235 1985 zu
1265 1969 1311 1975 -
1353 1951 1420 1984 lzis.
1462 1950 1542 1983 Asc.
1577 1953 1607 1984 l.

143 2007 245 2040 Crat.
274 2005 370 2037 Vict.
398 2007 428 2038 1.
455 2005 488 2039 2.
515 2005 572 2038 iis.
601 2023 645 2030 --
673 2004 799 2047 ampI.‚
826 2002 1091 2036 ehrenvollste.
1121 2020 1162 2027 --
1199 2003 1371 2043 quantum.
1396 1998 1460 2031 Sic
1488 2000 1608 2034 Oxon.

144 2056 176 2089 1.
203 2055 233 2088 2.
259 2053 340 2086 Asc.
368 2054 397 2086 1.
425 2053 527 2087 Crat.
554 2052 681 2087 Lamb.
709 2063 814 2095 quam
839 2050 978 2091 (MM)
1004 2049 1099 2082 Vict.
1127 2051 1158 2082 1.
1186 2049 1218 2084 2.
1245 2048 1328 2081 Bos.
1356 2046 1468 2090 seqq.
1498 2046 1571 2079 ΟΕ.

237 2102 269 2135 3.
287 2111 492 2144 quamquam
509 2111 531 2132 a
547 2105 581 2133 le
603 2100 796 2133 constituta
818 2102 886 2140 est,
914 2097 1087 2143 obgleich
1110 2096 1150 2129 in
1175 2096 1289 2129 deren
1313 2094 1486 2128 Hinsicht
1511 2093 1610 2127 Alles

142 2162 187 2182 zu
212 2149 334 2182 einem
360 2149 481 2181 festen
507 2147 725 2181 Beschlusse
750 2145 873 2180 durch
906 2144 1006 2178 Dich
1031 2143 1218 2192 gebracht
1241 2144 1301 2176 ist.
1329 2160 1371 2166 —
1410 2141 1505 2174 lueri
1528 2143 1609 2184 sol.‚

139 2208 254 2238 „man
269 2196 389 2241 pflegt
414 2195 448 2228 ia
468 2206 583 2243 gerne
605 2196 706 2229 seine
723 2194 991 2238 wohltha'tigen
1015 2191 1318 2234 Ausrichtungen
1338 2200 1386 2222 zu
1407 2188 1611 2231 schirrum,

140 2256 179 2278 so
205 2245 284 2277 (lass
310 2243 362 2276 sie
389 2242 485 2276 auch
511 2255 581 2276 zur
605 2243 852 2288 Ausfiihrung
869 2242 1095 2287 gelangen.“
1143 2240 1243 2272 Diess
1261 2236 1410 2270 bezieht
1426 2236 1507 2270 sich
1525 2237 1609 2270 ἀει·-

140 2293 224 2333 auf,
261 2292 340 2324 (lass
367 2292 433 2326 Cn.
460 2291 613 2325 Plancus
645 2291 715 2324 mit
740 2291 806 2323 der
829 2289 1081 2335 Ausfiihrung
1105 2287 1168 2320 des
1196 2283 1539 2320 Rathsbeschlusses
1564 2297 1610 2318 zu

140 2342 281 2384 zilgern
308 2339 444 2373 schien.
471 2338 507 2373 S.
535 2339 594 2372 die
621 2339 701 2372 drei
727 2338 932 2381 folgenden
957 2336 1097 2370 Briefe.
1147 2336 1236 2369 Dess
1261 2331 1489 2380 ungeaohtet
1514 2344 1611 2365 muss

140 2389 259 2430 doch,
287 2388 375 2420 Was
401 2387 596 2420 Dolabella
622 2386 783 2420 erwirkt
807 2386 928 2425 hatte,
963 2382 1117 2418 endlich
1141 2394 1227 2416 zum
1252 2382 1358 2414 Ziele
1384 2380 1610 2425 gekommen

139 2437 236 2476 sein,
271 2435 359 2468 weil
385 2434 483 2467 nach
508 2446 565 2479 ep.
594 2436 663 2469 753
688 2434 792 2466 nicht
818 2433 950 2466 weiter
974 2432 1034 2465 die
1072 2431 1172 2465 Rede
1211 2440 1285 2462 von
1320 2429 1387 2461 ‹ler
1417 2427 1609 2462 Buthroti-

138 2483 254 2516 schen
278 2482 582 2530 Aug-elegenheit
607 2482 666 2515 ist.
695 2501 741 2506 -—
766 2486 897 2525 recept.
925 2480 963 2513 in
980 2480 1108 2520 fidem,
1135 2479 1191 2518 Da
1217 2478 1274 2510 Du
1298 2477 1350 2510 sie
1376 2475 1543 2510 einmahl
1569 2476 1609 2508 in

140 2532 284 2565 Deinen
323 2530 465 2564 Schutz
505 2541 726 2578 genommen
769 2530 862 2562 hast.
904 2547 945 2552 ——
986 2532 1104 2567 auct„
1147 2524 1526 2568 Vielverm'dgenheit.
1564 2541 1609 2547 --

140 2583 268 2611 tectam
292 2579 380 2612 velis
407 2589 504 2619 esse,
538 2578 677 2612 wollest
710 2580 839 2610 serner
867 2576 1048 2623 gedeckt,
1085 2572 1274 2622 gesichert
1298 2573 1374 2605 sein
1407 2573 1537 2605 lassen.
1566 2588 1607 2594 —-

140 2627 241 2660 Satis
267 2652 278 2663 .
306 2651 315 2660 .
339 2626 539 2671 praesidii,
565 2628 630 2660 auf
654 2626 793 2660 Immer
818 2625 969 2659 werden
995 2624 1094 2657 daun
1120 2622 1178 2655 die
1203 2619 1408 2656 Buthrotcr
1434 2619 1607 2664 hinlangffl

140 2674 221 2708 lich
252 2674 441 2721 geborgen
467 2675 561 2709 sein.

238 2723 271 2757 4.
299 2720 552 2764 συντάξεις,
586 2732 722 2768 opera,
758 2720 1068 2766 compositiones,
1105 2731 1149 2753 zu
1174 2717 1317 2752 meiner
1348 2713 1610 2754 Autorschast,
