1795 3086
237 57 333 104 266
527 58 592 102 Μ.
623 58 682 102 Τ.
713 55 1062 102 CICERONIS
1092 57 1471 106 EPISTOLAE.

238 173 396 214 sentit:
425 170 520 223 sed,
549 170 671 226 quod
701 170 948 213 avunculus
977 174 1059 218 est,
1087 184 1176 213 non
1199 174 1443 216 acerrimas
1473 174 1590 217 dicit
1617 189 1716 219 sen-

237 230 414 271 tentias.
472 227 693 268 Consules
731 227 927 282 egregii:
968 229 1226 283 praeclarus
1268 229 1326 270 D.
1356 230 1545 274 Brutus:
1569 246 1714 288 „egre-

237 285 338 340 gius
368 297 480 339 puer
509 283 690 330 Caesar,
729 282 787 325 de
827 298 916 338 quo
955 298 1089 339 spero
1129 284 1337 339 equidem
1368 287 1556 342 reliqua.
1615 290 1716 332 Hoc

237 355 345 382 vero
383 343 556 380 certum
595 339 781 392 habeto,
827 339 918 380 nisi
956 341 1040 381 ille
1081 345 1316 383 veteranos
1357 343 1570 385 celeriter
1609 359 1715 387 con-

235 395 495 450 scripsisset
525 396 813 451 legionesque
842 395 956 437 duae
993 396 1050 438 de
1079 397 1287 439 exercitu
1315 397 1502 441 Antonii
1530 399 1588 441 ad
1618 402 1715 443 eius

235 466 284 493 se
315 452 626 494 auctoritatem
654 452 950 494 contulissent
977 457 1110 508 atque
1148 452 1187 494 is
1217 454 1447 509 oppositu-s
1479 460 1598 498 esset
1625 461 1714 498 ter-

236 521 314 550 ror
341 507 564 555 Antonio‚
602 508 720 549 nihil
749 506 993 549 Antonium
1021 508 1232 562 sceleris,
1269 510 1387 552 nihil
1427 512 1714 554 crudelitatis

233 565 580 617 praeteriturum
608 564 763 606 fuisse.
821 564 949 605 Haec
977 565 1076 613 tibi,
1105 566 1190 607 etsi
1220 567 1374 608 audita
1403 581 1501 610 esse
1519 569 1712 610 arbitra-

234 619 504 718 bar‚hvp)lui
532 625 680 664 tamen
708 620 889 663 notiora
916 633 1028 664 esse.
1095 621 1240 664 Plura
1264 624 1494 672 scribam,
1536 624 1576 667 si
1613 625 1714 681 plus

233 676 318 718 otii
382 690 406 718 a
438 689 563 719 uero.

402 872 723 917 EPISTOLA
752 870 1029 915 DCCXCV.
1088 872 1163 923 (ad
1192 872 1298 915 Div.
1328 872 1443 915 XII.
1472 872 1538 923 5.)

373 954 457 990 Scr.
484 955 623 990 Romae
647 965 776 989 mense
801 953 1022 988 Februario.
1046 952 1090 987 A.
1118 953 1164 988 U.
1191 952 1230 988 C.
1258 955 1339 991 711.
1366 954 1412 996 (a.
1439 952 1480 988 C.
1505 953 1582 997 43.)

227 1024 275 1057 M.
302 1022 462 1056 Brutum
490 1021 630 1065 laudat,
664 1027 707 1054 ut
730 1020 911 1054 accendat
935 1020 1013 1054 eius
1047 1019 1224 1065 exemplo
1250 1020 1416 1055 Cassium
1449 1020 1496 1054 nd
1529 1020 1710 1057 imitatio-

287 1080 399 1114 nem3
423 1069 530 1105 addit
555 1069 601 1104 de
627 1068 830 1104 Mutinensi
856 1068 958 1102 bello
983 1074 1022 1102 et
1046 1067 1091 1101 de
1118 1073 1216 1102 statu
1243 1067 1301 1102 rei
1326 1068 1511 1115 publicae.
1539 1070 1644 1104 1-3,

735 1139 916 1175 clcERo
952 1137 1120 1174 CASSIO
1153 1137 1190 1173 S.

333 1209 543 1251 Hiemem
572 1207 711 1249 credo
741 1205 890 1249 adhuc
917 1204 1219 1262 prohibuisse,
1257 1220 1347 1262 quo
1386 1208 1535 1249 minus
1574 1208 1631 1249 de
1661 1211 1706 1250 te

222 1268 393 1308 eertum
434 1265 724 1317 haberemus,
771 1263 883 1319 quid
922 1275 1079 1317 ageres
1122 1262 1408 1319 maximeque
1454 1264 1530 1305 ubi
1571 1278 1703 1306 esses.

219 1324 541 1378 Loquebantur
578 1333 729 1364 omnes
758 1324 906 1361 tamen
934 1342 986 1349 -
1018 1317 1154 1360 credo
1184 1319 1305 1375 quod
1333 1319 1546 1362 volebant
1572 1345 1628 1351 —
1656 1321 1704 1361 in

219 1380 360 1435 Syria
387 1382 432 1420 te
462 1391 576 1431 esse,
604 1377 772 1418 habere
802 1375 965 1430 copias.
1024 1374 1082 1415 Id
1111 1379 1259 1417 autem
1299 1389 1352 1417 eo
1390 1376 1575 1417 facilius
1606 1390 1703 1418 cre-

217 1436 419 1488 debatur,
457 1435 566 1490 quia
593 1432 745 1474 simile
772 1431 871 1474 veri
899 1430 1150 1473 videbatur.
1208 1431 1374 1483 Brutus
1412 1432 1596 1486 quidem
1623 1446 1702 1474 no—

217 1495 312 1534 ster
350 1491 575 1546 egregiam
615 1488 793 1531 laudem
832 1491 902 1529 est
941 1490 1220 1530 consecutus.
1285 1488 1378 1531 Res
1409 1489 1528 1529 enim
1557 1491 1703 1530 tantas

216 1687 335 1721 quum
360 1678 459 1708 esset
484 1672 531 1708 ad
555 1671 764 1707 Antonium
790 1670 938 1715 missus,
965 1677 1126 1706 mortuo.
1156 1671 1236 1706 Cfr.
1264 1682 1322 1716 ep.
1351 1672 1430 1708 795.
1457 1673 1527 1709 365
1544 1672 1598 1706 im
1612 1672 1699 1706 Anf.

214 1727 298 1760 557.
322 1725 404 1760 566.
431 1722 601 1768 Philipp.
626 1721 689 1756 lx.
714 1738 762 1746 --
787 1721 985 1754 avunculus
1008 1722 1056 1758 M,
1081 1719 1249 1755 Antonii.
1275 1721 1347 1765 Ep.
1376 1721 1445 1756 795
1470 1732 1558 1755 eum
1583 1732 1699 1754 unum

215 1773 309 1807 dicit
333 1773 490 1805 firmum
518 1777 555 1805 et
581 1775 737 1804 rectum.
787 1787 833 1794 —-
881 1768 1144 1816 puer-Caesar
1168 1769 1406 1812 Octavianus,
1433 1769 1498 1812 qui
1525 1775 1606 1803 tum
1631 1780 1698 1802 an-

214 1833 306 1855 num
331 1821 430 1855 XIX.
455 1819 602 1869 agebat.
630 1837 673 1842 —-
701 1817 853 1863 reliqua,
879 1817 944 1852 das
970 1817 1131 1866 Ubrige,
1157 1828 1234 1851 was
1261 1817 1360 1851 noch
1385 1829 1432 1850 zu
1457 1817 1554 1851 thun
1580 1818 1697 1851 ist.—

215 1881 369 1911 conscr„
396 1868 625 1916 aufgeboten
650 1866 770 1904 hatte.
822 1884 866 1891 —
917 1866 1083 1909 legiones
1108 1866 1212 1906 duae,
1238 1866 1371 1900 Martia
1398 1871 1435 1899 et
1461 1866 1608 1908 Quarta.
1659 1865 1697 1899 S.

215 1930 274 1964 ep.
302 1920 385 1961 779,
410 1920 443 1953 2.
471 1916 640 1962 Philipp.
654 1916 725 1956 111,
739 1916 772 1950 3.
801 1933 848 1939 —
873 1915 923 1948 ad
946 1914 1026 1948 eius
1049 1918 1145 1948 auct.
1172 1914 1317 1960 contub,
1343 1913 1429 1947 sich
1455 1919 1569 1947 unter
1593 1913 1698 1947 seins

214 1967 344 2001 Fahne
369 1966 538 2014 begeben
563 1964 707 1998 h'dtten.
732 1981 780 1989 —-
828 1963 875 2005 is,
909 1962 981 1997 der
1003 1962 1086 1996 Art.
1126 1981 1169 1986 ——
1219 1961 1520 2006 oppositus.esset
1544 1962 1697 2006 eiusque

214 2015 398 2049 ferociam
426 2014 658 2061 infregisset.
697 2031 741 2038 —
789 2011 887 2045 nihil
909 2010 1105 2045 Antonium
1129 2010 1330 2045 Brundisio
1362 2022 1448 2044 cum
1479 2010 1697 2057 legionibus

213 2062 466 2098 Macedonicis
492 2063 725 2097 redeuntem.
752 2060 954 2096 MANUT.
1004 2058 1043 2094 S.
1069 2070 1126 2104 ep.
1155 2060 1234 2095 765.
1260 2059 1340 2094 813.
1380 2060 1497 2093 Oratt.
1523 2057 1693 2103 Philipp.

213 2111 408 2146 Plutarch.
436 2111 518 2145 Dio.
546 2129 589 2135 —
615 2109 808 2152 praeterit.
825 2109 962 2151 fuisse,
988 2107 1121 2142 wiirde
1147 2107 1390 2147 unversucht,
1416 2106 1696 2151 uuausgeffihrt

211 2160 384 2207 gelassen
418 2159 553 2192 haben.
602 2158 680 2191 Ein
716 2156 864 2192 solches
894 2155 1062 2200 Beispiel
1095 2155 1200 2189 hatte
1231 2166 1274 2188 er
1306 2154 1408 2188 noch
1435 2165 1503 2188 vor
1529 2155 1694 2187 Kurzem

211 2221 259 2242 zu
285 2207 527 2242 Brundisium
554 2206 739 2254 gegeben.
789 2205 855 2240 Als
881 2215 954 2238 von
978 2204 1052 2237 den
1085 2215 1149 2237 aus
1176 2202 1421 2236 Macedonian
1447 2201 1694 2236 zuriickkeh-

209 2256 354 2291 rendcn
377 2255 465 2292 vier
489 2256 682 2301 Legionen
715 2254 778 2288 des
815 2253 944 2288 Casars
977 2250 1064 2285 drei
1096 2251 1166 2284 ihn
1201 2250 1312 2285 nicht
1346 2251 1403 2284 als
1437 2249 1552 2284 ihren
1578 2250 1693 2284 Feld-

210 2305 332 2338 herrn
365 2303 612 2338 anerkennen
647 2303 835 2342 wolsten,
872 2299 998 2334 berief
1028 2310 1070 2334 er
1102 2299 1180 2332 alle
1213 2299 1446 2345 Hauptleute
1479 2298 1694 2339 derselben,

209 2355 281 2388 300
306 2365 353 2387 an
380 2352 448 2386 der
472 2351 584 2391 zahl,
617 2352 657 2384 in
682 2351 785 2384 aeine
810 2348 1034 2392 Wohnung‚
1068 2358 1130 2381 wo
1158 2358 1200 2381 er
1225 2347 1278 2380 sie
1306 2359 1379 2382 vor
1403 2347 1535 2381 seinen
1558 2346 1693 2396 Augen
1750 2354 1756 2356 “

209 2401 288 2435 und
313 2412 382 2435 vor
407 2401 531 2435 seiner
555 2399 791 2433 Gemahlinn
816 2396 952 2431 Fulvia
978 2395 1234 2430 niederhauen
1256 2395 1358 2431 liess.

307 2449 497 2484 CASSIO.
549 2447 586 2482 S.
613 2460 662 2483 zu
687 2459 746 2492 ep.
774 2448 844 2481 793
870 2446 923 2478 im
945 2445 1033 2478 Ans.

305 2501 337 2533 1.
363 2499 528 2532 Hiemem
553 2510 602 2529 Ξ
628 2500 871 2540 tempestates
897 2493 1051 2527 hiemis.
1101 2493 1212 2527 Diese
1239 2490 1502 2526 erschwerten
1528 2491 1590 2525 die
1616 2491 1690 2525 Ab-

209 2547 383 2594 sendung
413 2546 483 2580 der
519 2544 679 2579 Packete
715 2555 784 2577 zur
816 2542 886 2576 See
926 2541 1005 2575 und
1037 2541 1105 2575 der
1137 2540 1357 2575 Briefboten
1389 2552 1437 2573 zu
1472 2540 1612 2573 Laude.
1647 2555 1689 2561 -

210 2597 304 2639 quod
335 2594 517 2634 volebant,
549 2593 642 2628 weil
681 2591 736 2625 sie
773 2602 811 2625 es
845 2590 1083 2625 wiinschten.
1133 2589 1274 2623 Seneca
1319 2589 1359 2621 in
1402 2588 1558 2621 Hercul.
1592 2588 1688 2620 suit:

210 2643 316 2687 Quod
341 2643 456 2677 nimis
483 2641 616 2676 miseri
642 2640 789 2679 volunt,
818 2639 892 2672 hoc
918 2639 1033 2672 facile
1061 2638 1232 2672 credunt.
1258 2655 1306 2661 —-
1342 2636 1460 2670 simile
1483 2637 1574 2670 veri.
1624 2633 1689 2667 Sic

213 2692 360 2737 scripsi.
386 2691 508 2725 simile
532 2701 616 2724 vere
642 2688 715 2723 Md.
741 2690 821 2722 sim.
846 2699 934 2722 vcro
960 2688 1056 2721 Cett.
1085 2687 1159 2720 ΟΠ.
1189 2705 1231 2710 -
1270 2687 1317 2718 Μ.
1344 2686 1494 2718 Brutum
1519 2702 1566 2708 --
1615 2683 1690 2716 Res
1739 2710 1742 2714 .

211 2742 306 2775 enim
331 2744 454 2774 tantae
479 2739 608 2783 gessit.
648 2737 686 2772 S.
713 2736 883 2782 Philipp.
909 2737 952 2771 X.
1004 2736 1049 2771 111
1075 2740 1224 2770 senatus
1250 2733 1422 2768 consulto
1448 2732 1617 2766 laudatus
1633 2736 1690 2764 est
