1795 3086
19 0 25 92 ἱ

20 95 24 181 Ι
375 79 691 124 EPISTOLA
718 79 950 124 DCCXC.
990 81 1247 127 DCCXCI.
1454 83 1547 132 259

20 185 25 255 Ι
62 206 215 250 pacem
244 192 596 247 deprecandam,
639 191 718 234 scd
746 191 805 233 ad
835 191 1187 236 denuntiandum
1215 195 1383 236 bellum
1412 196 1543 237 mise-

20 265 24 294 ι
61 254 146 302 rat,
173 248 263 290 nisi
294 250 546 303 legatorum
574 248 731 289 nuntio
761 248 994 301 paruisset.
1050 250 1151 305 Ego
1181 255 1340 298 tamen,
1370 255 1420 292 ut
1450 252 1543 306 pri—

20 296 24 351 ἰ
61 319 180 347 mum
209 305 387 346 occasio
417 305 522 346 data
551 307 636 355 est,
674 316 775 344 meo
813 303 1004 357 pristino
1033 319 1160 349 more
1196 320 1288 348 rem
1317 307 1543 362 publicam

20 354 23 403 ἱ
60 360 272 402 defendi:
310 374 381 402 me
416 359 667 415 principem
703 360 879 401 senatui
917 361 1171 415 populoque
1207 362 1413 405 Romano
1441 376 1544 418 pro-

21 412 24 462 Ι
61 416 210 458 fessus
247 430 360 468 sum,
397 429 478 457 nec
516 418 686 470 postea,
726 427 859 470 quam
895 415 1072 470 suscepi
1101 430 1279 459 causam
1308 419 1544 471 libemus,

62 474 294 514 minimum
322 476 496 526 tempus
527 469 658 512 amisi
687 471 879 513 tuendae
908 471 1065 513 salutis
1087 471 1401 529 libertatisque
1425 488 1543 516 com-

61 528 219 570 munis.
277 527 370 569 Sed
409 527 524 568 haec
562 540 741 582 quoque
777 530 824 569 te
865 540 925 569 ex
964 528 1070 568 aliis
1110 528 1244 569 malo.
1312 531 1370 572 T.
1408 530 1544 572 Pina-

63 585 196 637 rium,
236 581 640 624 familiarissinnun
667 596 826 630 meum,
863 586 989 625 tanto
1026 583 1112 625 tibi
1139 583 1293 625 studio
1323 598 1545 628 commen-

61 640 138 686 do,
165 644 215 682 ut
243 638 414 680 maiore
443 652 532 680 non
561 638 742 694 possim.
802 637 890 680 Cui
919 653 1054 693 quum
1074 643 1259 693 propter
1280 654 1432 681 omnes
1453 643 1544 683 vir-

64 699 199 743 tutes,
228 699 324 736 tum
352 694 489 736 etiam
519 699 707 749 propter
736 695 888 737 studia
916 693 1168 735 communia
1198 709 1295 737 sum
1325 696 1545 738 amicissi-

61 763 173 792 mus.
228 751 277 793 Is
321 755 538 805 procurat
577 751 776 792 rationes
817 750 1084 804 negotiaque
1125 750 1344 806 Dionysii
1388 752 1546 805 nostri,

63 819 195 861 quem
223 811 269 849 et
298 810 348 848 tu
377 807 565 847 multum
595 818 714 847 amas
754 809 799 846 et
827 819 909 860 ego
939 806 1136 848 omnium
1164 807 1421 861 plurimum.
1478 808 1547 849 Ea

62 862 149 904 tibi
178 876 262 918 ego
293 875 380 904 non
410 863 550 904 debeo
587 861 923 914 commendare,
962 861 1044 903 sed
1084 862 1345 904 commendo
1384 868 1545 905 tamen.

62 918 222 961 Facies
250 918 415 974 igitur,
452 921 503 958 ut
531 930 587 959 ex
614 916 822 970 Pinarii,
861 916 1108 971 gratissimi
1136 917 1358 965 hominis,
1396 918 1547 961 literis

63 978 187 1014 tuum
227 979 274 1015 et
311 986 416 1028 erga
458 973 590 1014 illum
629 976 676 1014 et
703 984 810 1028 erga
838 972 1114 1031 Dionysium
1152 974 1348 1016 studium
1379 975 1544 1030 perspi-

64 1042 245 1073 ciamus,

286 1196 605 1241 EPISTOLA
633 1197 891 1241 DCCXCI.
933 1199 1012 1252 (ad
1033 1199 1140 1242 Div.
1162 1199 1246 1243 XI.
1268 1201 1328 1252 8.)

197 1276 280 1311 Ser.
307 1277 447 1312 Romae
474 1277 629 1312 ineunte
654 1277 842 1312 Ianuario.
869 1277 914 1312 A.
942 1276 987 1311 U.
1015 1277 1054 1312 c,
1082 1280 1163 1314 711.
1202 1281 1252 1322 (a.
1278 1280 1318 1317 c.
1346 1281 1419 1324 43.)

31 1365 32 1377 1
68 1347 211 1382 Scribit
235 1347 282 1382 de
306 1347 442 1393 legatis
466 1348 513 1381 ad
538 1348 748 1383 Antonium
773 1347 899 1382 missis
923 1355 962 1384 et
987 1360 1082 1397 quae
1106 1349 1157 1384 sit
1182 1350 1352 1384 omnium
1375 1351 1420 1386 de
1437 1352 1552 1387 Bruto

152 1397 382 1443 exspectatio
408 1397 682 1442 consensioque
706 1396 753 1431 ad
777 1396 994 1433 libertatem
1021 1398 1331 1443 recuperandam.
1362 1402 1464 1437 1—2.

255 1470 307 1504 M.
334 1468 513 1504 CICERO
541 1469 578 1505 S.
603 1470 648 1505 D.
682 1470 727 1504 D.
752 1468 916 1504 BRUTO
942 1469 1041 1505 IMP.
1069 1470 1169 1505 COS.
1195 1470 1361 1506 DESIG.

32 1561 33 1567 =
180 1535 250 1576 Eo
278 1539 478 1590 tempore
514 1536 651 1577 Polla
678 1538 757 1576 tua
782 1535 931 1589 misit,
972 1540 1023 1578 ut
1052 1536 1109 1577 ad
1138 1540 1207 1584 te,
1250 1537 1290 1578 si
1320 1537 1430 1592 quid
1461 1539 1551 1580 vel-

27 1590 34 1645 fz
72 1593 173 1640 lem,
202 1592 356 1633 darem
387 1590 635 1639 literarum,
673 1604 824 1647 quum,
864 1591 973 1647 quid
1004 1592 1262 1640 scriberem,
1299 1607 1388 1636 non
1417 1593 1553 1637 habe-

29 1759 35 1804 ζ
71 1758 202 1795 kehrt·
227 1777 270 1785 -
321 1760 370 1794 ad
391 1770 475 1804 pac.
500 1761 662 1804 deprec.,
687 1773 752 1796 um
776 1760 941 1795 Frieden
966 1773 1014 1795 zu
1041 1761 1244 1797 erbetteln.
1279 1782 1322 1790 -··
1369 1764 1555 1808 paruisset

70 1808 270 1843 Antonius.
290 1825 334 1833 —
361 1807 519 1852 defendi,
547 1809 593 1844 de
617 1810 710 1844 Ern.
737 1821 838 1855 susp.
864 1809 951 1844 Sch.
980 1810 1198 1853 defendendi
1214 1817 1286 1846 etc.
1314 1810 1364 1846 So
1383 1824 1466 1847 war
1490 1813 1559 1847 auf

30 1870 36 1897 ss
71 1855 237 1892 Cicero's
260 1857 470 1891 Antreiben
497 1857 688 1899 Octavian,
725 1857 827 1892 ohne
852 1857 926 1891 den
951 1857 1090 1892 Befehl
1125 1858 1190 1892 des
1216 1857 1348 1894 Senats
1387 1866 1466 1895 erst
1490 1861 1554 1895 ab·

31 1902 32 1907 ’
72 1911 282 1946 zuwarten‚
308 1904 394 1939 dem
419 1905 607 1940 Antonius
638 1906 766 1952 l‘angst
790 1905 1022 1953 nachgeeist,
1058 1917 1122 1940 um
1149 1905 1221 1940 ihn
1246 1919 1294 1941 zu
1320 1907 1555 1944 beobachten

35 1980 37 1995 ,
71 1953 150 1986 und
173 1965 220 1986 zu
246 1951 487 1988 schw‘achen.
541 1972 583 1979 —
628 1965 685 1988 me
707 1954 910 1999 principem
935 1979 944 1989 .
970 1981 978 1989 .
1003 1956 1196 1999 professus
1220 1965 1319 1998 sum,
1356 1956 1424 1990 ich
1458 1956 1554 1992 habe

71 1999 178 2035 mich
201 2013 289 2035 zum
314 2002 519 2041 Vox-mann,
545 2002 644 2048 apud
669 2013 782 2047 quem
811 2009 909 2037 esset
933 2013 1079 2037 summa
1105 2014 1247 2046 rerum,
1272 2005 1496 2052 angeboten.
1511 2024 1555 2030 —

69 2059 139 2082 nec
162 2074 172 2082 .
207 2070 218 2081 .
251 2049 370 2084 amisi.
432 2049 639 2086 Wirklich
675 2050 816 2085 bewies
850 2049 934 2084 sich
967 2049 1064 2083 auch
1104 2050 1198 2086 ietzt
1231 2051 1369 2087 Cicero
1402 2053 1457 2087 als
1495 2054 1556 2088 ein

32 2119 38 2137 ,n
71 2095 201 2132 heller
224 2096 335 2132 Geist
357 2097 435 2132 und
459 2097 750 2148 hochberziger
772 2099 899 2132 Manu.
963 2099 1061 2132 zum
1097 2099 1262 2134 zweiten
1295 2100 1425 2135 Mahle
1450 2101 1556 2136 hatte

33 2167 35 2179 -,
72 2155 117 2179 er
140 2144 214 2179 den
239 2143 343 2180 staat
396 2152 548 2187 erettet‚
573 2158 689 2182 wenn
715 2146 825 2182 nieht
837 2146 1016 2182 Octavian
1043 2145 1113 2180 ihn
1137 2148 1319 2183 t'a‘uschte.
1369 2149 1556 2184 Dennoch

34 2210 38 2233 ς
73 2192 236 2228 beseelte
260 2193 332 2227 ihn
393 2195 430 2229 ie
453 2194 598 2230 schb’ne
623 2194 841 2245 Hoffnuwg,
874 2194 997 2229 sodass
1021 2205 1066 2229 ex·
1090 2195 1147 2230 bis
1178 2207 1227 2230 an
1250 2196 1334 2231 sein
1358 2197 1466 2232 Ende
1492 2199 1557 2232 sur

34 2240 39 2272 :i
73 2240 136 2274 die
157 2240 372 2290 Errettung·
401 2243 472 2276 der
494 2243 687 2290 Republik
710 2242 982 2278 unermiidlich
1014 2243 1092 2277 und
1124 2245 1262 2280 rastlos
1288 2245 1483 2281 arbeitete.
1508 2264 1557 2272 -—

34 2295 39 2322 Δ
73 2289 174 2323 malo
196 2299 418 2332 cognoscere
439 2291 526 2327 Asc.
551 2303 610 2337 pr.
635 2303 683 2327 ex
708 2291 1020 2337 interpolatione.
1060 2291 1135 2326 ΟΒ.

171 2336 206 2371 3.
234 2337 273 2370 Τ.
296 2337 502 2382 Pinarium,
528 2339 599 2373 dex·
622 2339 890 2374 vermuthlich
914 2340 1042 2374 diesen
1064 2340 1176 2375 Brief
1196 2340 1459 2379 iiberbrachte‚
1499 2341 1557 2375 Ει·

35 2385 40 2427 1
78 2382 129 2417 ist
155 2382 273 2419 sehon
298 2396 361 2420 aus
387 2397 446 2431 ep.
463 2388 663 2423 335u.252
688 2387 924 2423 riihmlichst
949 2387 1126 2422 bekannt.
1154 2407 1198 2414 —
1233 2389 1405 2435 Dionysii
1429 2390 1557 2423 nostri.

37 2431 41 2464 Ξ
77 2430 220 2476 Opinoi·
243 2443 336 2476 esse,
365 2434 431 2477 qui
456 2435 678 2470 nominatur
699 2435 804 2470 Libr.
831 2436 893 2470 IV.
922 2447 981 2481 ep.
1010 2437 1065 2471 15.
1102 2436 1149 2470 ad
1174 2436 1288 2471 Attic.
1314 2439 1370 2480 (h.
1400 2448 1430 2474 e.
1460 2438 1556 2481 142).

36 2476 41 2547 ἦ
76 2479 212 2514 MAN.
237 2498 285 2505 -
309 2481 484 2526 studium,
508 2482 775 2531 Geneigtheit,
803 2483 1208 2518 Dienstbeflissenheit.

178 2548 209 2580 1.
235 2546 356 2589 Polla,
382 2548 511 2583 Paulla
535 2549 561 2583 i.
587 2560 617 2583 e.
643 2548 796 2583 Valeria
821 2549 953 2583 Paulla
979 2560 1078 2585 uxor·
1101 2555 1175 2583 tua.
1225 2550 1335 2584 Polla
1370 2556 1494 2585 autem
1523 2558 1560 2586 et

38 2600 41 2632 4
78 2593 213 2628 Paulla
238 2594 412 2629 dicebant
436 2603 587 2631 veteres
614 2593 833 2644 ἀδιαφόρως,
859 2603 902 2632 ut
926 2609 1060 2643 caupo,
1087 2608 1201 2642 cop03
1235 2598 1325 2640 olla,
1350 2599 1454 2642 aula3
1480 2600 1562 2645 plo-

39 2644 43 2689 ξ
80 2648 216 2685 strum,
242 2642 473 2687 plaustrum.
500 2645 701 2680 MANUT.
718 2663 765 2670 —-
789 2644 901 2684 misit,
928 2646 1081 2680 meldet.
1103 2663 1148 2670 —
1174 2645 1262 2690 quid
1286 2671 1294 2679 .
1322 2670 1330 2679 .
1360 2646 1564 2689 literarum,

40 2696 43 2732 ‘A'
81 2690 143 2723 ein
154 2690 370 2725 Briefchen.
390 2709 432 2716 —
460 2703 579 2736 quum,
605 2693 701 2737 quid.
727 2692 857 2728 Lamb.
882 2692 977 2727 Ern.
1010 2691 1147 2727 Bened.
1173 2693 1276 2736 quod.
1303 2692 1461 2740 Saepius
1488 2696 1562 2730 iam

42 2733 43 2767 l
82 2737 294 2782 observavi,
331 2738 397 2774 sed
433 2746 593 2785 propter
622 2740 889 2776 nonnullorum
924 2741 1184 2775 morositatem
1224 2740 1421 2778 itentidem
1457 2755 1565 2789 repe-

1072 2793 1166 2834 17*
