<?xml version="1.0" encoding="UTF-8"?>
<!DOCTYPE html PUBLIC "-//W3C//DTD XHTML 1.0 Transitional//EN"
    "http://www.w3.org/TR/xhtml1/DTD/xhtml1-transitional.dtd">
<html xmlns="http://www.w3.org/1999/xhtml" xml:lang="en" lang="en">
 <head>
  <title>
</title>
<meta http-equiv="Content-Type" content="text/html;charset=utf-8" />
  <meta name='ocr-system' content='tesseract 3.04.00' />
  <meta name='ocr-capabilities' content='ocr_page ocr_carea ocr_par ocr_line ocrx_word'/>
</head>
<body>
  <div class='ocr_page' id='page_1' title='image "./epistolaeadattic04ciceuoft_0233.png"; bbox 0 0 1795 3086; ppageno 0'>
   <div class='ocr_carea' id='block_1_1' title="bbox 0 1682 33 3086">
    <p class='ocr_par' dir='ltr' id='par_1_1' title="bbox 0 1682 33 3086">
     <span class='ocr_line' id='line_1_1' title="bbox 0 1682 33 3086; baseline 0 0"><span class='ocrx_word' id='word_1_1' title='bbox 0 1682 33 3086; x_wconf 95' lang='lat' dir='ltr'><strong> </strong></span> 
     </span>
    </p>
   </div>
   <div class='ocr_carea' id='block_1_2' title="bbox 515 82 1568 132">
    <p class='ocr_par' dir='ltr' id='par_1_2' title="bbox 515 82 1568 132">
     <span class='ocr_line' id='line_1_2' title="bbox 515 82 1568 132; baseline 0.004 -4"><span class='ocrx_word' id='word_1_2' title='bbox 515 82 834 128; x_wconf 82' lang='lat' dir='ltr'><strong>EPISTOLA</strong></span> <span class='ocrx_word' id='word_1_3' title='bbox 862 82 1139 128; x_wconf 84' lang='lat' dir='ltr'><strong>DCCLXX.</strong></span> <span class='ocrx_word' id='word_1_4' title='bbox 1472 83 1568 132; x_wconf 81' lang='lat'><strong>223</strong></span> 
     </span>
    </p>
   </div>
   <div class='ocr_carea' id='block_1_3' title="bbox 91 193 1575 810">
    <p class='ocr_par' dir='ltr' id='par_1_3' title="bbox 91 193 1575 810">
     <span class='ocr_line' id='line_1_3' title="bbox 91 193 1567 255; baseline -0.002 -14"><span class='ocrx_word' id='word_1_5' title='bbox 91 198 386 255; x_wconf 84' lang='lat' dir='ltr'>Aristophani</span> <span class='ocrx_word' id='word_1_6' title='bbox 425 193 699 238; x_wconf 86' lang='lat' dir='ltr'><strong>Archilochi</strong></span> <span class='ocrx_word' id='word_1_7' title='bbox 737 195 930 241; x_wconf 87' lang='lat' dir='ltr'><strong>iambus,</strong></span> <span class='ocrx_word' id='word_1_8' title='bbox 968 196 1036 238; x_wconf 85' lang='lat' dir='ltr'><strong>sic</strong></span> <span class='ocrx_word' id='word_1_9' title='bbox 1074 195 1268 251; x_wconf 84' lang='lat' dir='ltr'><strong>epistola</strong></span> <span class='ocrx_word' id='word_1_10' title='bbox 1305 197 1567 252; x_wconf 80' lang='lat' dir='ltr'><strong>longissima</strong></span> 
     </span>
     <span class='ocr_line' id='line_1_4' title="bbox 93 249 1569 313; baseline -0.001 -15"><span class='ocrx_word' id='word_1_11' title='bbox 93 271 294 313; x_wconf 83' lang='lat' dir='ltr'><strong>quaeque</strong></span> <span class='ocrx_word' id='word_1_12' title='bbox 332 253 500 309; x_wconf 82' lang='lat' dir='ltr'><strong>optima</strong></span> <span class='ocrx_word' id='word_1_13' title='bbox 536 252 731 293; x_wconf 85' lang='lat' dir='ltr'><strong>videtur.</strong></span> <span class='ocrx_word' id='word_1_14' title='bbox 816 249 951 299; x_wconf 79' lang='lat' dir='ltr'><strong>Quod</strong></span> <span class='ocrx_word' id='word_1_15' title='bbox 988 267 1057 294; x_wconf 72' lang='lat' dir='ltr'><strong>ine</strong></span> <span class='ocrx_word' id='word_1_16' title='bbox 1094 253 1326 295; x_wconf 82' lang='lat' dir='ltr'><strong>admones:</strong></span> <span class='ocrx_word' id='word_1_17' title='bbox 1368 260 1418 295; x_wconf 83' lang='lat' dir='ltr'><strong>tu</strong></span> <span class='ocrx_word' id='word_1_18' title='bbox 1462 269 1569 298; x_wconf 85' lang='lat' dir='ltr'><strong>vero</strong></span> 
     </span>
     <span class='ocr_line' id='line_1_5' title="bbox 93 307 1570 364; baseline -0.003 -9"><span class='ocrx_word' id='word_1_19' title='bbox 93 313 232 355; x_wconf 77' lang='lat' dir='ltr'><strong>ctiam</strong></span> <span class='ocrx_word' id='word_1_20' title='bbox 268 312 307 353; x_wconf 90' lang='lat' dir='ltr'><strong>si</strong></span> <span class='ocrx_word' id='word_1_21' title='bbox 350 307 723 364; x_wconf 79' lang='lat' dir='ltr'><strong>reprehenderes,</strong></span> <span class='ocrx_word' id='word_1_22' title='bbox 763 319 850 346; x_wconf 90' lang='lat' dir='ltr'><strong>non</strong></span> <span class='ocrx_word' id='word_1_23' title='bbox 890 307 1022 348; x_wconf 84' lang='lat' dir='ltr'><strong>modo</strong></span> <span class='ocrx_word' id='word_1_24' title='bbox 1061 308 1199 350; x_wconf 79' lang='lat' dir='ltr'><strong>facile</strong></span> <span class='ocrx_word' id='word_1_25' title='bbox 1237 314 1440 363; x_wconf 82' lang='lat' dir='ltr'><strong>paterer,</strong></span> <span class='ocrx_word' id='word_1_26' title='bbox 1488 311 1570 351; x_wconf 84' lang='lat' dir='ltr'><strong>sed</strong></span> 
     </span>
     <span class='ocr_line' id='line_1_6' title="bbox 95 362 1567 420; baseline -0.001 -10"><span class='ocrx_word' id='word_1_27' title='bbox 95 370 231 410; x_wconf 83' lang='lat' dir='ltr'><strong>etiam</strong></span> <span class='ocrx_word' id='word_1_28' title='bbox 272 368 488 414; x_wconf 78' lang='lat' dir='ltr'><strong>laetarer3</strong></span> <span class='ocrx_word' id='word_1_29' title='bbox 527 363 691 419; x_wconf 87' lang='lat' dir='ltr'><strong>quippe</strong></span> <span class='ocrx_word' id='word_1_30' title='bbox 736 374 870 416; x_wconf 89' lang='lat' dir='ltr'><strong>quum</strong></span> <span class='ocrx_word' id='word_1_31' title='bbox 907 362 954 402; x_wconf 91' lang='lat' dir='ltr'><strong>in</strong></span> <span class='ocrx_word' id='word_1_32' title='bbox 995 364 1338 417; x_wconf 85' lang='lat' dir='ltr'><strong>reprehensione</strong></span> <span class='ocrx_word' id='word_1_33' title='bbox 1365 371 1436 407; x_wconf 86' lang='lat' dir='ltr'><strong>est</strong></span> <span class='ocrx_word' id='word_1_34' title='bbox 1463 379 1567 420; x_wconf 83' lang='lat' dir='ltr'><strong>pru—</strong></span> 
     </span>
     <span class='ocr_line' id='line_1_7' title="bbox 95 416 1570 477; baseline -0.001 -12"><span class='ocrx_word' id='word_1_35' title='bbox 95 425 247 465; x_wconf 82' lang='lat' dir='ltr'><strong>dentia</strong></span> <span class='ocrx_word' id='word_1_36' title='bbox 278 435 378 463; x_wconf 76' lang='lat' dir='ltr'><strong>cuni</strong></span> <span class='ocrx_word' id='word_1_37' title='bbox 405 419 595 471; x_wconf 74' lang='grc' dir='ltr'><strong><em>εὐμενείᾳ.</em></strong></span> <span class='ocrx_word' id='word_1_38' title='bbox 653 419 725 459; x_wconf 86' lang='lat' dir='ltr'><strong>Ita</strong></span> <span class='ocrx_word' id='word_1_39' title='bbox 753 416 944 458; x_wconf 84' lang='lat' dir='ltr'><strong>libenter</strong></span> <span class='ocrx_word' id='word_1_40' title='bbox 971 431 1024 459; x_wconf 84' lang='lat' dir='ltr'><strong>ea</strong></span> <span class='ocrx_word' id='word_1_41' title='bbox 1054 421 1292 474; x_wconf 80' lang='lat' dir='ltr'><strong>corrigam,</strong></span> <span class='ocrx_word' id='word_1_42' title='bbox 1330 435 1444 477; x_wconf 85' lang='lat' dir='ltr'><strong>quae</strong></span> <span class='ocrx_word' id='word_1_43' title='bbox 1468 435 1496 463; x_wconf 82' lang='lat' dir='ltr'><strong>a</strong></span> <span class='ocrx_word' id='word_1_44' title='bbox 1525 426 1570 463; x_wconf 82' lang='lat' dir='ltr'><strong>te</strong></span> 
     </span>
     <span class='ocr_line' id='line_1_8' title="bbox 97 473 1574 535; baseline -0.003 -13"><span class='ocrx_word' id='word_1_45' title='bbox 97 479 406 522; x_wconf 80' lang='lat' dir='ltr'><strong>animadversa</strong></span> <span class='ocrx_word' id='word_1_46' title='bbox 433 480 548 516; x_wconf 89' lang='lat' dir='ltr'><strong>sunt.</strong></span> <span class='ocrx_word' id='word_1_47' title='bbox 605 473 787 517; x_wconf 83' lang='lat' dir='ltr'><strong>Eodem</strong></span> <span class='ocrx_word' id='word_1_48' title='bbox 822 473 945 524; x_wconf 72' lang='lat' dir='ltr'><strong>iure,</strong></span> <span class='ocrx_word' id='word_1_49' title='bbox 991 485 1081 527; x_wconf 83' lang='lat' dir='ltr'><strong>quo</strong></span> <span class='ocrx_word' id='word_1_50' title='bbox 1110 473 1371 535; x_wconf 65' lang='lat' dir='ltr'><strong>Rubi-iana,</strong></span> <span class='ocrx_word' id='word_1_51' title='bbox 1410 477 1574 532; x_wconf 87' lang='lat' dir='ltr'><strong>potius,</strong></span> 
     </span>
     <span class='ocr_line' id='line_1_9' title="bbox 97 529 1574 590; baseline -0.003 -14"><span class='ocrx_word' id='word_1_52' title='bbox 97 550 229 590; x_wconf 78' lang='lat' dir='ltr'><strong>quam</strong></span> <span class='ocrx_word' id='word_1_53' title='bbox 260 545 349 586; x_wconf 81' lang='lat' dir='ltr'><strong>quo</strong></span> <span class='ocrx_word' id='word_1_54' title='bbox 377 529 648 584; x_wconf 76' lang='lat' dir='ltr'><strong>Scipionis.-</strong></span> <span class='ocrx_word' id='word_1_55' title='bbox 685 534 731 571; x_wconf 89' lang='lat' dir='ltr'><strong>et</strong></span> <span class='ocrx_word' id='word_1_56' title='bbox 769 529 826 570; x_wconf 85' lang='lat' dir='ltr'><strong>de</strong></span> <span class='ocrx_word' id='word_1_57' title='bbox 864 529 1072 571; x_wconf 81' lang='lat' dir='ltr'><strong>laudibus</strong></span> <span class='ocrx_word' id='word_1_58' title='bbox 1102 529 1359 574; x_wconf 79' lang='lat' dir='ltr'><strong>Dolabellae</strong></span> <span class='ocrx_word' id='word_1_59' title='bbox 1388 533 1574 574; x_wconf 82' lang='lat' dir='ltr'><strong>deruam</strong></span> 
     </span>
     <span class='ocr_line' id='line_1_10' title="bbox 99 585 1573 640; baseline -0.003 -8"><span class='ocrx_word' id='word_1_60' title='bbox 99 591 335 632; x_wconf 86' lang='lat' dir='ltr'><strong>cumulum.</strong></span> <span class='ocrx_word' id='word_1_61' title='bbox 403 587 610 628; x_wconf 82' lang='lat' dir='ltr'><strong>Attamen</strong></span> <span class='ocrx_word' id='word_1_62' title='bbox 639 591 707 628; x_wconf 89' lang='lat' dir='ltr'><strong>est</strong></span> <span class='ocrx_word' id='word_1_63' title='bbox 741 586 831 626; x_wconf 79' lang='lat' dir='ltr'><strong>isto</strong></span> <span class='ocrx_word' id='word_1_64' title='bbox 860 585 962 627; x_wconf 93' lang='lat' dir='ltr'><strong>loco</strong></span> <span class='ocrx_word' id='word_1_65' title='bbox 992 586 1118 638; x_wconf 83' lang='lat' dir='ltr'><strong>bella,</strong></span> <span class='ocrx_word' id='word_1_66' title='bbox 1157 590 1207 627; x_wconf 84' lang='lat' dir='ltr'><strong>ut</strong></span> <span class='ocrx_word' id='word_1_67' title='bbox 1235 587 1349 628; x_wconf 86' lang='lat' dir='ltr'><strong>mihi</strong></span> <span class='ocrx_word' id='word_1_68' title='bbox 1379 589 1573 640; x_wconf 85' lang='lat' dir='ltr'><strong>videtur,</strong></span> 
     </span>
     <span class='ocr_line' id='line_1_11' title="bbox 100 641 1573 699; baseline -0.001 -13"><span class='ocrx_word' id='word_1_69' title='bbox 100 649 290 696; x_wconf 74' lang='grc' dir='ltr'><em>εἰρωνεία,</em></span> <span class='ocrx_word' id='word_1_70' title='bbox 317 643 437 699; x_wconf 87' lang='lat' dir='ltr'><strong>quod</strong></span> <span class='ocrx_word' id='word_1_71' title='bbox 467 657 567 683; x_wconf 87' lang='lat' dir='ltr'><strong>eum</strong></span> <span class='ocrx_word' id='word_1_72' title='bbox 601 647 694 684; x_wconf 85' lang='lat' dir='ltr'><strong>»ter</strong></span> <span class='ocrx_word' id='word_1_73' title='bbox 723 645 880 683; x_wconf 85' lang='lat' dir='ltr'><strong>contra</strong></span> <span class='ocrx_word' id='word_1_74' title='bbox 902 641 1025 684; x_wconf 87' lang='lat' dir='ltr'><strong>cives</strong></span> <span class='ocrx_word' id='word_1_75' title='bbox 1046 641 1093 682; x_wconf 92' lang='lat' dir='ltr'><strong>in</strong></span> <span class='ocrx_word' id='word_1_76' title='bbox 1116 641 1250 682; x_wconf 61' lang='lat' dir='ltr'><strong>acie«</strong></span> <span class='ocrx_word' id='word_1_77' title='bbox 1299 643 1416 684; x_wconf 74' lang='lat' dir='ltr'><strong>Illud</strong></span> <span class='ocrx_word' id='word_1_78' title='bbox 1440 645 1573 685; x_wconf 83' lang='lat' dir='ltr'><strong>etiam</strong></span> 
     </span>
     <span class='ocr_line' id='line_1_12' title="bbox 99 696 1574 754; baseline 0.001 -13"><span class='ocrx_word' id='word_1_79' title='bbox 99 703 226 752; x_wconf 84' lang='lat' dir='ltr'><strong>malo,</strong></span> <span class='ocrx_word' id='word_1_80' title='bbox 262 699 637 752; x_wconf 62' lang='lat' dir='ltr'><strong>indignissimum</strong></span> <span class='ocrx_word' id='word_1_81' title='bbox 673 700 747 740; x_wconf 82' lang='lat' dir='ltr'><strong>est</strong></span> <span class='ocrx_word' id='word_1_82' title='bbox 788 696 913 739; x_wconf 78' lang='lat' dir='ltr'><strong>hunc</strong></span> <span class='ocrx_word' id='word_1_83' title='bbox 949 697 1125 754; x_wconf 77' lang='lat' dir='ltr'><strong>vivere,</strong></span> <span class='ocrx_word' id='word_1_84' title='bbox 1165 710 1320 752; x_wconf 73' lang='lat' dir='ltr'><strong>quamx</strong></span> <span class='ocrx_word' id='word_1_85' title='bbox 1354 699 1469 752; x_wconf 79' lang='lat' dir='ltr'><strong>quid</strong></span> <span class='ocrx_word' id='word_1_86' title='bbox 1494 701 1574 742; x_wconf 81' lang='lat' dir='ltr'><strong>in·-</strong></span> 
     </span>
     <span class='ocr_line' id='line_1_13' title="bbox 100 753 1575 810; baseline 0 -13"><span class='ocrx_word' id='word_1_87' title='bbox 100 753 328 810; x_wconf 68' lang='lat' dir='ltr'><strong>diynins?</strong></span> <span class='ocrx_word' id='word_1_88' title='bbox 393 757 707 807; x_wconf 74' lang='grc' dir='ltr'><em>Πεπλογραφίαν</em></span> <span class='ocrx_word' id='word_1_89' title='bbox 745 753 969 795; x_wconf 82' lang='lat' dir='ltr'><strong>Varronis</strong></span> <span class='ocrx_word' id='word_1_90' title='bbox 1008 753 1092 795; x_wconf 87' lang='lat' dir='ltr'><strong>tibi</strong></span> <span class='ocrx_word' id='word_1_91' title='bbox 1129 754 1311 808; x_wconf 79' lang='lat' dir='ltr'><strong>probari</strong></span> <span class='ocrx_word' id='word_1_92' title='bbox 1355 768 1443 796; x_wconf 89' lang='lat' dir='ltr'><strong>non</strong></span> <span class='ocrx_word' id='word_1_93' title='bbox 1483 769 1575 797; x_wconf 91' lang='lat' dir='ltr'><strong>mo—</strong></span> 
     </span>
    </p>
   </div>
   <div class='ocr_carea' id='block_1_4' title="bbox 101 914 1588 2786">
    <p class='ocr_par' dir='ltr' id='par_1_4' title="bbox 101 914 1588 2586">
     <span class='ocr_line' id='line_1_14' title="bbox 102 914 1577 964; baseline 0.001 -11"><span class='ocrx_word' id='word_1_94' title='bbox 102 920 252 953; x_wconf 75' lang='lat' dir='ltr'><strong>deare.“</strong></span> <span class='ocrx_word' id='word_1_95' title='bbox 302 919 425 952; x_wconf 62' lang='lat' dir='ltr'><strong>For-L:</strong></span> <span class='ocrx_word' id='word_1_96' title='bbox 461 928 505 950; x_wconf 82' lang='lat' dir='ltr'><strong>ne</strong></span> <span class='ocrx_word' id='word_1_97' title='bbox 542 914 818 959; x_wconf 74' lang='grc' dir='ltr'><em>ἀδόλεσχος·</em></span> <span class='ocrx_word' id='word_1_98' title='bbox 853 917 953 956; x_wconf 90' lang='lat' dir='ltr'><strong>(scil.</strong></span> <span class='ocrx_word' id='word_1_99' title='bbox 988 918 1085 952; x_wconf 81' lang='lat' dir='ltr'><strong>mihi</strong></span> <span class='ocrx_word' id='word_1_100' title='bbox 1120 919 1287 962; x_wconf 82' lang='lat' dir='ltr'><strong>videare)</strong></span> <span class='ocrx_word' id='word_1_101' title='bbox 1320 917 1577 964; x_wconf 72' lang='grc' dir='ltr'><em>ἀδόλεσχος</em></span> 
     </span>
     <span class='ocr_line' id='line_1_15' title="bbox 101 962 1577 1009; baseline 0.001 -9"><span class='ocrx_word' id='word_1_102' title='bbox 101 967 191 1001; x_wconf 76' lang='lat' dir='ltr'><strong>milei</strong></span> <span class='ocrx_word' id='word_1_103' title='bbox 218 967 283 1000; x_wconf 78' lang='lat' dir='ltr'><strong>tu?</strong></span> <span class='ocrx_word' id='word_1_104' title='bbox 312 967 397 1001; x_wconf 76' lang='lat' dir='ltr'><strong>Quis</strong></span> <span class='ocrx_word' id='word_1_105' title='bbox 422 971 492 998; x_wconf 76' lang='lat' dir='ltr'><strong>cet.</strong></span> <span class='ocrx_word' id='word_1_106' title='bbox 521 966 594 998; x_wconf 75' lang='grc' dir='ltr'><strong>ΟΠ.</strong></span> <span class='ocrx_word' id='word_1_107' title='bbox 621 982 664 987; x_wconf 87' lang='grc'>-</span> <span class='ocrx_word' id='word_1_108' title='bbox 701 965 789 999; x_wconf 73' lang='lat' dir='ltr'><strong>Quis</strong></span> <span class='ocrx_word' id='word_1_109' title='bbox 813 965 926 998; x_wconf 79' lang='lat' dir='ltr'><strong>minus</strong></span> <span class='ocrx_word' id='word_1_110' title='bbox 949 962 1143 1009; x_wconf 77' lang='grc' dir='ltr'><em>ἀδόλεσχος</em></span> <span class='ocrx_word' id='word_1_111' title='bbox 1168 968 1267 1001; x_wconf 84' lang='lat' dir='ltr'><strong>mihi</strong></span> <span class='ocrx_word' id='word_1_112' title='bbox 1293 968 1494 1003; x_wconf 70' lang='lat' dir='ltr'><strong>videatur?</strong></span> <span class='ocrx_word' id='word_1_113' title='bbox 1519 970 1577 1002; x_wconf 74' lang='lat' dir='ltr'><strong>cui</strong></span> 
     </span>
     <span class='ocr_line' id='line_1_16' title="bbox 103 1011 1577 1059; baseline 0.002 -13"><span class='ocrx_word' id='word_1_114' title='bbox 103 1029 152 1046; x_wconf 64' lang='lat' dir='ltr'><em>z</em></span> <span class='ocrx_word' id='word_1_115' title='bbox 177 1015 317 1059; x_wconf 81' lang='lat' dir='ltr'><strong>quippe</strong></span> <span class='ocrx_word' id='word_1_116' title='bbox 343 1013 405 1046; x_wconf 90' lang='lat' dir='ltr'><strong>cui</strong></span> <span class='ocrx_word' id='word_1_117' title='bbox 430 1012 494 1046; x_wconf 84' lang='lat' dir='ltr'><strong>vel</strong></span> <span class='ocrx_word' id='word_1_118' title='bbox 519 1023 636 1055; x_wconf 90' lang='lat' dir='ltr'><strong>quum</strong></span> <span class='ocrx_word' id='word_1_119' title='bbox 661 1011 761 1045; x_wconf 81' lang='lat' dir='ltr'><strong>mihi</strong></span> <span class='ocrx_word' id='word_1_120' title='bbox 787 1038 795 1046; x_wconf 90' lang='lat'><strong>.</strong></span> <span class='ocrx_word' id='word_1_121' title='bbox 813 1038 822 1046; x_wconf 90' lang='lat'><strong>.</strong></span> <span class='ocrx_word' id='word_1_122' title='bbox 843 1013 1007 1056; x_wconf 86' lang='lat' dir='ltr'><strong>videtur,</strong></span> <span class='ocrx_word' id='word_1_123' title='bbox 1035 1015 1164 1057; x_wconf 79' lang='lat' dir='ltr'><strong>„Wer</strong></span> <span class='ocrx_word' id='word_1_124' title='bbox 1187 1015 1331 1050; x_wconf 82' lang='lat' dir='ltr'><strong>kb&#39;nnte</strong></span> <span class='ocrx_word' id='word_1_125' title='bbox 1356 1017 1434 1051; x_wconf 87' lang='lat' dir='ltr'><strong>mir</strong></span> <span class='ocrx_word' id='word_1_126' title='bbox 1458 1017 1577 1051; x_wconf 88' lang='lat' dir='ltr'><strong>weni-</strong></span> 
     </span>
     <span class='ocr_line' id='line_1_17' title="bbox 104 1060 1578 1110; baseline 0.002 -14"><span class='ocrx_word' id='word_1_127' title='bbox 104 1074 178 1110; x_wconf 84' lang='lat' dir='ltr'><strong>ger</strong></span> <span class='ocrx_word' id='word_1_128' title='bbox 202 1063 258 1095; x_wconf 87' lang='lat' dir='ltr'><strong>als</strong></span> <span class='ocrx_word' id='word_1_129' title='bbox 285 1063 344 1096; x_wconf 88' lang='lat' dir='ltr'><strong>Du</strong></span> <span class='ocrx_word' id='word_1_130' title='bbox 370 1060 431 1094; x_wconf 86' lang='lat' dir='ltr'><strong>ein</strong></span> <span class='ocrx_word' id='word_1_131' title='bbox 456 1060 649 1094; x_wconf 85' lang='lat' dir='ltr'><strong>Babillard</strong></span> <span class='ocrx_word' id='word_1_132' title='bbox 674 1060 881 1094; x_wconf 77' lang='lat' dir='ltr'><strong>scheinen?</strong></span> <span class='ocrx_word' id='word_1_133' title='bbox 905 1061 963 1104; x_wconf 83' lang='lat' dir='ltr'><strong>da,</strong></span> <span class='ocrx_word' id='word_1_134' title='bbox 990 1063 1107 1109; x_wconf 76' lang='lat' dir='ltr'><strong>gracie</strong></span> <span class='ocrx_word' id='word_1_135' title='bbox 1132 1064 1209 1098; x_wconf 85' lang='lat' dir='ltr'><strong>wie</strong></span> <span class='ocrx_word' id='word_1_136' title='bbox 1234 1064 1319 1098; x_wconf 83' lang='lat' dir='ltr'><strong>dem</strong></span> <span class='ocrx_word' id='word_1_137' title='bbox 1346 1064 1578 1099; x_wconf 85' lang='lat' dir='ltr'><strong>Grammati-</strong></span> 
     </span>
     <span class='ocr_line' id='line_1_18' title="bbox 103 1107 1579 1155; baseline 0.002 -12"><span class='ocrx_word' id='word_1_138' title='bbox 103 1112 175 1145; x_wconf 88' lang='lat' dir='ltr'><strong>ker</strong></span> <span class='ocrx_word' id='word_1_139' title='bbox 211 1108 481 1153; x_wconf 81' lang='lat' dir='ltr'><strong>Aristophanes</strong></span> <span class='ocrx_word' id='word_1_140' title='bbox 513 1108 574 1141; x_wconf 88' lang='lat' dir='ltr'><strong>die</strong></span> <span class='ocrx_word' id='word_1_141' title='bbox 609 1108 755 1155; x_wconf 74' lang='lat' dir='ltr'><strong>l&#39;angste</strong></span> <span class='ocrx_word' id='word_1_142' title='bbox 791 1107 915 1155; x_wconf 65' lang='lat' dir='ltr'><strong>Satire</strong></span> <span class='ocrx_word' id='word_1_143' title='bbox 948 1110 1011 1143; x_wconf 88' lang='lat' dir='ltr'><strong>des</strong></span> <span class='ocrx_word' id='word_1_144' title='bbox 1037 1110 1309 1155; x_wconf 80' lang='lat' dir='ltr'><strong>Archilochus,</strong></span> <span class='ocrx_word' id='word_1_145' title='bbox 1342 1124 1382 1147; x_wconf 92' lang='lat' dir='ltr'><strong>so</strong></span> <span class='ocrx_word' id='word_1_146' title='bbox 1409 1113 1486 1146; x_wconf 86' lang='lat' dir='ltr'><strong>mir</strong></span> <span class='ocrx_word' id='word_1_147' title='bbox 1517 1113 1579 1146; x_wconf 85' lang='lat' dir='ltr'><strong>die</strong></span> 
     </span>
     <span class='ocr_line' id='line_1_19' title="bbox 105 1155 1578 1206; baseline 0.001 -15"><span class='ocrx_word' id='word_1_148' title='bbox 105 1159 255 1206; x_wconf 77' lang='lat' dir='ltr'><strong>l‘zingste</strong></span> <span class='ocrx_word' id='word_1_149' title='bbox 280 1156 429 1202; x_wconf 82' lang='lat' dir='ltr'><strong>Epistel</strong></span> <span class='ocrx_word' id='word_1_150' title='bbox 454 1156 514 1189; x_wconf 84' lang='lat' dir='ltr'><strong>die</strong></span> <span class='ocrx_word' id='word_1_151' title='bbox 540 1155 674 1189; x_wconf 86' lang='lat' dir='ltr'><strong>liebste</strong></span> <span class='ocrx_word' id='word_1_152' title='bbox 699 1156 789 1189; x_wconf 78' lang='lat' dir='ltr'><strong>ist-‘⁶</strong></span> <span class='ocrx_word' id='word_1_153' title='bbox 838 1157 941 1191; x_wconf 87' lang='lat' dir='ltr'><strong>Uber</strong></span> <span class='ocrx_word' id='word_1_154' title='bbox 973 1157 1078 1206; x_wconf 81' lang='lat' dir='ltr'><strong>long.</strong></span> <span class='ocrx_word' id='word_1_155' title='bbox 1107 1171 1238 1204; x_wconf 82' lang='lat' dir='ltr'><strong>quaeq.</strong></span> <span class='ocrx_word' id='word_1_156' title='bbox 1263 1166 1341 1205; x_wconf 87' lang='lat' dir='ltr'><strong>opt.</strong></span> <span class='ocrx_word' id='word_1_157' title='bbox 1373 1173 1401 1194; x_wconf 91' lang='lat' dir='ltr'><strong>s.</strong></span> <span class='ocrx_word' id='word_1_158' title='bbox 1429 1160 1578 1195; x_wconf 86' lang='lat' dir='ltr'><strong>Grotef.</strong></span> 
     </span>
     <span class='ocr_line' id='line_1_20' title="bbox 106 1202 1581 1250; baseline 0.003 -13"><span class='ocrx_word' id='word_1_159' title='bbox 106 1207 136 1248; x_wconf 63' lang='grc' dir='ltr'><strong>ξ.</strong></span> <span class='ocrx_word' id='word_1_160' title='bbox 162 1206 232 1241; x_wconf 86' lang='grc'><strong>279</strong></span> <span class='ocrx_word' id='word_1_161' title='bbox 260 1205 336 1238; x_wconf 86' lang='lat' dir='ltr'><strong>und</strong></span> <span class='ocrx_word' id='word_1_162' title='bbox 360 1205 439 1239; x_wconf 56' lang='lat'><strong>3811.</strong></span> <span class='ocrx_word' id='word_1_163' title='bbox 466 1202 617 1237; x_wconf 87' lang='lat' dir='ltr'><strong>Ramsh.</strong></span> <span class='ocrx_word' id='word_1_164' title='bbox 643 1203 671 1245; x_wconf 65' lang='grc' dir='ltr'><strong>ἕ.</strong></span> <span class='ocrx_word' id='word_1_165' title='bbox 699 1205 780 1243; x_wconf 84' lang='grc'><strong>156,</strong></span> <span class='ocrx_word' id='word_1_166' title='bbox 808 1203 840 1237; x_wconf 83' lang='grc'><strong>1).</strong></span> <span class='ocrx_word' id='word_1_167' title='bbox 869 1221 912 1227; x_wconf 85' lang='grc'>-</span> <span class='ocrx_word' id='word_1_168' title='bbox 941 1206 1044 1240; x_wconf 79' lang='lat' dir='ltr'><strong>Quod</strong></span> <span class='ocrx_word' id='word_1_169' title='bbox 1066 1217 1122 1240; x_wconf 83' lang='lat' dir='ltr'><strong>me</strong></span> <span class='ocrx_word' id='word_1_170' title='bbox 1148 1208 1329 1250; x_wconf 78' lang='lat' dir='ltr'><strong>admones,</strong></span> <span class='ocrx_word' id='word_1_171' title='bbox 1355 1220 1433 1243; x_wconf 86' lang='lat' dir='ltr'><strong>was</strong></span> <span class='ocrx_word' id='word_1_172' title='bbox 1459 1209 1581 1243; x_wconf 85' lang='lat' dir='ltr'><strong>Deine</strong></span> 
     </span>
     <span class='ocr_line' id='line_1_21' title="bbox 106 1251 1579 1304; baseline 0.001 -18"><span class='ocrx_word' id='word_1_173' title='bbox 106 1253 437 1299; x_wconf 82' lang='lat' dir='ltr'><strong>Verbesserungen</strong></span> <span class='ocrx_word' id='word_1_174' title='bbox 472 1251 619 1284; x_wconf 85' lang='lat' dir='ltr'><strong>meiner</strong></span> <span class='ocrx_word' id='word_1_175' title='bbox 653 1251 871 1297; x_wconf 85' lang='lat' dir='ltr'><strong>Philippica</strong></span> <span class='ocrx_word' id='word_1_176' title='bbox 901 1253 1081 1296; x_wconf 83' lang='lat' dir='ltr'><strong>secunda,</strong></span> <span class='ocrx_word' id='word_1_177' title='bbox 1122 1255 1242 1290; x_wconf 83' lang='lat' dir='ltr'><strong>Deine</strong></span> <span class='ocrx_word' id='word_1_178' title='bbox 1280 1256 1579 1304; x_wconf 81' lang='lat' dir='ltr'><strong>Erinnerungen</strong></span> 
     </span>
     <span class='ocr_line' id='line_1_22' title="bbox 107 1298 1581 1348; baseline 0.001 -13"><span class='ocrx_word' id='word_1_179' title='bbox 107 1302 280 1343; x_wconf 81' lang='lat' dir='ltr'><strong>dariiber‚</strong></span> <span class='ocrx_word' id='word_1_180' title='bbox 305 1298 466 1342; x_wconf 84' lang='lat' dir='ltr'><strong>betrifft,</strong></span> <span class='ocrx_word' id='word_1_181' title='bbox 492 1298 590 1332; x_wconf 83' lang='lat' dir='ltr'><strong>scito</strong></span> <span class='ocrx_word' id='word_1_182' title='bbox 616 1310 652 1332; x_wconf 93' lang='lat' dir='ltr'><strong>u.</strong></span> <span class='ocrx_word' id='word_1_183' title='bbox 679 1312 706 1333; x_wconf 88' lang='lat' dir='ltr'><strong>s.</strong></span> <span class='ocrx_word' id='word_1_184' title='bbox 734 1311 783 1333; x_wconf 86' lang='lat' dir='ltr'><strong>w.</strong></span> <span class='ocrx_word' id='word_1_185' title='bbox 812 1316 854 1322; x_wconf 87' lang='lat'>—</span> <span class='ocrx_word' id='word_1_186' title='bbox 889 1300 1168 1344; x_wconf 73' lang='lat' dir='ltr'><strong>reprehensione</strong></span> <span class='ocrx_word' id='word_1_187' title='bbox 1191 1309 1266 1338; x_wconf 85' lang='lat' dir='ltr'><strong>tua.</strong></span> <span class='ocrx_word' id='word_1_188' title='bbox 1290 1322 1338 1329; x_wconf 88' lang='lat'><strong>·—</strong></span> <span class='ocrx_word' id='word_1_189' title='bbox 1368 1304 1474 1348; x_wconf 83' lang='lat' dir='ltr'><strong>prud.</strong></span> <span class='ocrx_word' id='word_1_190' title='bbox 1501 1315 1581 1338; x_wconf 84' lang='lat' dir='ltr'><strong>cum</strong></span> 
     </span>
     <span class='ocr_line' id='line_1_23' title="bbox 108 1345 1581 1396; baseline 0.003 -14"><span class='ocrx_word' id='word_1_191' title='bbox 108 1346 217 1393; x_wconf 81' lang='grc' dir='ltr'><strong><em>εὔμε</em></strong></span> <span class='ocrx_word' id='word_1_192' title='bbox 232 1350 347 1393; x_wconf 70' lang='grc' dir='ltr'><em>νείᾳ,</em></span> <span class='ocrx_word' id='word_1_193' title='bbox 373 1346 552 1380; x_wconf 81' lang='lat' dir='ltr'><strong>Einsicht</strong></span> <span class='ocrx_word' id='word_1_194' title='bbox 576 1345 654 1379; x_wconf 85' lang='lat' dir='ltr'><strong>und</strong></span> <span class='ocrx_word' id='word_1_195' title='bbox 679 1346 950 1382; x_wconf 84' lang='lat' dir='ltr'><strong>Wohlwollen</strong></span> <span class='ocrx_word' id='word_1_196' title='bbox 975 1357 1131 1396; x_wconf 82' lang='lat' dir='ltr'><strong>gepaart</strong></span> <span class='ocrx_word' id='word_1_197' title='bbox 1156 1351 1218 1384; x_wconf 88' lang='lat' dir='ltr'><strong>ist.</strong></span> <span class='ocrx_word' id='word_1_198' title='bbox 1246 1372 1288 1378; x_wconf 90' lang='lat'><strong>-—</strong></span> <span class='ocrx_word' id='word_1_199' title='bbox 1326 1352 1461 1385; x_wconf 81' lang='lat' dir='ltr'><strong>Eodem</strong></span> <span class='ocrx_word' id='word_1_200' title='bbox 1486 1352 1581 1394; x_wconf 80' lang='lat' dir='ltr'><strong>iure,</strong></span> 
     </span>
     <span class='ocr_line' id='line_1_24' title="bbox 107 1394 1582 1442; baseline 0.003 -12"><span class='ocrx_word' id='word_1_201' title='bbox 107 1408 177 1442; x_wconf 82' lang='lat' dir='ltr'><strong>quo</strong></span> <span class='ocrx_word' id='word_1_202' title='bbox 203 1397 391 1430; x_wconf 79' lang='lat' dir='ltr'><strong>Rubricma</strong></span> <span class='ocrx_word' id='word_1_203' title='bbox 416 1394 553 1440; x_wconf 83' lang='lat' dir='ltr'><strong>potius,</strong></span> <span class='ocrx_word' id='word_1_204' title='bbox 591 1406 703 1439; x_wconf 82' lang='lat' dir='ltr'><strong>quam</strong></span> <span class='ocrx_word' id='word_1_205' title='bbox 729 1406 796 1439; x_wconf 82' lang='lat' dir='ltr'><strong>quo</strong></span> <span class='ocrx_word' id='word_1_206' title='bbox 821 1395 1018 1440; x_wconf 78' lang='lat' dir='ltr'><strong>Scipionis,</strong></span> <span class='ocrx_word' id='word_1_207' title='bbox 1052 1397 1118 1431; x_wconf 87' lang='lat' dir='ltr'><strong>ich</strong></span> <span class='ocrx_word' id='word_1_208' title='bbox 1144 1399 1231 1432; x_wconf 82' lang='lat' dir='ltr'><strong>will</strong></span> <span class='ocrx_word' id='word_1_209' title='bbox 1267 1399 1346 1434; x_wconf 88' lang='lat' dir='ltr'><strong>also</strong></span> <span class='ocrx_word' id='word_1_210' title='bbox 1374 1400 1495 1434; x_wconf 87' lang='lat' dir='ltr'><strong>lieber</strong></span> <span class='ocrx_word' id='word_1_211' title='bbox 1520 1411 1582 1434; x_wconf 89' lang='lat' dir='ltr'><strong>eo-</strong></span> 
     </span>
     <span class='ocr_line' id='line_1_25' title="bbox 106 1443 1582 1488; baseline 0.002 -10"><span class='ocrx_word' id='word_1_212' title='bbox 106 1446 186 1479; x_wconf 87' lang='lat' dir='ltr'><strong>dem</strong></span> <span class='ocrx_word' id='word_1_213' title='bbox 210 1445 304 1486; x_wconf 82' lang='lat' dir='ltr'><strong>inre,</strong></span> <span class='ocrx_word' id='word_1_214' title='bbox 332 1454 401 1488; x_wconf 83' lang='lat' dir='ltr'><strong>quo</strong></span> <span class='ocrx_word' id='word_1_215' title='bbox 427 1443 628 1483; x_wconf 70' lang='lat' dir='ltr'><strong>Rubriana,</strong></span> <span class='ocrx_word' id='word_1_216' title='bbox 659 1443 714 1477; x_wconf 85' lang='lat' dir='ltr'><strong>als</strong></span> <span class='ocrx_word' id='word_1_217' title='bbox 741 1455 808 1487; x_wconf 83' lang='lat' dir='ltr'><strong>quo</strong></span> <span class='ocrx_word' id='word_1_218' title='bbox 832 1443 1018 1487; x_wconf 77' lang='lat' dir='ltr'><strong>Scipionis</strong></span> <span class='ocrx_word' id='word_1_219' title='bbox 1043 1453 1182 1481; x_wconf 81' lang='lat' dir='ltr'><strong>setzen.</strong></span> <span class='ocrx_word' id='word_1_220' title='bbox 1233 1447 1285 1481; x_wconf 85' lang='lat' dir='ltr'><strong>Es</strong></span> <span class='ocrx_word' id='word_1_221' title='bbox 1318 1447 1472 1482; x_wconf 88' lang='lat' dir='ltr'><strong>bezieht</strong></span> <span class='ocrx_word' id='word_1_222' title='bbox 1497 1447 1582 1482; x_wconf 86' lang='lat' dir='ltr'><strong>sich</strong></span> 
     </span>
     <span class='ocr_line' id='line_1_26' title="bbox 107 1489 1581 1542; baseline 0.003 -16"><span class='ocrx_word' id='word_1_223' title='bbox 107 1493 205 1526; x_wconf 83' lang='lat' dir='ltr'><strong>diess</strong></span> <span class='ocrx_word' id='word_1_224' title='bbox 229 1494 296 1526; x_wconf 83' lang='lat' dir='ltr'><strong>auf</strong></span> <span class='ocrx_word' id='word_1_225' title='bbox 318 1490 494 1538; x_wconf 78' lang='lat' dir='ltr'><strong>folgende</strong></span> <span class='ocrx_word' id='word_1_226' title='bbox 519 1489 642 1524; x_wconf 88' lang='lat' dir='ltr'><strong>Stelle</strong></span> <span class='ocrx_word' id='word_1_227' title='bbox 668 1490 721 1524; x_wconf 85' lang='lat' dir='ltr'><strong>im</strong></span> <span class='ocrx_word' id='word_1_228' title='bbox 746 1493 802 1526; x_wconf 81' lang='lat'><strong>40.</strong></span> <span class='ocrx_word' id='word_1_229' title='bbox 823 1493 914 1538; x_wconf 83' lang='lat' dir='ltr'><strong>Cap.</strong></span> <span class='ocrx_word' id='word_1_230' title='bbox 941 1493 1011 1527; x_wconf 88' lang='lat' dir='ltr'><strong>der</strong></span> <span class='ocrx_word' id='word_1_231' title='bbox 1035 1494 1202 1529; x_wconf 85' lang='lat' dir='ltr'><strong>zweiten</strong></span> <span class='ocrx_word' id='word_1_232' title='bbox 1224 1495 1461 1542; x_wconf 74' lang='lat' dir='ltr'><strong>Philippica:</strong></span> <span class='ocrx_word' id='word_1_233' title='bbox 1488 1497 1581 1539; x_wconf 85' lang='lat' dir='ltr'><strong>„ad-</strong></span> 
     </span>
     <span class='ocr_line' id='line_1_27' title="bbox 110 1538 1582 1588; baseline 0.003 -15"><span class='ocrx_word' id='word_1_234' title='bbox 110 1541 209 1575; x_wconf 72' lang='lat' dir='ltr'><strong>colas</strong></span> <span class='ocrx_word' id='word_1_235' title='bbox 233 1538 420 1582; x_wconf 70' lang='lat' dir='ltr'><strong>(n&#39;amlich</strong></span> <span class='ocrx_word' id='word_1_236' title='bbox 445 1539 602 1580; x_wconf 80' lang='lat' dir='ltr'><strong>Antoni)</strong></span> <span class='ocrx_word' id='word_1_237' title='bbox 627 1539 665 1572; x_wconf 77' lang='lat' dir='ltr'><strong>iu</strong></span> <span class='ocrx_word' id='word_1_238' title='bbox 691 1540 748 1573; x_wconf 83' lang='lat' dir='ltr'><strong>M.</strong></span> <span class='ocrx_word' id='word_1_239' title='bbox 777 1539 972 1583; x_wconf 70' lang='lat' dir='ltr'><strong>Varronis,</strong></span> <span class='ocrx_word' id='word_1_240' title='bbox 997 1542 1221 1577; x_wconf 78' lang='lat' dir='ltr'><strong>sanctissimi</strong></span> <span class='ocrx_word' id='word_1_241' title='bbox 1245 1547 1354 1588; x_wconf 77' lang='lat' dir='ltr'><strong>atque</strong></span> <span class='ocrx_word' id='word_1_242' title='bbox 1377 1545 1582 1586; x_wconf 76' lang='lat' dir='ltr'><strong>integerri-</strong></span> 
     </span>
     <span class='ocr_line' id='line_1_28' title="bbox 107 1586 1582 1637; baseline 0.003 -16"><span class='ocrx_word' id='word_1_243' title='bbox 107 1589 158 1621; x_wconf 81' lang='lat' dir='ltr'><strong>mi</strong></span> <span class='ocrx_word' id='word_1_244' title='bbox 181 1588 256 1621; x_wconf 66' lang='lat' dir='ltr'><strong>viri</strong></span> <span class='ocrx_word' id='word_1_245' title='bbox 271 1587 433 1629; x_wconf 80' lang='lat' dir='ltr'><strong>fundum</strong></span> <span class='ocrx_word' id='word_1_246' title='bbox 460 1586 698 1619; x_wconf 70' lang='lat' dir='ltr'><strong>Cassinatem.</strong></span> <span class='ocrx_word' id='word_1_247' title='bbox 752 1588 826 1622; x_wconf 81' lang='lat' dir='ltr'><strong>Quo</strong></span> <span class='ocrx_word' id='word_1_248' title='bbox 858 1589 968 1622; x_wconf 78' lang='lat' dir='ltr'><strong>inre?</strong></span> <span class='ocrx_word' id='word_1_249' title='bbox 1002 1601 1070 1634; x_wconf 77' lang='lat' dir='ltr'><strong>quo</strong></span> <span class='ocrx_word' id='word_1_250' title='bbox 1103 1592 1193 1626; x_wconf 77' lang='lat' dir='ltr'><strong>ore?</strong></span> <span class='ocrx_word' id='word_1_251' title='bbox 1242 1592 1398 1634; x_wconf 84' lang='lat' dir='ltr'><strong>Eodem,</strong></span> <span class='ocrx_word' id='word_1_252' title='bbox 1430 1592 1582 1637; x_wconf 72' lang='lat' dir='ltr'><strong>inquies,</strong></span> 
     </span>
     <span class='ocr_line' id='line_1_29' title="bbox 110 1633 1585 1686; baseline 0.004 -17"><span class='ocrx_word' id='word_1_253' title='bbox 110 1647 177 1681; x_wconf 77' lang='lat' dir='ltr'><strong>quo</strong></span> <span class='ocrx_word' id='word_1_254' title='bbox 210 1637 249 1668; x_wconf 83' lang='lat' dir='ltr'><strong>in</strong></span> <span class='ocrx_word' id='word_1_255' title='bbox 280 1634 444 1667; x_wconf 80' lang='lat' dir='ltr'><strong>heredum</strong></span> <span class='ocrx_word' id='word_1_256' title='bbox 476 1633 520 1667; x_wconf 85' lang='lat' dir='ltr'><strong>L.</strong></span> <span class='ocrx_word' id='word_1_257' title='bbox 555 1634 705 1675; x_wconf 71' lang='lat' dir='ltr'><strong>Rubrii,</strong></span> <span class='ocrx_word' id='word_1_258' title='bbox 747 1646 813 1678; x_wconf 79' lang='lat' dir='ltr'><strong>quo</strong></span> <span class='ocrx_word' id='word_1_259' title='bbox 848 1637 887 1669; x_wconf 75' lang='lat' dir='ltr'><strong>in</strong></span> <span class='ocrx_word' id='word_1_260' title='bbox 919 1635 1084 1671; x_wconf 77' lang='lat' dir='ltr'><strong>heredum</strong></span> <span class='ocrx_word' id='word_1_261' title='bbox 1114 1638 1155 1672; x_wconf 90' lang='lat' dir='ltr'><strong>L.</strong></span> <span class='ocrx_word' id='word_1_262' title='bbox 1191 1640 1352 1674; x_wconf 76' lang='lat' dir='ltr'><strong>Turselz&#39;i</strong></span> <span class='ocrx_word' id='word_1_263' title='bbox 1384 1641 1585 1686; x_wconf 75' lang='lat' dir='ltr'><strong>praedia.“</strong></span> 
     </span>
     <span class='ocr_line' id='line_1_30' title="bbox 112 1682 1584 1729; baseline 0.003 -12"><span class='ocrx_word' id='word_1_264' title='bbox 112 1684 189 1717; x_wconf 82' lang='lat' dir='ltr'><strong>Auf</strong></span> <span class='ocrx_word' id='word_1_265' title='bbox 211 1683 272 1716; x_wconf 84' lang='lat' dir='ltr'><strong>die</strong></span> <span class='ocrx_word' id='word_1_266' title='bbox 298 1682 548 1729; x_wconf 79' lang='lat' dir='ltr'><strong>Erinnerung</strong></span> <span class='ocrx_word' id='word_1_267' title='bbox 573 1682 635 1715; x_wconf 83' lang='lat' dir='ltr'><strong>des</strong></span> <span class='ocrx_word' id='word_1_268' title='bbox 661 1682 813 1716; x_wconf 83' lang='lat' dir='ltr'><strong>Attikus</strong></span> <span class='ocrx_word' id='word_1_269' title='bbox 841 1683 908 1718; x_wconf 82' lang='lat' dir='ltr'><strong>hat</strong></span> <span class='ocrx_word' id='word_1_270' title='bbox 931 1685 1010 1719; x_wconf 85' lang='lat' dir='ltr'><strong>also</strong></span> <span class='ocrx_word' id='word_1_271' title='bbox 1035 1698 1152 1720; x_wconf 79' lang='lat' dir='ltr'><strong>unser</strong></span> <span class='ocrx_word' id='word_1_272' title='bbox 1177 1687 1328 1722; x_wconf 79' lang='lat' dir='ltr'><strong>Redner</strong></span> <span class='ocrx_word' id='word_1_273' title='bbox 1351 1688 1388 1722; x_wconf 80' lang='lat' dir='ltr'><strong>iu</strong></span> <span class='ocrx_word' id='word_1_274' title='bbox 1414 1687 1584 1722; x_wconf 72' lang='lat' dir='ltr'><strong>heredum</strong></span> 
     </span>
     <span class='ocr_line' id='line_1_31' title="bbox 110 1729 1583 1774; baseline 0.004 -10"><span class='ocrx_word' id='word_1_275' title='bbox 110 1733 151 1765; x_wconf 88' lang='lat' dir='ltr'><strong>L.</strong></span> <span class='ocrx_word' id='word_1_276' title='bbox 173 1731 307 1764; x_wconf 73' lang='lat' dir='ltr'><strong>Rubrii</strong></span> <span class='ocrx_word' id='word_1_277' title='bbox 333 1735 423 1764; x_wconf 81' lang='lat' dir='ltr'><strong>statt</strong></span> <span class='ocrx_word' id='word_1_278' title='bbox 446 1730 483 1763; x_wconf 78' lang='lat' dir='ltr'><strong>in</strong></span> <span class='ocrx_word' id='word_1_279' title='bbox 511 1729 678 1763; x_wconf 74' lang='lat' dir='ltr'><strong>heredum</strong></span> <span class='ocrx_word' id='word_1_280' title='bbox 706 1731 890 1774; x_wconf 75' lang='lat' dir='ltr'><strong>Scipionis</strong></span> <span class='ocrx_word' id='word_1_281' title='bbox 914 1734 1138 1769; x_wconf 83' lang='lat' dir='ltr'><strong>verbessert.</strong></span> <span class='ocrx_word' id='word_1_282' title='bbox 1190 1754 1232 1760; x_wconf 94' lang='lat'>—</span> <span class='ocrx_word' id='word_1_283' title='bbox 1284 1739 1319 1769; x_wconf 83' lang='lat' dir='ltr'><strong>et</strong></span> <span class='ocrx_word' id='word_1_284' title='bbox 1344 1736 1387 1770; x_wconf 86' lang='lat' dir='ltr'><strong>de</strong></span> <span class='ocrx_word' id='word_1_285' title='bbox 1413 1736 1507 1770; x_wconf 83' lang='lat' dir='ltr'><strong>laud.</strong></span> <span class='ocrx_word' id='word_1_286' title='bbox 1535 1736 1583 1770; x_wconf 90' lang='lat' dir='ltr'><strong>D.</strong></span> 
     </span>
     <span class='ocr_line' id='line_1_32' title="bbox 110 1777 1584 1831; baseline 0.004 -19"><span class='ocrx_word' id='word_1_287' title='bbox 110 1781 257 1813; x_wconf 67' lang='lat' dir='ltr'><strong>det-uam</strong></span> <span class='ocrx_word' id='word_1_288' title='bbox 282 1779 475 1818; x_wconf 79' lang='lat' dir='ltr'><strong>cumulum,</strong></span> <span class='ocrx_word' id='word_1_289' title='bbox 499 1777 577 1811; x_wconf 81' lang='lat' dir='ltr'><strong>und</strong></span> <span class='ocrx_word' id='word_1_290' title='bbox 602 1778 690 1812; x_wconf 80' lang='lat' dir='ltr'><strong>will</strong></span> <span class='ocrx_word' id='word_1_291' title='bbox 716 1790 791 1813; x_wconf 88' lang='lat' dir='ltr'><strong>von</strong></span> <span class='ocrx_word' id='word_1_292' title='bbox 813 1780 886 1813; x_wconf 84' lang='lat' dir='ltr'><strong>den</strong></span> <span class='ocrx_word' id='word_1_293' title='bbox 911 1781 1280 1831; x_wconf 79' lang='lat' dir='ltr'><strong>Lobeserhebungen</strong></span> <span class='ocrx_word' id='word_1_294' title='bbox 1306 1783 1370 1817; x_wconf 87' lang='lat' dir='ltr'><strong>des</strong></span> <span class='ocrx_word' id='word_1_295' title='bbox 1387 1784 1584 1819; x_wconf 83' lang='lat' dir='ltr'><strong>Dolabella</strong></span> 
     </span>
     <span class='ocr_line' id='line_1_33' title="bbox 110 1826 1583 1873; baseline 0.003 -12"><span class='ocrx_word' id='word_1_296' title='bbox 110 1828 174 1861; x_wconf 84' lang='lat' dir='ltr'><strong>das</strong></span> <span class='ocrx_word' id='word_1_297' title='bbox 199 1826 376 1860; x_wconf 82' lang='lat' dir='ltr'><strong>iibervoll</strong></span> <span class='ocrx_word' id='word_1_298' title='bbox 402 1827 681 1873; x_wconf 81' lang='lat' dir='ltr'><strong>Zugemessene</strong></span> <span class='ocrx_word' id='word_1_299' title='bbox 707 1827 946 1862; x_wconf 79' lang='lat' dir='ltr'><strong>abstreichen</strong></span> <span class='ocrx_word' id='word_1_300' title='bbox 979 1829 1013 1863; x_wconf 78' lang='lat' dir='ltr'><strong>d.</strong></span> <span class='ocrx_word' id='word_1_301' title='bbox 1041 1830 1065 1863; x_wconf 89' lang='lat' dir='ltr'><strong>i.</strong></span> <span class='ocrx_word' id='word_1_302' title='bbox 1092 1829 1153 1864; x_wconf 83' lang='lat' dir='ltr'><strong>das</strong></span> <span class='ocrx_word' id='word_1_303' title='bbox 1180 1843 1227 1865; x_wconf 90' lang='lat' dir='ltr'><strong>zu</strong></span> <span class='ocrx_word' id='word_1_304' title='bbox 1252 1831 1363 1866; x_wconf 82' lang='lat' dir='ltr'><strong>Viele</strong></span> <span class='ocrx_word' id='word_1_305' title='bbox 1389 1832 1583 1866; x_wconf 87' lang='lat' dir='ltr'><strong>abschnei-</strong></span> 
     </span>
     <span class='ocr_line' id='line_1_34' title="bbox 111 1874 1582 1917; baseline 0.003 -8"><span class='ocrx_word' id='word_1_306' title='bbox 111 1876 204 1917; x_wconf 77' lang='lat' dir='ltr'><strong>den3</strong></span> <span class='ocrx_word' id='word_1_307' title='bbox 233 1874 360 1908; x_wconf 66' lang='lat' dir='ltr'><strong>laudes</strong></span> <span class='ocrx_word' id='word_1_308' title='bbox 385 1874 604 1908; x_wconf 77' lang='lat' dir='ltr'><strong>Dolabellae</strong></span> <span class='ocrx_word' id='word_1_309' title='bbox 630 1874 953 1911; x_wconf 83' lang='lat' dir='ltr'><strong>circumscribam.</strong></span> <span class='ocrx_word' id='word_1_310' title='bbox 1005 1878 1111 1912; x_wconf 86' lang='lat' dir='ltr'><strong>Diess</strong></span> <span class='ocrx_word' id='word_1_311' title='bbox 1137 1878 1289 1914; x_wconf 82' lang='lat' dir='ltr'><strong>bezieht</strong></span> <span class='ocrx_word' id='word_1_312' title='bbox 1313 1879 1395 1913; x_wconf 87' lang='lat' dir='ltr'><strong>sich</strong></span> <span class='ocrx_word' id='word_1_313' title='bbox 1414 1882 1481 1914; x_wconf 82' lang='lat' dir='ltr'><strong>auf</strong></span> <span class='ocrx_word' id='word_1_314' title='bbox 1493 1880 1582 1914; x_wconf 78' lang='lat' dir='ltr'><strong>Phi-</strong></span> 
     </span>
     <span class='ocr_line' id='line_1_35' title="bbox 111 1922 1586 1971; baseline 0.005 -15"><span class='ocrx_word' id='word_1_315' title='bbox 111 1923 208 1968; x_wconf 85' lang='lat' dir='ltr'><strong>lipp.</strong></span> <span class='ocrx_word' id='word_1_316' title='bbox 234 1923 284 1956; x_wconf 91' lang='lat'><strong>11.</strong></span> <span class='ocrx_word' id='word_1_317' title='bbox 312 1933 344 1955; x_wconf 92' lang='lat' dir='ltr'><strong>c.</strong></span> <span class='ocrx_word' id='word_1_318' title='bbox 369 1923 438 1957; x_wconf 84' lang='lat'><strong>30:</strong></span> <span class='ocrx_word' id='word_1_319' title='bbox 468 1922 538 1955; x_wconf 79' lang='lat' dir='ltr'><strong>Ter</strong></span> <span class='ocrx_word' id='word_1_320' title='bbox 561 1923 786 1966; x_wconf 65' lang='lat' dir='ltr'><strong>depugnat-it</strong></span> <span class='ocrx_word' id='word_1_321' title='bbox 811 1931 882 1958; x_wconf 88' lang='lat' dir='ltr'><strong>cet.</strong></span> <span class='ocrx_word' id='word_1_322' title='bbox 919 1945 960 1950; x_wconf 86' lang='lat'><strong>—-</strong></span> <span class='ocrx_word' id='word_1_323' title='bbox 1011 1927 1107 1971; x_wconf 78' lang='lat' dir='ltr'><strong>quod</strong></span> <span class='ocrx_word' id='word_1_324' title='bbox 1130 1937 1206 1960; x_wconf 80' lang='lat' dir='ltr'><strong>enm</strong></span> <span class='ocrx_word' id='word_1_325' title='bbox 1231 1932 1313 1970; x_wconf 79' lang='lat' dir='ltr'><strong>„ter</strong></span> <span class='ocrx_word' id='word_1_326' title='bbox 1337 1933 1465 1962; x_wconf 81' lang='lat' dir='ltr'><strong>contra</strong></span> <span class='ocrx_word' id='word_1_327' title='bbox 1490 1929 1586 1962; x_wconf 77' lang='lat' dir='ltr'><strong>cives</strong></span> 
     </span>
     <span class='ocr_line' id='line_1_36' title="bbox 112 1969 1584 2019; baseline 0.005 -16"><span class='ocrx_word' id='word_1_328' title='bbox 112 1972 149 2004; x_wconf 80' lang='lat' dir='ltr'><strong>z&#39;n</strong></span> <span class='ocrx_word' id='word_1_329' title='bbox 176 1970 283 2003; x_wconf 81' lang='lat' dir='ltr'><strong>acie“</strong></span> <span class='ocrx_word' id='word_1_330' title='bbox 309 1970 455 2004; x_wconf 80' lang='lat' dir='ltr'><strong>stetisse</strong></span> <span class='ocrx_word' id='word_1_331' title='bbox 481 1969 616 2008; x_wconf 79' lang='lat' dir='ltr'><strong>dicam,</strong></span> <span class='ocrx_word' id='word_1_332' title='bbox 642 1982 708 2012; x_wconf 87' lang='lat' dir='ltr'><strong>„es</strong></span> <span class='ocrx_word' id='word_1_333' title='bbox 736 1971 833 2018; x_wconf 87' lang='lat' dir='ltr'><strong>liegt</strong></span> <span class='ocrx_word' id='word_1_334' title='bbox 858 1972 994 2007; x_wconf 84' lang='lat' dir='ltr'><strong>iedoch</strong></span> <span class='ocrx_word' id='word_1_335' title='bbox 1020 1974 1060 2006; x_wconf 86' lang='lat' dir='ltr'><strong>in</strong></span> <span class='ocrx_word' id='word_1_336' title='bbox 1074 1974 1158 2008; x_wconf 83' lang='lat' dir='ltr'><strong>dem</strong></span> <span class='ocrx_word' id='word_1_337' title='bbox 1172 1975 1284 2019; x_wconf 80' lang='lat' dir='ltr'><strong>Lobe,</strong></span> <span class='ocrx_word' id='word_1_338' title='bbox 1309 1975 1392 2010; x_wconf 79' lang='lat' dir='ltr'><strong>drei</strong></span> <span class='ocrx_word' id='word_1_339' title='bbox 1404 1976 1584 2010; x_wconf 88' lang='lat' dir='ltr'><strong>Schlach—</strong></span> 
     </span>
     <span class='ocr_line' id='line_1_37' title="bbox 113 2017 1585 2070; baseline 0.004 -17"><span class='ocrx_word' id='word_1_340' title='bbox 113 2026 177 2053; x_wconf 89' lang='lat' dir='ltr'><strong>ten</strong></span> <span class='ocrx_word' id='word_1_341' title='bbox 203 2017 267 2051; x_wconf 85' lang='lat' dir='ltr'><strong>des</strong></span> <span class='ocrx_word' id='word_1_342' title='bbox 293 2017 420 2052; x_wconf 75' lang='lat' dir='ltr'><strong>C&#39;zisars</strong></span> <span class='ocrx_word' id='word_1_343' title='bbox 446 2018 693 2065; x_wconf 82' lang='lat' dir='ltr'><strong>beigewohnt</strong></span> <span class='ocrx_word' id='word_1_344' title='bbox 718 2031 765 2053; x_wconf 85' lang='lat' dir='ltr'><strong>zu</strong></span> <span class='ocrx_word' id='word_1_345' title='bbox 791 2020 926 2060; x_wconf 77' lang='lat' dir='ltr'><strong>haben,</strong></span> <span class='ocrx_word' id='word_1_346' title='bbox 951 2021 1049 2055; x_wconf 87' lang='lat' dir='ltr'><strong>auch</strong></span> <span class='ocrx_word' id='word_1_347' title='bbox 1073 2022 1143 2056; x_wconf 84' lang='lat' dir='ltr'><strong>der</strong></span> <span class='ocrx_word' id='word_1_348' title='bbox 1167 2023 1271 2057; x_wconf 86' lang='lat' dir='ltr'><strong>feine</strong></span> <span class='ocrx_word' id='word_1_349' title='bbox 1294 2022 1405 2070; x_wconf 78' lang='lat' dir='ltr'><strong>Spott</strong></span> <span class='ocrx_word' id='word_1_350' title='bbox 1428 2025 1585 2059; x_wconf 84' lang='lat' dir='ltr'><strong>verbor-</strong></span> 
     </span>
     <span class='ocr_line' id='line_1_38' title="bbox 113 2065 1582 2117; baseline 0.005 -18"><span class='ocrx_word' id='word_1_351' title='bbox 113 2078 199 2114; x_wconf 82' lang='lat' dir='ltr'><strong>gen,</strong></span> <span class='ocrx_word' id='word_1_352' title='bbox 227 2066 308 2100; x_wconf 87' lang='lat' dir='ltr'><strong>dass</strong></span> <span class='ocrx_word' id='word_1_353' title='bbox 337 2078 379 2099; x_wconf 88' lang='lat' dir='ltr'><strong>er</strong></span> <span class='ocrx_word' id='word_1_354' title='bbox 404 2065 622 2113; x_wconf 86' lang='lat' dir='ltr'><strong>desswegen</strong></span> <span class='ocrx_word' id='word_1_355' title='bbox 647 2066 744 2100; x_wconf 87' lang='lat' dir='ltr'><strong>auch</strong></span> <span class='ocrx_word' id='word_1_356' title='bbox 770 2067 1021 2103; x_wconf 81' lang='lat' dir='ltr'><strong>dreimahl</strong></span> <span class='ocrx_word' id='word_1_357' title='bbox 1046 2082 1204 2117; x_wconf 73' lang='lat' dir='ltr'><strong>geg-en</strong></span> <span class='ocrx_word' id='word_1_358' title='bbox 1230 2071 1358 2106; x_wconf 88' lang='lat' dir='ltr'><strong>seine</strong></span> <span class='ocrx_word' id='word_1_359' title='bbox 1384 2073 1582 2107; x_wconf 75' lang='lat' dir='ltr'><strong>Mitbiir-</strong></span> 
     </span>
     <span class='ocr_line' id='line_1_39' title="bbox 113 2113 1584 2166; baseline 0.005 -18"><span class='ocrx_word' id='word_1_360' title='bbox 113 2126 199 2163; x_wconf 81' lang='lat' dir='ltr'><strong>ger</strong></span> <span class='ocrx_word' id='word_1_361' title='bbox 225 2115 286 2146; x_wconf 88' lang='lat' dir='ltr'><strong>im</strong></span> <span class='ocrx_word' id='word_1_362' title='bbox 313 2113 518 2148; x_wconf 80' lang='lat' dir='ltr'><strong>Treffen</strong></span> <span class='ocrx_word' id='word_1_363' title='bbox 544 2115 749 2161; x_wconf 82' lang='lat' dir='ltr'><strong>gestanden</strong></span> <span class='ocrx_word' id='word_1_364' title='bbox 775 2117 870 2149; x_wconf 86' lang='lat' dir='ltr'><strong>sei.“</strong></span> <span class='ocrx_word' id='word_1_365' title='bbox 918 2118 1008 2152; x_wconf 84' lang='lat' dir='ltr'><strong>Iene</strong></span> <span class='ocrx_word' id='word_1_366' title='bbox 1034 2117 1153 2153; x_wconf 87' lang='lat' dir='ltr'><strong>Stelle</strong></span> <span class='ocrx_word' id='word_1_367' title='bbox 1189 2119 1329 2154; x_wconf 86' lang='lat' dir='ltr'><strong>lautet:</strong></span> <span class='ocrx_word' id='word_1_368' title='bbox 1363 2119 1442 2154; x_wconf 87' lang='lat' dir='ltr'><strong>Ter</strong></span> <span class='ocrx_word' id='word_1_369' title='bbox 1466 2121 1584 2166; x_wconf 79' lang='lat' dir='ltr'><strong>depu-</strong></span> 
     </span>
     <span class='ocr_line' id='line_1_40' title="bbox 111 2162 1584 2213; baseline 0.005 -19"><span class='ocrx_word' id='word_1_370' title='bbox 111 2162 244 2210; x_wconf 84' lang='lat' dir='ltr'><strong>gnavit</strong></span> <span class='ocrx_word' id='word_1_371' title='bbox 269 2162 406 2196; x_wconf 79' lang='lat' dir='ltr'><strong>Caesar</strong></span> <span class='ocrx_word' id='word_1_372' title='bbox 431 2173 517 2195; x_wconf 87' lang='lat' dir='ltr'><strong>cum</strong></span> <span class='ocrx_word' id='word_1_373' title='bbox 543 2162 698 2203; x_wconf 87' lang='lat' dir='ltr'><strong>civibus,</strong></span> <span class='ocrx_word' id='word_1_374' title='bbox 732 2163 772 2196; x_wconf 89' lang='lat' dir='ltr'><strong>in</strong></span> <span class='ocrx_word' id='word_1_375' title='bbox 799 2163 1010 2208; x_wconf 86' lang='lat' dir='ltr'><strong>Thessalia,</strong></span> <span class='ocrx_word' id='word_1_376' title='bbox 1036 2166 1179 2207; x_wconf 84' lang='lat' dir='ltr'><strong>Africa,</strong></span> <span class='ocrx_word' id='word_1_377' title='bbox 1214 2168 1407 2213; x_wconf 86' lang='lat' dir='ltr'><strong>Hispania.</strong></span> <span class='ocrx_word' id='word_1_378' title='bbox 1456 2169 1584 2203; x_wconf 83' lang='lat' dir='ltr'><strong>Omni-</strong></span> 
     </span>
     <span class='ocr_line' id='line_1_41' title="bbox 112 2209 1583 2259; baseline 0.005 -16"><span class='ocrx_word' id='word_1_379' title='bbox 112 2211 178 2243; x_wconf 87' lang='lat' dir='ltr'><strong>bus</strong></span> <span class='ocrx_word' id='word_1_380' title='bbox 203 2209 311 2243; x_wconf 82' lang='lat' dir='ltr'><strong>affuit</strong></span> <span class='ocrx_word' id='word_1_381' title='bbox 336 2209 395 2243; x_wconf 85' lang='lat' dir='ltr'><strong>his</strong></span> <span class='ocrx_word' id='word_1_382' title='bbox 421 2210 557 2257; x_wconf 81' lang='lat' dir='ltr'><strong>pugnis</strong></span> <span class='ocrx_word' id='word_1_383' title='bbox 583 2210 800 2254; x_wconf 81' lang='lat' dir='ltr'><strong>Dolabella3</strong></span> <span class='ocrx_word' id='word_1_384' title='bbox 835 2213 874 2245; x_wconf 89' lang='lat' dir='ltr'><strong>in</strong></span> <span class='ocrx_word' id='word_1_385' title='bbox 900 2213 1146 2259; x_wconf 86' lang='lat' dir='ltr'><strong>Hispaniensi</strong></span> <span class='ocrx_word' id='word_1_386' title='bbox 1177 2216 1290 2250; x_wconf 83' lang='lat' dir='ltr'><strong>etiam</strong></span> <span class='ocrx_word' id='word_1_387' title='bbox 1315 2216 1452 2251; x_wconf 80' lang='lat' dir='ltr'><strong>vulnus</strong></span> <span class='ocrx_word' id='word_1_388' title='bbox 1478 2228 1583 2250; x_wconf 87' lang='lat' dir='ltr'><strong>acce-</strong></span> 
     </span>
     <span class='ocr_line' id='line_1_42' title="bbox 113 2258 1585 2312; baseline 0.005 -23"><span class='ocrx_word' id='word_1_389' title='bbox 113 2258 181 2303; x_wconf 84' lang='lat' dir='ltr'><strong>pit.</strong></span> <span class='ocrx_word' id='word_1_390' title='bbox 197 2277 239 2282; x_wconf 89' lang='lat'>—</span> <span class='ocrx_word' id='word_1_391' title='bbox 265 2258 366 2291; x_wconf 82' lang='lat' dir='ltr'><strong>Illud</strong></span> <span class='ocrx_word' id='word_1_392' title='bbox 389 2259 514 2299; x_wconf 78' lang='lat' dir='ltr'><strong>etiam,</strong></span> <span class='ocrx_word' id='word_1_393' title='bbox 542 2265 583 2292; x_wconf 91' lang='lat' dir='ltr'><strong>ut</strong></span> <span class='ocrx_word' id='word_1_394' title='bbox 609 2259 803 2306; x_wconf 81' lang='lat' dir='ltr'><strong>corrigere</strong></span> <span class='ocrx_word' id='word_1_395' title='bbox 829 2260 946 2304; x_wconf 88' lang='lat' dir='ltr'><strong>iubes,</strong></span> <span class='ocrx_word' id='word_1_396' title='bbox 974 2262 1083 2305; x_wconf 79' lang='lat' dir='ltr'><strong>malo,</strong></span> <span class='ocrx_word' id='word_1_397' title='bbox 1109 2263 1205 2297; x_wconf 84' lang='lat' dir='ltr'><strong>auch</strong></span> <span class='ocrx_word' id='word_1_398' title='bbox 1231 2264 1370 2312; x_wconf 77' lang='lat' dir='ltr'><strong>gesallt</strong></span> <span class='ocrx_word' id='word_1_399' title='bbox 1395 2265 1485 2308; x_wconf 89' lang='lat' dir='ltr'><strong>mir,</strong></span> <span class='ocrx_word' id='word_1_400' title='bbox 1510 2265 1585 2299; x_wconf 85' lang='lat' dir='ltr'><strong>wie</strong></span> 
     </span>
     <span class='ocr_line' id='line_1_43' title="bbox 113 2305 1584 2356; baseline 0.007 -19"><span class='ocrx_word' id='word_1_401' title='bbox 113 2306 172 2339; x_wconf 86' lang='lat' dir='ltr'><strong>Du</strong></span> <span class='ocrx_word' id='word_1_402' title='bbox 196 2305 450 2353; x_wconf 72' lang='lat' dir='ltr'><strong>vorschl&#39;agst‚</strong></span> <span class='ocrx_word' id='word_1_403' title='bbox 483 2307 564 2340; x_wconf 87' lang='lat' dir='ltr'><strong>Ind.</strong></span> <span class='ocrx_word' id='word_1_404' title='bbox 598 2311 651 2340; x_wconf 79' lang='lat' dir='ltr'><strong>est</strong></span> <span class='ocrx_word' id='word_1_405' title='bbox 675 2306 767 2340; x_wconf 75' lang='lat' dir='ltr'><strong>huuc</strong></span> <span class='ocrx_word' id='word_1_406' title='bbox 792 2308 912 2342; x_wconf 76' lang='lat' dir='ltr'><strong>vivere</strong></span> <span class='ocrx_word' id='word_1_407' title='bbox 935 2310 1061 2344; x_wconf 84' lang='lat' dir='ltr'><strong>besser</strong></span> <span class='ocrx_word' id='word_1_408' title='bbox 1097 2311 1154 2344; x_wconf 88' lang='lat' dir='ltr'><strong>als</strong></span> <span class='ocrx_word' id='word_1_409' title='bbox 1191 2313 1276 2356; x_wconf 79' lang='lat' dir='ltr'><strong>quid</strong></span> <span class='ocrx_word' id='word_1_410' title='bbox 1299 2313 1487 2355; x_wconf 76' lang='lat' dir='ltr'><strong>indignius</strong></span> <span class='ocrx_word' id='word_1_411' title='bbox 1513 2319 1584 2349; x_wconf 83' lang='lat' dir='ltr'><strong>cet.</strong></span> 
     </span>
     <span class='ocr_line' id='line_1_44' title="bbox 115 2353 1588 2405; baseline 0.005 -19"><span class='ocrx_word' id='word_1_412' title='bbox 115 2353 285 2387; x_wconf 72' lang='lat' dir='ltr'><strong>Dar-iiber</strong></span> <span class='ocrx_word' id='word_1_413' title='bbox 316 2354 456 2387; x_wconf 83' lang='lat' dir='ltr'><strong>besann</strong></span> <span class='ocrx_word' id='word_1_414' title='bbox 481 2353 564 2387; x_wconf 87' lang='lat' dir='ltr'><strong>sich</strong></span> <span class='ocrx_word' id='word_1_415' title='bbox 591 2354 728 2388; x_wconf 89' lang='lat' dir='ltr'><strong>iedoch</strong></span> <span class='ocrx_word' id='word_1_416' title='bbox 755 2356 892 2392; x_wconf 84' lang='lat' dir='ltr'><strong>Cicero</strong></span> <span class='ocrx_word' id='word_1_417' title='bbox 927 2358 1028 2391; x_wconf 80' lang='lat' dir='ltr'><strong>eines</strong></span> <span class='ocrx_word' id='word_1_418' title='bbox 1054 2359 1231 2394; x_wconf 87' lang='lat' dir='ltr'><strong>Anderen</strong></span> <span class='ocrx_word' id='word_1_419' title='bbox 1269 2361 1346 2394; x_wconf 86' lang='lat' dir='ltr'><strong>und</strong></span> <span class='ocrx_word' id='word_1_420' title='bbox 1378 2361 1468 2394; x_wconf 87' lang='lat' dir='ltr'><strong>liess</strong></span> <span class='ocrx_word' id='word_1_421' title='bbox 1500 2361 1588 2405; x_wconf 81' lang='lat' dir='ltr'><strong>quid</strong></span> 
     </span>
     <span class='ocr_line' id='line_1_45' title="bbox 115 2401 1583 2452; baseline 0.006 -19"><span class='ocrx_word' id='word_1_422' title='bbox 115 2401 300 2442; x_wconf 71' lang='lat' dir='ltr'><strong>indignius</strong></span> <span class='ocrx_word' id='word_1_423' title='bbox 330 2401 481 2445; x_wconf 77' lang='lat' dir='ltr'><strong>stehen3</strong></span> <span class='ocrx_word' id='word_1_424' title='bbox 517 2402 618 2435; x_wconf 87' lang='lat' dir='ltr'><strong>denn</strong></span> <span class='ocrx_word' id='word_1_425' title='bbox 652 2402 713 2436; x_wconf 88' lang='lat' dir='ltr'><strong>die</strong></span> <span class='ocrx_word' id='word_1_426' title='bbox 749 2402 868 2438; x_wconf 87' lang='lat' dir='ltr'><strong>Stelle</strong></span> <span class='ocrx_word' id='word_1_427' title='bbox 903 2406 1067 2452; x_wconf 85' lang='lat' dir='ltr'><strong>Philipp.</strong></span> <span class='ocrx_word' id='word_1_428' title='bbox 1096 2407 1148 2451; x_wconf 87' lang='lat'><strong>11,</strong></span> <span class='ocrx_word' id='word_1_429' title='bbox 1178 2410 1211 2450; x_wconf 90' lang='lat'><strong>1,</strong></span> <span class='ocrx_word' id='word_1_430' title='bbox 1237 2409 1284 2444; x_wconf 78' lang='lat'><strong>34</strong></span> <span class='ocrx_word' id='word_1_431' title='bbox 1322 2408 1441 2442; x_wconf 78' lang='lat' dir='ltr'><strong>lautet</strong></span> <span class='ocrx_word' id='word_1_432' title='bbox 1465 2408 1583 2442; x_wconf 82' lang='lat' dir='ltr'><strong>noch:</strong></span> 
     </span>
     <span class='ocr_line' id='line_1_46' title="bbox 117 2448 1585 2504; baseline 0.005 -23"><span class='ocrx_word' id='word_1_433' title='bbox 117 2448 214 2489; x_wconf 85' lang='lat' dir='ltr'><strong>Quid</strong></span> <span class='ocrx_word' id='word_1_434' title='bbox 249 2448 464 2496; x_wconf 76' lang='lat' dir='ltr'><strong>indignius,</strong></span> <span class='ocrx_word' id='word_1_435' title='bbox 506 2461 618 2494; x_wconf 84' lang='lat' dir='ltr'><strong>quam</strong></span> <span class='ocrx_word' id='word_1_436' title='bbox 651 2450 780 2485; x_wconf 88' lang='lat' dir='ltr'><strong>vivere</strong></span> <span class='ocrx_word' id='word_1_437' title='bbox 814 2463 900 2486; x_wconf 89' lang='lat' dir='ltr'><strong>eum</strong></span> <span class='ocrx_word' id='word_1_438' title='bbox 925 2466 960 2487; x_wconf 92' lang='lat' dir='ltr'><strong>u.</strong></span> <span class='ocrx_word' id='word_1_439' title='bbox 989 2466 1017 2491; x_wconf 84' lang='lat' dir='ltr'><strong>s.</strong></span> <span class='ocrx_word' id='word_1_440' title='bbox 1043 2467 1092 2489; x_wconf 88' lang='lat' dir='ltr'><strong>w.</strong></span> <span class='ocrx_word' id='word_1_441' title='bbox 1151 2456 1222 2490; x_wconf 82' lang='lat' dir='ltr'><strong>Die</strong></span> <span class='ocrx_word' id='word_1_442' title='bbox 1257 2455 1519 2504; x_wconf 76' lang='lat' dir='ltr'><strong>Einkleidung</strong></span> <span class='ocrx_word' id='word_1_443' title='bbox 1545 2457 1585 2489; x_wconf 87' lang='lat' dir='ltr'><strong>in</strong></span> 
     </span>
     <span class='ocr_line' id='line_1_47' title="bbox 117 2496 1584 2552; baseline 0.007 -25"><span class='ocrx_word' id='word_1_444' title='bbox 117 2496 235 2542; x_wconf 78' lang='lat' dir='ltr'><strong>Frage</strong></span> <span class='ocrx_word' id='word_1_445' title='bbox 269 2496 399 2531; x_wconf 82' lang='lat' dir='ltr'><strong>schien</strong></span> <span class='ocrx_word' id='word_1_446' title='bbox 433 2497 514 2530; x_wconf 87' lang='lat' dir='ltr'><strong>ihm</strong></span> <span class='ocrx_word' id='word_1_447' title='bbox 548 2497 773 2545; x_wconf 82' lang='lat' dir='ltr'><strong>lebendiger</strong></span> <span class='ocrx_word' id='word_1_448' title='bbox 807 2501 883 2535; x_wconf 85' lang='lat' dir='ltr'><strong>und</strong></span> <span class='ocrx_word' id='word_1_449' title='bbox 915 2501 1117 2551; x_wconf 74' lang='lat' dir='ltr'><strong>kr&#39;zistiger.</strong></span> <span class='ocrx_word' id='word_1_450' title='bbox 1170 2504 1300 2552; x_wconf 83' lang='lat' dir='ltr'><strong>Vergl.</strong></span> <span class='ocrx_word' id='word_1_451' title='bbox 1335 2504 1514 2538; x_wconf 77' lang='lat' dir='ltr'><strong>Garatoni</strong></span> <span class='ocrx_word' id='word_1_452' title='bbox 1538 2517 1584 2538; x_wconf 88' lang='lat' dir='ltr'><strong>zu</strong></span> 
     </span>
     <span class='ocr_line' id='line_1_48' title="bbox 117 2542 487 2586; baseline 0.005 -10"><span class='ocrx_word' id='word_1_453' title='bbox 117 2542 277 2586; x_wconf 67' lang='lat' dir='ltr'><strong>Philipp.</strong></span> <span class='ocrx_word' id='word_1_454' title='bbox 304 2545 351 2577; x_wconf 90' lang='lat'><strong>11.</strong></span> <span class='ocrx_word' id='word_1_455' title='bbox 379 2545 407 2586; x_wconf 89' lang='lat'><strong>§.</strong></span> <span class='ocrx_word' id='word_1_456' title='bbox 430 2547 487 2581; x_wconf 82' lang='grc'><strong>86.</strong></span> 
     </span>
    </p>

    <p class='ocr_par' dir='ltr' id='par_1_5' title="bbox 116 2592 1583 2786">
     <span class='ocr_line' id='line_1_49' title="bbox 210 2592 1583 2640; baseline 0.007 -15"><span class='ocrx_word' id='word_1_457' title='bbox 210 2593 243 2626; x_wconf 87' lang='grc'><strong>3.</strong></span> <span class='ocrx_word' id='word_1_458' title='bbox 296 2592 607 2638; x_wconf 64' lang='grc' dir='ltr'><em>Πεπλογραφ,</em></span> <span class='ocrx_word' id='word_1_459' title='bbox 634 2593 695 2628; x_wconf 85' lang='lat' dir='ltr'><strong>die</strong></span> <span class='ocrx_word' id='word_1_460' title='bbox 723 2595 1037 2640; x_wconf 77' lang='lat' dir='ltr'><strong>Mantelmalerei,</strong></span> <span class='ocrx_word' id='word_1_461' title='bbox 1065 2598 1134 2632; x_wconf 86' lang='lat' dir='ltr'><strong>der</strong></span> <span class='ocrx_word' id='word_1_462' title='bbox 1160 2609 1254 2632; x_wconf 87' lang='lat' dir='ltr'><strong>neue</strong></span> <span class='ocrx_word' id='word_1_463' title='bbox 1280 2598 1583 2634; x_wconf 72' lang='lat' dir='ltr'><strong>Illinervenman-</strong></span> 
     </span>
     <span class='ocr_line' id='line_1_50' title="bbox 117 2638 1581 2682; baseline 0.008 -12"><span class='ocrx_word' id='word_1_464' title='bbox 117 2639 178 2674; x_wconf 74' lang='lat' dir='ltr'><strong>tvl.</strong></span> <span class='ocrx_word' id='word_1_465' title='bbox 231 2638 278 2672; x_wconf 87' lang='lat' dir='ltr'><strong>So</strong></span> <span class='ocrx_word' id='word_1_466' title='bbox 304 2646 420 2673; x_wconf 88' lang='lat' dir='ltr'><strong>nennt</strong></span> <span class='ocrx_word' id='word_1_467' title='bbox 446 2641 577 2675; x_wconf 89' lang='lat' dir='ltr'><strong>Cicero</strong></span> <span class='ocrx_word' id='word_1_468' title='bbox 602 2642 750 2675; x_wconf 78' lang='lat' dir='ltr'><strong>Varro&#39;s</strong></span> <span class='ocrx_word' id='word_1_469' title='bbox 777 2643 905 2677; x_wconf 81' lang='lat' dir='ltr'><strong>Werk</strong></span> <span class='ocrx_word' id='word_1_470' title='bbox 929 2646 1001 2679; x_wconf 85' lang='lat' dir='ltr'><strong>mit</strong></span> <span class='ocrx_word' id='word_1_471' title='bbox 1026 2646 1112 2679; x_wconf 81' lang='lat' dir='ltr'><strong>dem</strong></span> <span class='ocrx_word' id='word_1_472' title='bbox 1139 2646 1259 2680; x_wconf 85' lang='lat' dir='ltr'><strong>Titel:</strong></span> <span class='ocrx_word' id='word_1_473' title='bbox 1300 2647 1581 2682; x_wconf 83' lang='lat' dir='ltr'><strong>Hebdomadum</strong></span> 
     </span>
     <span class='ocr_line' id='line_1_51' title="bbox 116 2686 1581 2743; baseline 0.008 -25"><span class='ocrx_word' id='word_1_474' title='bbox 116 2687 193 2719; x_wconf 77' lang='lat' dir='ltr'><strong>sive</strong></span> <span class='ocrx_word' id='word_1_475' title='bbox 218 2686 262 2719; x_wconf 90' lang='lat' dir='ltr'><strong>de</strong></span> <span class='ocrx_word' id='word_1_476' title='bbox 290 2686 515 2733; x_wconf 70' lang='lat' dir='ltr'><strong>imaginibus</strong></span> <span class='ocrx_word' id='word_1_477' title='bbox 542 2690 631 2722; x_wconf 86' lang='lat' dir='ltr'><strong>libri</strong></span> <span class='ocrx_word' id='word_1_478' title='bbox 667 2690 758 2724; x_wconf 86' lang='lat' dir='ltr'><strong>oder</strong></span> <span class='ocrx_word' id='word_1_479' title='bbox 782 2691 911 2724; x_wconf 82' lang='lat' dir='ltr'><strong>‹lesscn</strong></span> <span class='ocrx_word' id='word_1_480' title='bbox 939 2693 1092 2727; x_wconf 64' lang='lat' dir='ltr'><strong>Galen-ie</strong></span> <span class='ocrx_word' id='word_1_481' title='bbox 1126 2694 1200 2726; x_wconf 85' lang='lat' dir='ltr'><strong>und</strong></span> <span class='ocrx_word' id='word_1_482' title='bbox 1237 2694 1497 2743; x_wconf 74' lang='lat' dir='ltr'><strong>Schilderung</strong></span> <span class='ocrx_word' id='word_1_483' title='bbox 1521 2697 1581 2729; x_wconf 77' lang='lat' dir='ltr'><strong>be-</strong></span> 
     </span>
     <span class='ocr_line' id='line_1_52' title="bbox 118 2733 1582 2786; baseline 0.008 -20"><span class='ocrx_word' id='word_1_484' title='bbox 118 2733 291 2769; x_wconf 83' lang='lat' dir='ltr'><strong>riihmter</strong></span> <span class='ocrx_word' id='word_1_485' title='bbox 319 2736 491 2778; x_wconf 60' lang='lat' dir='ltr'><strong>manner,</strong></span> <span class='ocrx_word' id='word_1_486' title='bbox 529 2738 618 2771; x_wconf 73' lang='lat' dir='ltr'><strong>weil</strong></span> <span class='ocrx_word' id='word_1_487' title='bbox 643 2737 705 2772; x_wconf 86' lang='lat' dir='ltr'><strong>dic</strong></span> <span class='ocrx_word' id='word_1_488' title='bbox 733 2737 899 2774; x_wconf 77' lang='lat' dir='ltr'><strong>Athencr</strong></span> <span class='ocrx_word' id='word_1_489' title='bbox 932 2742 996 2773; x_wconf 75' lang='lat' dir='ltr'><strong>aus</strong></span> <span class='ocrx_word' id='word_1_490' title='bbox 1019 2741 1080 2775; x_wconf 78' lang='lat' dir='ltr'><strong>das</strong></span> <span class='ocrx_word' id='word_1_491' title='bbox 1107 2742 1285 2786; x_wconf 81' lang='lat' dir='ltr'><strong>Peplum,</strong></span> <span class='ocrx_word' id='word_1_492' title='bbox 1320 2755 1394 2778; x_wconf 83' lang='lat' dir='ltr'><strong>was</strong></span> <span class='ocrx_word' id='word_1_493' title='bbox 1421 2745 1489 2779; x_wconf 75' lang='lat' dir='ltr'><strong>der</strong></span> <span class='ocrx_word' id='word_1_494' title='bbox 1515 2745 1582 2778; x_wconf 80' lang='lat' dir='ltr'><strong>Mi-</strong></span> 
     </span>
    </p>
   </div>
  </div>
 </body>
</html>
