1795 3086
339 67 660 112 EPISTOLA
692 67 970 111 DCCCXV.
1004 67 1307 112 DCCCXVI.
1478 67 1572 116 305

260 198 573 242 EPISTOLA
617 197 894 240 DCCCXV.
954 199 1033 251 (ad
1070 199 1176 241 Div.
1209 199 1273 241 X.
1303 200 1390 250 14.)

235 275 317 314 Ser.
345 278 486 310 Romae
513 275 583 309 111.
610 275 705 308 Non.
733 273 828 310 Mai.
855 273 898 307 A.
925 275 970 309 U.
999 276 1040 311 c.
1067 277 1148 310 711.
1198 275 1247 316 (a.
1273 276 1314 309 c,
1340 275 1414 319 43.)

78 341 224 378 Laudat
250 343 376 378 Planci
403 341 571 376 studium
597 347 636 374 et
663 340 898 374 celeritatem
923 340 961 373 in
997 341 1140 376 auxiliis
1174 343 1220 377 D.
1252 344 1368 377 Bruto
1401 342 1568 378 serendis

311 392 578 435 hortaturque,
604 395 646 422 ut
671 388 763 423 belli
789 388 970 434 reliquias
995 390 1221 435 exstinguat.
1250 392 1338 428 1-2.

583 469 774 506 CICERO
800 469 998 504 PLANCO
1026 469 1064 505 S.

190 541 232 583 Ο
261 544 434 595 gratam
475 537 640 579 famam
679 536 814 577 biduo
853 540 956 578 ante
996 536 1235 579 victoriam
1274 539 1330 580 de
1369 538 1569 582 subsidio

78 600 178 648 tuo,
219 595 275 637 de
318 595 494 648 studio,
540 593 596 635 de
638 592 895 645 celeritate,
933 592 990 633 de
1028 592 1193 647 copiis!
1250 594 1397 650 Atque
1435 597 1570 638 etiam

79 651 279 693 hostibus
310 650 453 703 fusis,
493 663 594 704 spes
624 649 769 691 omnis
811 653 879 690 est
915 649 963 689 in
1006 652 1064 690 te.
1131 648 1320 703 Fugisse
1357 652 1476 694 enim
1515 666 1570 694 ex

79 708 251 762 proelio
280 707 526 748 Mutinensi
555 706 768 746 dicuntur
789 704 1013 746 notissimi
1032 703 1255 746 latronum
1275 705 1425 748 duces.
1484 710 1572 750 Est

79 767 225 805 autem
264 776 353 804 non
394 763 537 803 minus
576 766 749 816 gratum
788 765 992 801 extrema
1032 759 1215 817 delere,⁴
1254 775 1384 815 quam
1425 765 1570 818 prima.

80 819 318 872 depellere.
387 818 608 873 Equidem
648 816 955 870 exspectabam
994 815 1085 855 iam
1114 819 1211 856 tuas
1242 817 1400 860 literas
1430 821 1567 875 idque
1605 828 1633 868 2

78 889 177 916 cum
206 875 380 915 multis:
410 875 728 928 sperabamque
751 870 1119 924 etiamLepidum
1139 872 1205 912 rei
1222 874 1428 925 publicae
1456 880 1567 917 tem-

18 950 24 978 ,ε
77 931 258 985 poribus
289 930 559 970 admonitum
587 932 730 969 tecum
760 930 805 967 et
826 939 925 967 cum
947 940 994 967 re
1015 927 1191 980 publica
1212 941 1310 970 esse
1329 929 1568 973 facturum.

18 985 21 995 ⁴
77 988 130 1027 In
170 987 293 1026 illam
331 986 473 1039 igitur
516 997 666 1025 curam
706 982 934 1033 incumbe,
974 984 1036 1022 mi
1064 983 1255 1035 Plance,
1296 989 1345 1026 ut
1373 1000 1429 1028 ne
1458 1001 1570 1042 quae

78 1042 282 1083 scintilla
311 1040 534 1082 teterrimi
564 1040 671 1080 belli
702 1039 993 1092 relinquatur.
1054 1038 1189 1088 Quod
1216 1040 1256 1081 si
1277 1041 1364 1083 erit
1385 1041 1569 1096 sactum,

20 1100 25 1138 1.
80 1102 126 1138 et
156 1112 250 1139 rem
280 1097 506 1151 publicam
538 1095 693 1136 divino
723 1093 944 1135 beneficio
975 1094 1181 1135 affeceris
1220 1100 1266 1137 et
1302 1098 1398 1152 ipse
1426 1103 1568 1142 aeter-

20 1143 21 1197 ἶ
80 1167 181 1196 nam
207 1153 398 1208 gloriam
428 1164 710 1207 consequere.
771 1150 830 1191 D.
862 1162 923 1190 ιη.
954 1148 1072 1191 Νοη.
1106 1149 1213 1191 Mai.

244 1363 564 1406 EPISTOLA
594 1361 900 1405 DCCCXVI.
953 1363 1031 1413 (ad
1060 1362 1166 1405 Div.
1196 1362 1286 1404 XI.
1318 1365 1405 1412 11.)

78 1442 162 1475 Dat.
189 1440 287 1486 prid,
315 1441 416 1476 Non.
440 1439 533 1474 Mai.
560 1449 605 1471 ex
632 1439 783 1529 cast1(·is‚
800 1437 949 1527 guig?
963 1435 1254 1471 Statiellensium
1280 1438 1321 1471 A.
1349 1441 1392 1474 U.
1419 1438 1459 1475 C.
1487 1440 1567 1474 711.

733 1498 763 1519 a.
831 1512 839 1521 .
916 1511 923 1518 .

25 1544 27 1578 ἶ
80 1558 157 1591 lter
191 1556 343 1590 Antonii
376 1554 421 1589 ad
448 1553 627 1600 Lepidum
667 1561 839 1635 ctssuum
865 1553 918 1637 in2
932 1565 1011 1588 rem
1037 1553 1228 1599 publicam
1255 1555 1419 1590 studium
1456 1556 1569 1601 signi-

26 1603 27 1608 ’
277 1610 279 1612 ’
723 1608 809 1639 icat.
839 1604 884 1636 1-
922 1627 929 1635 .

230 1672 279 1706 D.
305 1671 498 1705 BRUTUS
524 1670 629 1704 IMP.
657 1669 760 1706 COS.
792 1667 897 1702 DES.
933 1670 968 1703 S.
993 1670 1041 1703 D.
1068 1671 1124 1704 M.
1151 1669 1412 1705 CICERONI.

191 1737 363 1780 Eodem
393 1738 601 1793 exemplo
640 1751 665 1778 a
703 1741 748 1779 te
784 1737 845 1779 mi
883 1737 1042 1779 literae
1079 1737 1279 1780 redditae
1317 1742 1442 1793 sunt,
1481 1754 1566 1795 quo

221 1895 441 1931 PLANCO.
469 1893 504 1929 S.
531 1906 587 1941 ep.
616 1896 694 1929 811.

177 1946 210 1979 1.
239 1948 320 1977 ante
344 1944 556 1986 victoriam,
594 1941 665 1976 ebe
689 1941 756 1975 der
781 1941 860 1975 Ruf
884 1941 946 1976 des
972 1941 1098 1985 Sieges
1123 1952 1193 1975 von
1218 1941 1370 1975 Mutina
1395 1953 1442 1975 zu
1467 1944 1566 1978 Rom

80 1992 225 2026 ankam.
274 1994 380 2026 Denn
397 1993 551 2025 Plancus
575 1991 711 2030 selba,
738 1990 802 2022 der
829 1990 950 2023 weder
976 2002 1049 2024 von
1076 1990 1145 2023 der
1161 1989 1343 2024 Schlacht
1368 1991 1465 2024 noch
1492 2004 1565 2026 von
1615 1985 1622 2002 ²

80 2042 168 2074 dem
203 2040 315 2086 Siege
350 2047 502 2083 wusste,
534 2039 684 2073 schrieb
717 2038 842 2072 seinen
880 2039 1006 2079 Brief,
1045 2039 1112 2071 auf
1139 2039 1316 2072 welchen
1348 2038 1469 2073 dieser
1502 2040 1564 2074 die

28 2119 32 2129 ‚
78 2090 249 2123 Antwort
274 2090 344 2131 ist,
382 2095 457 2122 erst
483 2089 583 2122 nach
611 2088 695 2121 dem
731 2088 872 2122 2sssten.
906 2107 950 2112 -
989 2087 1032 2120 de
1064 2086 1196 2120 subsid.
1225 2090 1272 2128 t.,
1307 2098 1378 2121 von
1404 2089 1567 2123 Deinem

80 2138 319 2173 H'ulfsheere.
347 2156 390 2162 —
419 2136 628 2178 celeritate,
655 2147 727 2180 qua
753 2137 799 2168 D.
823 2136 937 2170 Bruto
964 2135 1189 2170 subvenires.
1214 2153 1262 2159 —
1287 2140 1469 2182 extrema,
1496 2137 1567 2171 den

80 2187 182 2221 Rest.
207 2204 252 2211 -
277 2186 417 2230 prima,
443 2186 515 2218 den
542 2183 816 2232 Hauptangriff.

28 2229 29 2236 ¹
175 2236 209 2270 2.
235 2234 488 2278 exspectabam
514 2247 562 2264 z
596 2239 782 2278 exspecto.
816 2251 858 2256 -—
899 2232 1023 2277 idque,
1062 2232 1139 2266 und
1164 2241 1274 2266 zwar.
1308 2251 1353 2259 --
1389 2233 1567 2278 Lepidum

82 2281 138 2316 rei
162 2282 336 2326 publicae.
372 2282 434 2316 Sic
473 2282 573 2318 vict.
602 2284 634 2316 1.
662 2282 795 2315 Graev.
824 2281 916 2318 Ern,
944 2291 1024 2324 rep.
1049 2281 1270 2324 temporibus
1293 2282 1376 2316 Md.
1405 2294 1481 2316 om.
1509 2283 1567 2317 rei

79 2331 245 2374 publicae
269 2329 388 2375 Neap.
416 2329 500 2365 Asc.
530 2332 564 2366 l.
594 2333 693 2364 Crat.
720 2329 818 2365 Vict.
846 2331 878 2365 2.
903 2329 1040 2366 Lamb.
1067 2329 1201 2363 Bened.
1229 2329 1316 2363 Sch.
1334 2331 1431 2363 Liin.
1483 2329 1566 2364 Sci·

30 2405 33 2410 .
81 2378 171 2411 licet
194 2378 316 2412 delere
342 2389 453 2423 quam
469 2378 659 2424 corrigere
674 2378 888 2412 maluerunt
903 2378 1174 2412 soloecismum.
1204 2377 1397 2412 ORELLI.
1425 2397 1467 2403 —
1494 2390 1566 2412 c.r.

30 2446 35 2474 κ,
82 2436 160 2459 esse
187 2427 399 2469 facturum,
440 2438 478 2460 es
509 2427 579 2460 mit
612 2427 678 2461 der
710 2426 903 2472 Republik
934 2425 1062 2460 halten
1097 2426 1235 2463 werde.
1292 2426 1354 2459 Sic
1387 2428 1520 2472 scripsi
1545 2438 1567 2460 e

30 2486 32 2491 ⁷
82 2474 247 2520 vestigiis
281 2475 385 2518 Md.,
419 2477 482 2520 qui
515 2487 588 2509 om.
626 2474 718 2509 satis
748 2473 883 2509 habett
918 2478 1030 2508 tecum
1063 2478 1099 2508 et
1131 2474 1223 2518 reip.
1254 2484 1330 2507 esse
1356 2476 1565 2516 facturum.

81 2522 177 2557 Ern.
203 2523 289 2557 Sch.
315 2524 412 2557 Liin.
437 2527 549 2557 tecum
575 2523 631 2557 rei
651 2522 819 2567 publicae
842 2522 936 2556 satis
969 2533 1046 2556 esse
1061 2523 1271 2565 facturum.
1298 2522 1495 2557 ORELLI.
1518 2542 1567 2549 —

83 2570 310 2614 relinquatur
340 2572 366 2604 i.
393 2583 426 2606 e.
453 2583 499 2604 ne
522 2572 609 2605 illae
636 2571 819 2615 reliquiae
855 2570 1090 2605 Antonianae
1114 2577 1356 2612 remaneant,
1393 2582 1441 2604 ne
1465 2573 1566 2606 ullus

82 2624 203 2652 metus
229 2619 323 2653 belli
349 2620 651 2654 recrudescentis
684 2619 846 2664 reliquus
875 2620 957 2654 fiat.
1007 2622 1072 2653 Est
1104 2617 1329 2664 metaphora
1362 2625 1484 2654 tracta
1517 2621 1565 2654 ab

32 2710 34 2713 ᾖ
83 2666 268 2701 incendio.
296 2685 337 2691 -—
364 2668 438 2702 ΙΙΙ.
466 2668 560 2702 Non.
587 2668 704 2710 Manu,
732 2679 791 2701 am
815 2667 849 2702 5.
876 2668 967 2701 Mai.

178 2738 214 2773 1.
240 2736 358 2770 eodem
391 2736 574 2779 exemplo,
617 2736 655 2769 in
692 2734 1017 2781 gleichlautender
1053 2733 1268 2778 Abschrift,
1304 2735 1471 2781 gleiches
1501 2736 1566 2773 In-

151 2815 208 2840 Cic.
232 2815 333 2842 Briese
353 2825 381 2841 v.
403 2815 530 2841 umeri..
567 2814 614 2841 iv.
1070 2790 1131 2830 2⁰
