1795 3086
484 87 795 132 EPISTULA
825 88 1132 132 Dccxxlv.
1464 84 1549 134 135

13 191 16 208 ⁷
73 212 218 255 quam.
251 221 302 227 —
334 200 392 239 At
420 199 516 251 ille,
547 199 621 251 „in
651 198 866 240 Achaiam
897 213 943 240 se
973 194 1184 241 iturum.“
1233 197 1356 248 Quid
1385 200 1446 249 tu,
1478 198 1544 238 in-

12 244 15 285 s
72 269 218 310 quam,
247 252 415 295 Brute?
469 253 706 305 ‚‚Ro1nam‚
747 255 908 308 inquit,
947 255 986 294 si
1026 254 1109 296 tibi
1146 250 1367 296 videtur.“
1423 252 1544 294 Mihi

12 326 15 334 ’
70 324 178 352 vero
207 310 408 350 minime:
456 313 553 352 tuto
605 311 723 351 enim
767 323 853 350 non
896 309 1000 350 eris.
1058 308 1243 360 „Quidz
1289 308 1329 349 si
1367 322 1542 364 possem

12 359 14 418 J
69 380 184 418 esse,
234 364 515 419 placeretne?
572 365 718 420 Atque
767 370 814 406 ut
852 364 1029 406 omnino
1068 379 1210 419 neque
1246 378 1362 406 nunc
1401 378 1543 420 neque

11 430 13 473 j
67 435 129 463 ex
160 426 366 475 praetura
393 421 437 461 in
467 422 744 475 provinciam
775 423 893 469 ires3
935 419 1012 461 sed
1042 427 1200 461 auctor
1227 435 1312 463 non
1342 434 1453 473 sum,
1493 424 1544 461 ut

10 511 12 513 .
68 482 113 519 te
145 477 243 517 urbi
273 476 533 518 committas.
592 476 811 518 Dicebam
855 490 921 527 ea,
968 487 1081 529 quae
1126 476 1211 516 tibi
1255 475 1458 530 profecto
1495 476 1543 516 in

9 530 12 535 ’
69 537 256 574 mentem
286 532 480 584 veniunt,
521 545 602 573 cur
630 546 717 573 non
748 537 864 573 esset
893 535 990 572 tuto
1019 530 1208 571 futurus.
1266 532 1411 574 Multo
1439 532 1543 573 inde

68 601 273 630 sermone
302 589 601 642 querebantur
627 610 682 618 ——-
711 593 844 643 atque
875 587 922 627 id
946 586 1124 641 quidem
1145 585 1328 627 Cassius
1351 589 1544 629 maxime

66 667 122 674 —
150 643 348 684 amissas
373 645 630 685 occasiones
670 643 995 697 Decimumque
1032 641 1234 696 graviter
1269 645 1544 685 accusabant.

68 700 170 753 Ego
220 699 434 753 negabam
481 705 687 753 oportere
737 699 1004 754 praeterita:
1066 698 1340 738 assentiebar
1385 702 1544 740 tamen.

66 755 304 808 Quumque
353 756 578 808 ingressus
617 768 756 796 essem
801 755 967 807 dicere,
1019 754 1124 808 quid
1167 754 1454 807 oportuisset,
1495 774 1547 783 —

8 823 10 852 ῑ
67 823 149 851 nec
176 823 284 852 vero
314 811 558 865 quidquam
600 811 718 862 novi,
764 811 843 851 sed
887 823 953 862 ea,
998 823 1111 864 quae
1150 808 1354 864 quotidie
1395 822 1547 850 omnes

6 914 8 923 Α
66 890 119 896 ——-
147 878 229 906 nec
258 870 402 907 tamen
445 866 576 907 illum
606 866 754 906 locum
783 866 1064 920 attingerem,
1116 878 1380 920 quemquam
1420 878 1547 920 prae-

5 1057 7 1067 ,,
63 1039 186 1062 mum:
237 1028 366 1072 Egone
391 1053 399 1061 .
427 1055 436 1064 .
463 1058 471 1067 ,
499 1030 733 1074 accepissem,
770 1031 847 1072 vel,
884 1037 926 1065 ut
954 1030 1132 1075 equidem
1156 1031 1309 1065 malim:
1359 1031 1489 1073 Egone
1511 1035 1549 1064 at

5 1079 7 1106 ἓ
64 1075 275 1117 beneficium
301 1076 478 1121 accipiam
503 1078 612 1111 istam
639 1079 922 1112 contumeliam?
960 1090 979 1112 e
1013 1090 1085 1122 qua
1119 1079 1199 1124 ipsa
1236 1079 1403 1114 lectione
1429 1079 1547 1113 libro-

65 1136 150 1158 rum
176 1124 356 1158 lectiones
382 1132 482 1159 ortas
508 1132 622 1171 puto,
657 1125 698 1158 in
725 1137 797 1170 qua
822 1131 948 1160 tamen
975 1126 1186 1161 infinitivus
1221 1138 1294 1161 non
1333 1127 1448 1162 habet
1489 1127 1548 1161 lo-

2 1167 6 1203 ’ἔ
65 1184 165 1213 cum,
206 1183 321 1216 quum
360 1173 399 1205 in
425 1173 544 1207 altera
569 1173 694 1207 forma
729 1173 838 1207 R'lene
863 1202 871 1210 .
900 1199 908 1208 .
936 1175 1117 1218 accepisse
1141 1198 1150 1208 .
1176 1200 1185 1209 .
1213 1175 1463 1209 contumeliam
1499 1176 1549 1209 sit

4 1228 5 1262 j
66 1220 306 1253 necessarius.
356 1219 441 1264 Sed,
475 1221 614 1265 inquit,
649 1221 829 1266 abruptus
864 1228 920 1255 est
943 1233 1067 1256 sermo
1093 1232 1180 1268 pro:
1229 1223 1359 1266 Egone
1384 1227 1422 1257 ut
1447 1223 1547 1256 bene-

2 1285 5 1311 2
58 1267 188 1308 ficium
226 1267 405 1311 accepisse
444 1268 482 1301 in
526 1269 744 1302 contumelia
785 1269 892 1301 dicar
933 1268 1039 1310 (sch.
1080 1271 1241 1312 videar).
1294 1272 1377 1304 Non
1424 1271 1546 1304 credo.

4 1316 5 1352 j
67 1314 262 1349 ORELLI.
299 1327 334 1349 v.
363 1326 421 1360 ep.
448 1317 529 1357 725,
558 1319 588 1350 1.
623 1314 794 1356 beneficio
820 1317 973 1350 Antonii
1000 1318 1271 1351 contumelioso.
1314 1336 1356 1342 -
1398 1319 1547 1352 minime

2 1359 4 1364 ⁴
65 1363 225 1397 videtur.
253 1381 291 1389 —
322 1364 444 1407 Atque
469 1363 566 1396 mihi
591 1364 730 1408 placet,
754 1368 806 1407 ut,
835 1376 912 1397 nun
930 1376 967 1399 so
984 1364 1093 1399 rathe
1109 1365 1174 1399 ich
1185 1365 1297 1408 doch,
1323 1365 1417 1400 dass.
1438 1384 1480 1390 —-
1501 1378 1547 1400 ea:

2 1423 4 1449 ξ
61 1415 253 1456 praetura,
279 1410 375 1443 nach
401 1411 623 1458 beendigter
657 1413 804 1448 Pratur.
852 1430 895 1436 --
945 1417 1074 1446 auctor
1105 1424 1176 1446 non
1199 1424 1289 1455 sum,
1324 1413 1419 1447 dazu
1443 1414 1546 1448 kann

1 1500 3 1508 Ι
63 1459 128 1494 ioh
152 1459 255 1493 mein
279 1459 408 1502 Wort‚
442 1460 566 1494 meine
592 1459 881 1507 Einwilligung
906 1460 1017 1495 nicht
1043 1461 1175 1507 geben.
1204 1462 1246 1486 4
1275 1462 1355 1505 tibi,
1382 1462 1520 1496 Attice.
1542 1503 1543 1506 Ἴ

156 1509 189 1542 2.
241 1508 447 1540 occasiones
473 1507 689 1541 liberandae
725 1508 783 1541 rei
815 1508 988 1552 publicae
1027 1515 1063 1542 et
1094 1509 1303 1543 securitatis
1341 1511 1545 1544 restituen-

0 1553 3 1587 ἶ
64 1555 141 1587 dae.
168 1572 213 1579 —-
240 1555 468 1594 accusabant,
495 1555 594 1598 quod
619 1555 794 1590 Decimus
820 1557 956 1591 Brutus
987 1564 1120 1591 auctor
1145 1558 1267 1591 fuerat
1284 1558 1442 1592 Antonii
1468 1569 1545 1592 non

0 1614 2 1636 ι
64 1602 317 1636 interficiendi
343 1613 427 1635 cum
455 1602 622 1645 Caesare,
658 1603 755 1647 quod
781 1612 948 1639 suaserat
980 1605 1136 1639 Cassius.
1177 1606 1410 1641 ERNESTI.
1458 1606 1542 1641 vid.

65 1650 200 1683 Vellei.
228 1651 370 1684 Paterc.
399 1649 478 1684 Sec.
505 1650 699 1684 Plutarch.
738 1652 883 1685 Marcus
916 1654 1053 1687 Brutus
1089 1654 1326 1688 dissuaserat.
1379 1654 1442 1688 Sic
1478 1654 1543 1688 Cd.

0 1702 1 1737 ξ
62 1699 102 1731 in
127 1710 176 1732 m.
206 1699 306 1733 1584.
333 1698 461 1731 Lamb.
487 1698 527 1731 in
553 1698 661 1733 Curis
689 1710 759 1732 sec.
787 1702 981 1734 accusabat
1007 1701 1101 1735 Cett.
1118 1703 1204 1736 Mox
1228 1702 1291 1736 Cd.
1319 1703 1359 1735 in
1384 1713 1434 1735 m.
1451 1703 1544 1737 1584

62 1746 271 1779 assentibar.
309 1745 503 1783 ORELLI.
534 1765 573 1771 —
602 1748 685 1789 Ego
712 1773 721 1780 .
750 1771 758 1780 .
786 1772 794 1780 .
817 1749 1020 1790 praeterita
1055 1749 1138 1783 scil.
1174 1756 1333 1798 tang-ere
1358 1750 1416 1784 od.
1443 1750 1544 1793 fieri,

0 1807 1 1839 ζ
61 1794 127 1827 ich
161 1800 278 1840 sag-te,
320 1805 408 1826 man
440 1797 564 1828 iniisse
600 1795 663 1828 das
698 1795 943 1843 Vei-gangene
975 1796 1085 1831 nicht
1120 1797 1313 1831 anriihren
1345 1798 1462 1832 oder
1495 1810 1544 1832 zu

0 1842 1 1847 ’
61 1843 349 1889 Vergangenem
376 1842 430 1887 sei
456 1854 544 1875 man
570 1842 681 1877 nicht
714 1843 825 1876 mehr
850 1844 1118 1889 verpflichtet3
1154 1856 1226 1879 von
1252 1846 1541 1894 Vergangenem

61 1890 188 1923 k‘dnne
213 1901 300 1923 man
324 1890 434 1924 nicht
459 1890 572 1923 mehr
611 1902 734 1935 sagen,
769 1891 851 1925 dass
891 1903 928 1926 es
962 1892 1215 1941 nothwendig
1249 1895 1323 1938 sei;
1363 1895 1541 1928 verloren

62 1938 117 1971 sei
140 1938 333 1971 verloren.
361 1959 403 1964 —
432 1938 518 1982 quid
539 1938 625 1973 fieri
650 1939 881 1983 oportuisset.
919 1960 965 1965 —
1003 1942 1088 1974 novi
1112 1941 1194 1976 scil.
1224 1942 1377 1986 dicere3
1404 1942 1542 1977 nimmt

62 1997 148 2018 man
174 1987 259 2019 eine
283 1985 507 2020 Parenthese
532 1998 592 2029 an,
618 1986 797 2020 dicebam.
825 2007 867 2012 —
895 1999 1017 2022 omnes
1041 1989 1183 2025 dicunt.
1201 2008 1243 2013 —
1260 2001 1325 2023 nec
1342 2015 1350 2023 .
1365 2016 1372 2023 .
1393 2001 1457 2023 nec
1483 1994 1539 2023 ta-

61 2044 151 2076 men,
177 2034 283 2068 einer
307 2034 403 2068 Seits
428 2034 616 2069 wirklich
634 2034 788 2069 Nichts.
803 2036 999 2070 ..anderer
1011 2036 1109 2071 Seite
1135 2036 1272 2071 iedoch
1295 2038 1393 2072 auch
1419 2037 1538 2072 nicht.

63 2100 104 2106 —
132 2082 364 2125 attingerem,
396 2081 460 2116 ich
487 2082 583 2116 doch
617 2083 780 2117 anderer
813 2083 909 2118 Seits
943 2085 1055 2118 nicht
1089 2085 1158 2118 den
1194 2086 1313 2121 Punct
1348 2086 1539 2120 beriihren

61 2129 224 2176 mthte‚
251 2130 332 2164 dass
357 2141 483 2164 ausser
506 2131 590 2164 dem
616 2131 1021 2175 Ermordetenoeasar)
1049 2132 1150 2166 noch
1173 2133 1292 2167 Einer
1322 2134 1540 2176 (Antonius)

61 2178 163 2211 hatte
188 2180 337 2212 miissen
362 2180 520 2226 gefasst3
557 2179 719 2212 sondern
755 2180 834 2214 dass
859 2181 926 2214 der
952 2180 1063 2215 senat
1087 2180 1191 2216 hatte
1218 2184 1365 2216 miissen
1393 2194 1538 2216 zusam-

60 2237 148 2260 men
181 2226 336 2261 berufen
377 2251 384 2260 .
411 2251 419 2259 .
448 2254 456 2262 .
497 2227 663 2262 werden.
713 2229 932 2270 attingerem
978 2230 1149 2263 correxit
1190 2230 1220 2263 Ι.
1259 2230 1323 2263 Fr.
1361 2231 1539 2271 Gronov.‚

62 2273 160 2318 quod
186 2284 249 2307 nec
274 2286 359 2308 vero
386 2299 393 2306 .
420 2301 428 2308 .
456 2300 463 2307 .
491 2285 610 2308 omnes
643 2275 683 2308 in
718 2277 934 2320 parenthesi
969 2277 1112 2311 dictum
1148 2278 1307 2322 putavit.
1353 2279 1536 2320 attingere

62 2321 211 2355 Priores
236 2333 321 2356 cum
347 2322 437 2356 Cdd.
473 2323 667 2357 ORELLI.
716 2324 760 2356 In
795 2324 920 2358 ienem
956 2325 1063 2360 Faue
1095 2327 1197 2359 w'are
1231 2326 1318 2359 hier
1353 2327 1436 2370 eine
1463 2327 1535 2359 Art

61 2369 319 2404 Anacoluthon
344 2370 618 2410 anzunehmen,
660 2382 720 2404 wo
748 2372 809 2405 die
833 2374 1086 2421 Fortsetzung
1113 2373 1183 2407 mit
1216 2374 1286 2407 der
1306 2372 1534 2407 Parenthese

62 2416 184 2450 durch
207 2428 270 2450 nec
295 2422 413 2451 tamen
438 2419 476 2451 in
501 2419 747 2466 Verbindung
772 2421 956 2468 gebracht
981 2423 1042 2456 ist.
1084 2421 1120 2458 S.
1147 2422 1295 2455 Ramsh.
1333 2421 1360 2462 §.
1386 2423 1466 2464 206,
1490 2421 1532 2462 Β,

61 2466 97 2506 6,
123 2475 155 2497 c.
206 2465 336 2499 Allein
362 2467 546 2509 attingere
569 2467 688 2514 h'zingt
722 2479 796 2501 von
828 2469 1018 2511 ingressus
1051 2480 1159 2502 essem
1193 2470 1248 2504 ab.
1296 2470 1350 2502 Da
1386 2469 1546 2511 ingredi-

62 2524 89 2545 s.
116 2524 150 2544 v.
178 2524 207 2544 a.
234 2512 331 2547 sich
355 2517 543 2548 worauf
578 2515 841 2560 einlassen,
886 2519 1087 2552 worauf
1120 2516 1361 2564 eingehen
1398 2516 1534 2551 bedeu-

62 2566 143 2602 tet;
185 2570 224 2593 so
270 2560 369 2595 sieht
406 2574 492 2595 man
525 2562 633 2597 nicht
667 2563 740 2606 ein,
786 2576 930 2598 warum
957 2578 1042 2599 man
1069 2564 1172 2599 nicht
1202 2564 1335 2597 himer
1359 2565 1444 2598 nori
1468 2565 1533 2597 das

62 2608 182 2641 dicere
208 2607 478 2653 wiederholen‚
519 2612 703 2653 attingere
736 2613 988 2647 unver'u'ndert
1023 2613 1142 2646 davon
1181 2612 1376 2658 abhangen
1409 2613 1529 2646 lasset»

62 2655 138 2687 und
165 2655 356 2690 zwischen
382 2659 443 2692 sed
467 2659 542 2692 und
566 2664 726 2693 senatum
757 2672 820 2693 aus
858 2661 942 2695 dem
968 2661 1135 2707 Vorigon
1169 2660 1280 2693 illurn
1318 2661 1442 2693 locum
1475 2667 1527 2695 at-

63 2703 213 2750 tingere
240 2705 429 2752 ingressus
467 2717 584 2740 essem
622 2710 810 2753 erg-'zinzen
844 2710 966 2749 sollte,
1001 2709 1125 2741 indam
1164 2707 1197 2741 ia
1232 2708 1283 2741 im
1321 2707 1529 2742 Nachsatzo

64 2750 124 2784 die
150 2751 313 2786 Servilia
339 2753 378 2786 in
411 2753 472 2787 die
498 2754 595 2788 Rede
629 2756 729 2796 salit,
758 2768 795 2791 εο
821 2756 901 2790 dass
938 2757 1071 2790 Cicero
1101 2755 1209 2790 nicht
1248 2755 1326 2790 voli
1359 2768 1530 2802 ausspre-
