<?xml version="1.0" encoding="UTF-8"?>
<!DOCTYPE html PUBLIC "-//W3C//DTD XHTML 1.0 Transitional//EN"
    "http://www.w3.org/TR/xhtml1/DTD/xhtml1-transitional.dtd">
<html xmlns="http://www.w3.org/1999/xhtml" xml:lang="en" lang="en">
 <head>
  <title>
</title>
<meta http-equiv="Content-Type" content="text/html;charset=utf-8" />
  <meta name='ocr-system' content='tesseract 3.04.00' />
  <meta name='ocr-capabilities' content='ocr_page ocr_carea ocr_par ocr_line ocrx_word'/>
</head>
<body>
  <div class='ocr_page' id='page_1' title='image "./epistolaeadattic04ciceuoft_0370.png"; bbox 0 0 1795 3086; ppageno 0'>
   <div class='ocr_carea' id='block_1_1' title="bbox 203 59 1424 110">
    <p class='ocr_par' dir='ltr' id='par_1_1' title="bbox 203 59 1424 110">
     <span class='ocr_line' id='line_1_1' title="bbox 203 59 1424 110; baseline -0.006 0"><span class='ocrx_word' id='word_1_1' title='bbox 203 62 298 110; x_wconf 86' lang='lat'>360</span> <span class='ocrx_word' id='word_1_2' title='bbox 484 64 553 107; x_wconf 88' lang='lat' dir='ltr'>M.</span> <span class='ocrx_word' id='word_1_3' title='bbox 584 64 642 107; x_wconf 87' lang='lat' dir='ltr'>T.</span> <span class='ocrx_word' id='word_1_4' title='bbox 673 60 1019 106; x_wconf 83' lang='lat' dir='ltr'>CICERONIS</span> <span class='ocrx_word' id='word_1_5' title='bbox 1047 59 1424 105; x_wconf 86' lang='lat' dir='ltr'><strong>EPISTOLAE.</strong></span> 
     </span>
    </p>
   </div>
   <div class='ocr_carea' id='block_1_2' title="bbox 148 173 1717 1348">
    <p class='ocr_par' dir='ltr' id='par_1_2' title="bbox 148 173 1717 1348">
     <span class='ocr_line' id='line_1_2' title="bbox 207 173 1695 231; baseline 0 -15"><span class='ocrx_word' id='word_1_6' title='bbox 207 176 330 229; x_wconf 83' lang='lat' dir='ltr'>dedi,</span> <span class='ocrx_word' id='word_1_7' title='bbox 359 176 481 231; x_wconf 91' lang='lat' dir='ltr'>quod</span> <span class='ocrx_word' id='word_1_8' title='bbox 509 174 727 217; x_wconf 83' lang='lat' dir='ltr'>Trebonii</span> <span class='ocrx_word' id='word_1_9' title='bbox 754 179 899 216; x_wconf 86' lang='lat' dir='ltr'>morte</span> <span class='ocrx_word' id='word_1_10' title='bbox 928 173 1176 226; x_wconf 82' lang='lat' dir='ltr'>amisimus,</span> <span class='ocrx_word' id='word_1_11' title='bbox 1215 173 1335 228; x_wconf 87' lang='lat' dir='ltr'>quod</span> <span class='ocrx_word' id='word_1_12' title='bbox 1374 174 1507 216; x_wconf 86' lang='lat' dir='ltr'>etiam</span> <span class='ocrx_word' id='word_1_13' title='bbox 1537 174 1695 217; x_wconf 86' lang='lat' dir='ltr'>crude-</span> 
     </span>
     <span class='ocr_line' id='line_1_3' title="bbox 208 229 1697 285; baseline -0.001 -12"><span class='ocrx_word' id='word_1_14' title='bbox 208 232 337 274; x_wconf 82' lang='lat' dir='ltr'>litate</span> <span class='ocrx_word' id='word_1_15' title='bbox 355 232 626 273; x_wconf 83' lang='lat' dir='ltr'>Dolabellae</span> <span class='ocrx_word' id='word_1_16' title='bbox 656 234 734 272; x_wconf 85' lang='lat' dir='ltr'>aut</span> <span class='ocrx_word' id='word_1_17' title='bbox 761 230 956 285; x_wconf 84' lang='lat' dir='ltr'>perfidia</span> <span class='ocrx_word' id='word_1_18' title='bbox 985 243 1155 284; x_wconf 85' lang='lat' dir='ltr'>eorum,</span> <span class='ocrx_word' id='word_1_19' title='bbox 1185 229 1265 283; x_wconf 92' lang='lat' dir='ltr'>qui</span> <span class='ocrx_word' id='word_1_20' title='bbox 1294 229 1434 271; x_wconf 89' lang='lat' dir='ltr'>fidem</span> <span class='ocrx_word' id='word_1_21' title='bbox 1462 230 1576 271; x_wconf 83' lang='lat' dir='ltr'>mihi</span> <span class='ocrx_word' id='word_1_22' title='bbox 1607 231 1697 272; x_wconf 87' lang='lat' dir='ltr'>rei-</span> 
     </span>
     <span class='ocr_line' id='line_1_4' title="bbox 208 286 1699 343; baseline -0.001 -14"><span class='ocrx_word' id='word_1_23' title='bbox 208 302 294 343; x_wconf 90' lang='lat' dir='ltr'>que</span> <span class='ocrx_word' id='word_1_24' title='bbox 322 288 531 342; x_wconf 88' lang='lat' dir='ltr'>publicae</span> <span class='ocrx_word' id='word_1_25' title='bbox 561 301 648 328; x_wconf 87' lang='lat' dir='ltr'>non</span> <span class='ocrx_word' id='word_1_26' title='bbox 688 286 1021 341; x_wconf 84' lang='lat' dir='ltr'>praestiterunt,</span> <span class='ocrx_word' id='word_1_27' title='bbox 1068 286 1119 326; x_wconf 87' lang='lat' dir='ltr'>id</span> <span class='ocrx_word' id='word_1_28' title='bbox 1164 286 1380 341; x_wconf 81' lang='lat' dir='ltr'>consequi</span> <span class='ocrx_word' id='word_1_29' title='bbox 1422 290 1469 328; x_wconf 85' lang='lat' dir='ltr'>et</span> <span class='ocrx_word' id='word_1_30' title='bbox 1506 286 1699 328; x_wconf 89' lang='lat' dir='ltr'>reficere</span> 
     </span>
     <span class='ocr_line' id='line_1_5' title="bbox 209 341 1698 399; baseline -0.001 -14"><span class='ocrx_word' id='word_1_31' title='bbox 209 345 336 385; x_wconf 86' lang='lat' dir='ltr'>volo:</span> <span class='ocrx_word' id='word_1_32' title='bbox 368 344 491 398; x_wconf 90' lang='lat' dir='ltr'>quod</span> <span class='ocrx_word' id='word_1_33' title='bbox 522 344 658 384; x_wconf 83' lang='lat' dir='ltr'>aliter</span> <span class='ocrx_word' id='word_1_34' title='bbox 686 356 774 384; x_wconf 89' lang='lat' dir='ltr'>non</span> <span class='ocrx_word' id='word_1_35' title='bbox 803 347 955 399; x_wconf 86' lang='lat' dir='ltr'>potest</span> <span class='ocrx_word' id='word_1_36' title='bbox 983 341 1104 394; x_wconf 84' lang='lat' dir='ltr'>fieri,</span> <span class='ocrx_word' id='word_1_37' title='bbox 1143 341 1233 382; x_wconf 87' lang='lat' dir='ltr'>nisi</span> <span class='ocrx_word' id='word_1_38' title='bbox 1262 342 1454 397; x_wconf 85' lang='lat' dir='ltr'>spatium</span> <span class='ocrx_word' id='word_1_39' title='bbox 1484 341 1698 385; x_wconf 83' lang='lat' dir='ltr'>habuero.</span> 
     </span>
     <span class='ocr_line' id='line_1_6' title="bbox 209 397 1700 453; baseline 0.001 -15"><span class='ocrx_word' id='word_1_40' title='bbox 209 399 266 439; x_wconf 63' lang='lat'>111</span> <span class='ocrx_word' id='word_1_41' title='bbox 296 402 344 439; x_wconf 90' lang='lat' dir='ltr'>ut</span> <span class='ocrx_word' id='word_1_42' title='bbox 373 413 455 453; x_wconf 89' lang='lat' dir='ltr'>per</span> <span class='ocrx_word' id='word_1_43' title='bbox 493 402 537 440; x_wconf 88' lang='lat' dir='ltr'>te</span> <span class='ocrx_word' id='word_1_44' title='bbox 576 412 833 452; x_wconf 87' lang='lat' dir='ltr'>consequar,</span> <span class='ocrx_word' id='word_1_45' title='bbox 872 399 1026 445; x_wconf 88' lang='lat' dir='ltr'>velim,</span> <span class='ocrx_word' id='word_1_46' title='bbox 1067 401 1117 439; x_wconf 90' lang='lat' dir='ltr'>ut</span> <span class='ocrx_word' id='word_1_47' title='bbox 1155 398 1284 444; x_wconf 86' lang='lat' dir='ltr'>solet,</span> <span class='ocrx_word' id='word_1_48' title='bbox 1329 398 1415 440; x_wconf 85' lang='lat' dir='ltr'>tibi</span> <span class='ocrx_word' id='word_1_49' title='bbox 1451 411 1586 440; x_wconf 85' lang='lat' dir='ltr'>curae</span> <span class='ocrx_word' id='word_1_50' title='bbox 1626 397 1700 439; x_wconf 86' lang='lat' dir='ltr'>sit.</span> 
     </span>
     <span class='ocr_line' id='line_1_7' title="bbox 210 455 1701 511; baseline -0.001 -14"><span class='ocrx_word' id='word_1_51' title='bbox 210 456 310 508; x_wconf 85' lang='lat' dir='ltr'>Ego</span> <span class='ocrx_word' id='word_1_52' title='bbox 338 469 408 497; x_wconf 87' lang='lat' dir='ltr'>me</span> <span class='ocrx_word' id='word_1_53' title='bbox 439 455 495 495; x_wconf 91' lang='lat' dir='ltr'>de</span> <span class='ocrx_word' id='word_1_54' title='bbox 526 469 574 497; x_wconf 89' lang='lat' dir='ltr'>re</span> <span class='ocrx_word' id='word_1_55' title='bbox 603 455 786 511; x_wconf 87' lang='lat' dir='ltr'>publica</span> <span class='ocrx_word' id='word_1_56' title='bbox 826 459 934 509; x_wconf 83' lang='lat' dir='ltr'>puto</span> <span class='ocrx_word' id='word_1_57' title='bbox 974 467 1074 495; x_wconf 85' lang='lat' dir='ltr'>esse</span> <span class='ocrx_word' id='word_1_58' title='bbox 1110 455 1339 505; x_wconf 84' lang='lat' dir='ltr'>meritum,</span> <span class='ocrx_word' id='word_1_59' title='bbox 1379 458 1430 495; x_wconf 88' lang='lat' dir='ltr'>ut</span> <span class='ocrx_word' id='word_1_60' title='bbox 1468 467 1556 496; x_wconf 82' lang='lat' dir='ltr'>non</span> <span class='ocrx_word' id='word_1_61' title='bbox 1597 467 1701 508; x_wconf 83' lang='lat' dir='ltr'>pro-</span> 
     </span>
     <span class='ocr_line' id='line_1_8' title="bbox 208 508 1704 564; baseline -0.002 -11"><span class='ocrx_word' id='word_1_62' title='bbox 208 509 388 553; x_wconf 70' lang='lat' dir='ltr'>vinciae</span> <span class='ocrx_word' id='word_1_63' title='bbox 419 511 548 553; x_wconf 85' lang='lat' dir='ltr'>istius</span> <span class='ocrx_word' id='word_1_64' title='bbox 578 510 846 553; x_wconf 87' lang='lat' dir='ltr'>beneficium</span> <span class='ocrx_word' id='word_1_65' title='bbox 876 515 1137 564; x_wconf 84' lang='lat' dir='ltr'>exspectare</span> <span class='ocrx_word' id='word_1_66' title='bbox 1166 508 1367 557; x_wconf 85' lang='lat' dir='ltr'>debeam,</span> <span class='ocrx_word' id='word_1_67' title='bbox 1403 510 1485 557; x_wconf 87' lang='lat' dir='ltr'>sed</span> <span class='ocrx_word' id='word_1_68' title='bbox 1513 514 1704 563; x_wconf 78' lang='lat' dir='ltr'>tantum,</span> 
     </span>
     <span class='ocr_line' id='line_1_9' title="bbox 209 565 1705 621; baseline 0 -15"><span class='ocrx_word' id='word_1_69' title='bbox 209 571 423 621; x_wconf 88' lang='lat' dir='ltr'>quantum</span> <span class='ocrx_word' id='word_1_70' title='bbox 452 567 635 609; x_wconf 85' lang='lat' dir='ltr'>Cassius</span> <span class='ocrx_word' id='word_1_71' title='bbox 665 570 708 608; x_wconf 88' lang='lat' dir='ltr'>et</span> <span class='ocrx_word' id='word_1_72' title='bbox 735 566 884 619; x_wconf 84' lang='lat' dir='ltr'>Bruti,</span> <span class='ocrx_word' id='word_1_73' title='bbox 927 579 1016 607; x_wconf 89' lang='lat' dir='ltr'>non</span> <span class='ocrx_word' id='word_1_74' title='bbox 1045 566 1190 607; x_wconf 91' lang='lat' dir='ltr'>solum</span> <span class='ocrx_word' id='word_1_75' title='bbox 1227 565 1352 607; x_wconf 89' lang='lat' dir='ltr'>illius</span> <span class='ocrx_word' id='word_1_76' title='bbox 1382 565 1497 607; x_wconf 81' lang='lat' dir='ltr'>facti</span> <span class='ocrx_word' id='word_1_77' title='bbox 1529 565 1705 621; x_wconf 86' lang='lat' dir='ltr'>pericu-</span> 
     </span>
     <span class='ocr_line' id='line_1_10' title="bbox 209 621 1707 677; baseline -0.001 -14"><span class='ocrx_word' id='word_1_78' title='bbox 209 623 331 676; x_wconf 89' lang='lat' dir='ltr'>lique</span> <span class='ocrx_word' id='word_1_79' title='bbox 360 624 595 677; x_wconf 86' lang='lat' dir='ltr'>societate,</span> <span class='ocrx_word' id='word_1_80' title='bbox 642 623 722 664; x_wconf 90' lang='lat' dir='ltr'>sed</span> <span class='ocrx_word' id='word_1_81' title='bbox 763 623 901 664; x_wconf 83' lang='lat' dir='ltr'>etiam</span> <span class='ocrx_word' id='word_1_82' title='bbox 946 621 1083 662; x_wconf 90' lang='lat' dir='ltr'>huius</span> <span class='ocrx_word' id='word_1_83' title='bbox 1112 621 1331 675; x_wconf 86' lang='lat' dir='ltr'>temporis</span> <span class='ocrx_word' id='word_1_84' title='bbox 1360 622 1509 663; x_wconf 88' lang='lat' dir='ltr'>studio</span> <span class='ocrx_word' id='word_1_85' title='bbox 1539 625 1586 663; x_wconf 86' lang='lat' dir='ltr'>et</span> <span class='ocrx_word' id='word_1_86' title='bbox 1611 621 1707 664; x_wconf 77' lang='lat' dir='ltr'>vir—</span> 
     </span>
     <span class='ocr_line' id='line_1_11' title="bbox 209 676 1706 733; baseline -0.001 -14"><span class='ocrx_word' id='word_1_87' title='bbox 209 682 317 719; x_wconf 88' lang='lat' dir='ltr'>tute.</span> <span class='ocrx_word' id='word_1_88' title='bbox 374 680 558 721; x_wconf 86' lang='lat' dir='ltr'>Primus</span> <span class='ocrx_word' id='word_1_89' title='bbox 606 680 723 720; x_wconf 83' lang='lat' dir='ltr'>enim</span> <span class='ocrx_word' id='word_1_90' title='bbox 772 692 854 733; x_wconf 85' lang='lat' dir='ltr'>ego</span> <span class='ocrx_word' id='word_1_91' title='bbox 905 678 1031 732; x_wconf 83' lang='lat' dir='ltr'>leges</span> <span class='ocrx_word' id='word_1_92' title='bbox 1078 676 1296 719; x_wconf 85' lang='lat' dir='ltr'>Antonias</span> <span class='ocrx_word' id='word_1_93' title='bbox 1325 676 1483 733; x_wconf 72' lang='lat' dir='ltr'>‘sregi3</span> <span class='ocrx_word' id='word_1_94' title='bbox 1533 676 1706 733; x_wconf 81' lang='lat' dir='ltr'>primus</span> 
     </span>
     <span class='ocr_line' id='line_1_12' title="bbox 209 731 1706 789; baseline -0.001 -14"><span class='ocrx_word' id='word_1_95' title='bbox 209 734 455 789; x_wconf 83' lang='lat' dir='ltr'>equitatum</span> <span class='ocrx_word' id='word_1_96' title='bbox 498 736 766 777; x_wconf 79' lang='lat' dir='ltr'>Dolabellae</span> <span class='ocrx_word' id='word_1_97' title='bbox 807 733 865 775; x_wconf 89' lang='lat' dir='ltr'>ad</span> <span class='ocrx_word' id='word_1_98' title='bbox 905 747 1002 774; x_wconf 85' lang='lat' dir='ltr'>rem</span> <span class='ocrx_word' id='word_1_99' title='bbox 1039 731 1269 786; x_wconf 83' lang='lat' dir='ltr'>publicam</span> <span class='ocrx_word' id='word_1_100' title='bbox 1307 734 1494 775; x_wconf 75' lang='lat' dir='ltr'>traduxi</span> <span class='ocrx_word' id='word_1_101' title='bbox 1524 733 1706 775; x_wconf 83' lang='lat' dir='ltr'>Cassio-</span> 
     </span>
     <span class='ocr_line' id='line_1_13' title="bbox 210 787 1708 846; baseline -0.002 -14"><span class='ocrx_word' id='word_1_102' title='bbox 210 804 297 843; x_wconf 86' lang='lat' dir='ltr'>que</span> <span class='ocrx_word' id='word_1_103' title='bbox 327 791 526 832; x_wconf 86' lang='lat' dir='ltr'>tr-adidi:</span> <span class='ocrx_word' id='word_1_104' title='bbox 571 792 743 846; x_wconf 88' lang='lat' dir='ltr'>primus</span> <span class='ocrx_word' id='word_1_105' title='bbox 782 789 986 831; x_wconf 86' lang='lat' dir='ltr'>delectus</span> <span class='ocrx_word' id='word_1_106' title='bbox 1022 787 1165 829; x_wconf 85' lang='lat' dir='ltr'>habui</span> <span class='ocrx_word' id='word_1_107' title='bbox 1202 802 1285 843; x_wconf 84' lang='lat' dir='ltr'>pro</span> <span class='ocrx_word' id='word_1_108' title='bbox 1325 790 1470 830; x_wconf 85' lang='lat' dir='ltr'>salute</span> <span class='ocrx_word' id='word_1_109' title='bbox 1510 790 1708 836; x_wconf 84' lang='lat' dir='ltr'>omnium</span> 
     </span>
     <span class='ocr_line' id='line_1_14' title="bbox 210 843 1710 895; baseline -0.001 -8"><span class='ocrx_word' id='word_1_110' title='bbox 210 850 372 887; x_wconf 85' lang='lat' dir='ltr'>contra</span> <span class='ocrx_word' id='word_1_111' title='bbox 422 848 777 892; x_wconf 84' lang='lat' dir='ltr'>coniurationem</span> <span class='ocrx_word' id='word_1_112' title='bbox 827 844 1250 887; x_wconf 67' lang='lat' dir='ltr'>sceleratissimam</span> <span class='ocrx_word' id='word_1_113' title='bbox 1298 845 1424 885; x_wconf 82' lang='lat' dir='ltr'>solus</span> <span class='ocrx_word' id='word_1_114' title='bbox 1462 843 1623 886; x_wconf 85' lang='lat' dir='ltr'>Cassio</span> <span class='ocrx_word' id='word_1_115' title='bbox 1662 848 1710 895; x_wconf 76' lang='lat' dir='ltr'>et</span> 
     </span>
     <span class='ocr_line' id='line_1_15' title="bbox 212 899 1708 960; baseline -0.002 -17"><span class='ocrx_word' id='word_1_116' title='bbox 212 903 277 943; x_wconf 89' lang='lat' dir='ltr'>tei</span> <span class='ocrx_word' id='word_1_117' title='bbox 306 903 514 958; x_wconf 86' lang='lat' dir='ltr'>publicae</span> <span class='ocrx_word' id='word_1_118' title='bbox 544 903 729 960; x_wconf 86' lang='lat' dir='ltr'>Syriam</span> <span class='ocrx_word' id='word_1_119' title='bbox 760 901 1086 955; x_wconf 85' lang='lat' dir='ltr'>exercitusque,</span> <span class='ocrx_word' id='word_1_120' title='bbox 1116 901 1196 956; x_wconf 84' lang='lat' dir='ltr'>qui</span> <span class='ocrx_word' id='word_1_121' title='bbox 1217 899 1283 940; x_wconf 87' lang='lat' dir='ltr'>ibi</span> <span class='ocrx_word' id='word_1_122' title='bbox 1305 903 1448 946; x_wconf 84' lang='lat' dir='ltr'>erant,</span> <span class='ocrx_word' id='word_1_123' title='bbox 1476 899 1708 942; x_wconf 83' lang='lat' dir='ltr'>coniunxi.</span> 
     </span>
     <span class='ocr_line' id='line_1_16' title="bbox 210 955 1710 1013; baseline -0.003 -13"><span class='ocrx_word' id='word_1_124' title='bbox 210 958 342 1009; x_wconf 84' lang='lat' dir='ltr'>Nam,</span> <span class='ocrx_word' id='word_1_125' title='bbox 387 959 476 999; x_wconf 87' lang='lat' dir='ltr'>nisi</span> <span class='ocrx_word' id='word_1_126' title='bbox 523 972 607 1013; x_wconf 80' lang='lat' dir='ltr'>ego</span> <span class='ocrx_word' id='word_1_127' title='bbox 656 962 827 1000; x_wconf 81' lang='lat' dir='ltr'>tantam</span> <span class='ocrx_word' id='word_1_128' title='bbox 866 959 1103 1012; x_wconf 88' lang='lat' dir='ltr'>pecuniam</span> <span class='ocrx_word' id='word_1_129' title='bbox 1141 959 1353 1010; x_wconf 77' lang='lat' dir='ltr'>tantaque</span> <span class='ocrx_word' id='word_1_130' title='bbox 1394 955 1623 1011; x_wconf 82' lang='lat' dir='ltr'>praesidia</span> <span class='ocrx_word' id='word_1_131' title='bbox 1662 959 1710 997; x_wconf 91' lang='lat' dir='ltr'>et</span> 
     </span>
     <span class='ocr_line' id='line_1_17' title="bbox 211 1011 1712 1067; baseline -0.002 -13"><span class='ocrx_word' id='word_1_132' title='bbox 211 1018 302 1055; x_wconf 88' lang='lat' dir='ltr'>tam</span> <span class='ocrx_word' id='word_1_133' title='bbox 333 1014 548 1057; x_wconf 84' lang='lat' dir='ltr'>celeriter</span> <span class='ocrx_word' id='word_1_134' title='bbox 571 1013 732 1055; x_wconf 82' lang='lat' dir='ltr'>cassio</span> <span class='ocrx_word' id='word_1_135' title='bbox 761 1012 1001 1065; x_wconf 85' lang='lat' dir='ltr'>dedissem,</span> <span class='ocrx_word' id='word_1_136' title='bbox 1030 1025 1089 1053; x_wconf 83' lang='lat' dir='ltr'>ne</span> <span class='ocrx_word' id='word_1_137' title='bbox 1118 1024 1253 1053; x_wconf 85' lang='lat' dir='ltr'>ausus</span> <span class='ocrx_word' id='word_1_138' title='bbox 1283 1012 1466 1067; x_wconf 89' lang='lat' dir='ltr'>quidem</span> <span class='ocrx_word' id='word_1_139' title='bbox 1495 1016 1614 1053; x_wconf 83' lang='lat' dir='ltr'>esset</span> <span class='ocrx_word' id='word_1_140' title='bbox 1641 1011 1712 1059; x_wconf 82' lang='lat' dir='ltr'>ire</span> 
     </span>
     <span class='ocr_line' id='line_1_18' title="bbox 211 1067 1712 1126; baseline -0.001 -17"><span class='ocrx_word' id='word_1_141' title='bbox 211 1070 257 1110; x_wconf 90' lang='lat' dir='ltr'>in</span> <span class='ocrx_word' id='word_1_142' title='bbox 287 1070 484 1126; x_wconf 79' lang='lat' dir='ltr'>Syriam,</span> <span class='ocrx_word' id='word_1_143' title='bbox 524 1073 568 1111; x_wconf 89' lang='lat' dir='ltr'>ct</span> <span class='ocrx_word' id='word_1_144' title='bbox 605 1082 721 1110; x_wconf 87' lang='lat' dir='ltr'>nunc</span> <span class='ocrx_word' id='word_1_145' title='bbox 756 1082 845 1109; x_wconf 90' lang='lat' dir='ltr'>non</span> <span class='ocrx_word' id='word_1_146' title='bbox 883 1068 1061 1108; x_wconf 80' lang='lat' dir='ltr'>minora</span> <span class='ocrx_word' id='word_1_147' title='bbox 1100 1067 1305 1122; x_wconf 80' lang='lat' dir='ltr'>pericula</span> <span class='ocrx_word' id='word_1_148' title='bbox 1341 1069 1410 1109; x_wconf 85' lang='lat' dir='ltr'>rei</span> <span class='ocrx_word' id='word_1_149' title='bbox 1449 1069 1654 1124; x_wconf 81' lang='lat' dir='ltr'>publicae</span> <span class='ocrx_word' id='word_1_150' title='bbox 1684 1081 1712 1108; x_wconf 79' lang='lat' dir='ltr'>a</span> 
     </span>
     <span class='ocr_line' id='line_1_19' title="bbox 148 1122 1711 1179; baseline -0.002 -13"><span class='ocrx_word' id='word_1_151' title='bbox 148 1133 151 1137; x_wconf 77' lang='lat'><em>&#39;</em></span> <span class='ocrx_word' id='word_1_152' title='bbox 212 1126 455 1167; x_wconf 84' lang='lat' dir='ltr'>Dolabella</span> <span class='ocrx_word' id='word_1_153' title='bbox 483 1125 721 1171; x_wconf 83' lang='lat' dir='ltr'>instarent,</span> <span class='ocrx_word' id='word_1_154' title='bbox 750 1136 885 1179; x_wconf 84' lang='lat' dir='ltr'>quam</span> <span class='ocrx_word' id='word_1_155' title='bbox 915 1124 969 1164; x_wconf 85' lang='lat' dir='ltr'>ab</span> <span class='ocrx_word' id='word_1_156' title='bbox 998 1122 1210 1164; x_wconf 76' lang='lat' dir='ltr'>Antonio.</span> <span class='ocrx_word' id='word_1_157' title='bbox 1271 1122 1421 1178; x_wconf 86' lang='lat' dir='ltr'>Atque</span> <span class='ocrx_word' id='word_1_158' title='bbox 1460 1124 1579 1165; x_wconf 83' lang='lat' dir='ltr'>haec</span> <span class='ocrx_word' id='word_1_159' title='bbox 1615 1129 1711 1171; x_wconf 63' lang='lat' dir='ltr'>‹im-&#39;-</span> 
     </span>
     <span class='ocr_line' id='line_1_20' title="bbox 210 1178 1713 1236; baseline -0.002 -13"><span class='ocrx_word' id='word_1_160' title='bbox 210 1182 286 1223; x_wconf 84' lang='lat' dir='ltr'>nia</span> <span class='ocrx_word' id='word_1_161' title='bbox 325 1183 364 1223; x_wconf 88' lang='lat' dir='ltr'>is</span> <span class='ocrx_word' id='word_1_162' title='bbox 413 1181 519 1233; x_wconf 85' lang='lat' dir='ltr'>feci,</span> <span class='ocrx_word' id='word_1_163' title='bbox 570 1182 648 1236; x_wconf 90' lang='lat' dir='ltr'>qui</span> <span class='ocrx_word' id='word_1_164' title='bbox 695 1180 868 1222; x_wconf 88' lang='lat' dir='ltr'>sodalis</span> <span class='ocrx_word' id='word_1_165' title='bbox 918 1183 965 1220; x_wconf 83' lang='lat' dir='ltr'>et</span> <span class='ocrx_word' id='word_1_166' title='bbox 1011 1178 1397 1221; x_wconf 83' lang='lat' dir='ltr'>familiarissimus</span> <span class='ocrx_word' id='word_1_167' title='bbox 1436 1179 1713 1221; x_wconf 84' lang='lat' dir='ltr'>Dolabellae</span> 
     </span>
     <span class='ocr_line' id='line_1_21' title="bbox 211 1234 1711 1290; baseline -0.002 -11"><span class='ocrx_word' id='word_1_168' title='bbox 211 1250 350 1290; x_wconf 84' lang='lat' dir='ltr'>eram,</span> <span class='ocrx_word' id='word_1_169' title='bbox 383 1235 778 1279; x_wconf 87' lang='lat' dir='ltr'>coniunctissimus</span> <span class='ocrx_word' id='word_1_170' title='bbox 808 1234 1026 1290; x_wconf 83' lang='lat' dir='ltr'>sanguine</span> <span class='ocrx_word' id='word_1_171' title='bbox 1043 1235 1268 1288; x_wconf 84' lang='lat' dir='ltr'>Antoniis,</span> <span class='ocrx_word' id='word_1_172' title='bbox 1297 1234 1578 1290; x_wconf 85' lang='lat' dir='ltr'>prov-inciam</span> <span class='ocrx_word' id='word_1_173' title='bbox 1601 1248 1711 1289; x_wconf 78' lang='lat' dir='ltr'>quo-</span> 
     </span>
     <span class='ocr_line' id='line_1_22' title="bbox 212 1290 1717 1348; baseline -0.002 -14"><span class='ocrx_word' id='word_1_174' title='bbox 212 1307 300 1348; x_wconf 88' lang='lat' dir='ltr'>que</span> <span class='ocrx_word' id='word_1_175' title='bbox 328 1294 515 1336; x_wconf 88' lang='lat' dir='ltr'>illorum</span> <span class='ocrx_word' id='word_1_176' title='bbox 545 1293 768 1344; x_wconf 87' lang='lat' dir='ltr'>beneficio</span> <span class='ocrx_word' id='word_1_177' title='bbox 798 1290 1042 1333; x_wconf 71' lang='lat' dir='ltr'>habebamt</span> <span class='ocrx_word' id='word_1_178' title='bbox 1093 1291 1175 1332; x_wconf 88' lang='lat' dir='ltr'>sed</span> <span class='ocrx_word' id='word_1_179' title='bbox 1213 1293 1391 1342; x_wconf 62' lang='grc' dir='ltr'><strong><em>πατρίδα</em></strong></span> <span class='ocrx_word' id='word_1_180' title='bbox 1430 1293 1530 1341; x_wconf 63' lang='grc' dir='ltr'>ἐμὴν</span> <span class='ocrx_word' id='word_1_181' title='bbox 1563 1291 1717 1341; x_wconf 58' lang='lat' dir='ltr'>adimam</span> 
     </span>
    </p>
   </div>
   <div class='ocr_carea' id='block_1_3' title="bbox 211 1495 1715 1642">
    <p class='ocr_par' dir='ltr' id='par_1_3' title="bbox 211 1495 1715 1642">
     <span class='ocr_line' id='line_1_23' title="bbox 211 1495 1713 1545; baseline -0.001 -13"><span class='ocrx_word' id='word_1_182' title='bbox 211 1498 300 1541; x_wconf 68' lang='lat' dir='ltr'>ced,</span> <span class='ocrx_word' id='word_1_183' title='bbox 326 1498 407 1533; x_wconf 74' lang='lat' dir='ltr'>dass</span> <span class='ocrx_word' id='word_1_184' title='bbox 433 1511 520 1532; x_wconf 85' lang='lat' dir='ltr'>man</span> <span class='ocrx_word' id='word_1_185' title='bbox 546 1499 623 1533; x_wconf 87' lang='lat' dir='ltr'>mir</span> <span class='ocrx_word' id='word_1_186' title='bbox 649 1499 760 1534; x_wconf 81' lang='lat' dir='ltr'>einen</span> <span class='ocrx_word' id='word_1_187' title='bbox 785 1498 1029 1545; x_wconf 81' lang='lat' dir='ltr'>Nachfolger</span> <span class='ocrx_word' id='word_1_188' title='bbox 1053 1495 1246 1534; x_wconf 76' lang='lat' dir='ltr'>schickte,</span> <span class='ocrx_word' id='word_1_189' title='bbox 1287 1514 1330 1528; x_wconf 54' lang='grc' dir='ltr'>ε-</span> <span class='ocrx_word' id='word_1_190' title='bbox 1372 1495 1539 1540; x_wconf 63' lang='grc' dir='ltr'>ςρηεεςιῃ·</span> <span class='ocrx_word' id='word_1_191' title='bbox 1563 1500 1599 1533; x_wconf 78' lang='lat' dir='ltr'>et</span> <span class='ocrx_word' id='word_1_192' title='bbox 1623 1496 1713 1538; x_wconf 55' lang='lat' dir='ltr'>rafi-</span> 
     </span>
     <span class='ocr_line' id='line_1_24' title="bbox 213 1543 1715 1597; baseline -0.001 -17"><span class='ocrx_word' id='word_1_193' title='bbox 213 1558 312 1589; x_wconf 83' lang='lat' dir='ltr'>cere‚</span> <span class='ocrx_word' id='word_1_194' title='bbox 349 1547 496 1581; x_wconf 86' lang='lat' dir='ltr'>wieder</span> <span class='ocrx_word' id='word_1_195' title='bbox 522 1547 801 1595; x_wconf 80' lang='lat' dir='ltr'>beizubringen</span> <span class='ocrx_word' id='word_1_196' title='bbox 825 1546 903 1580; x_wconf 83' lang='lat' dir='ltr'>und</span> <span class='ocrx_word' id='word_1_197' title='bbox 926 1544 1209 1580; x_wconf 82' lang='lat' dir='ltr'>anzuschaffen.</span> <span class='ocrx_word' id='word_1_198' title='bbox 1261 1562 1304 1591; x_wconf 48' lang='grc' dir='ltr'>-ή</span> <span class='ocrx_word' id='word_1_199' title='bbox 1351 1543 1515 1597; x_wconf 58' lang='lat' dir='ltr'>spatium</span> <span class='ocrx_word' id='word_1_200' title='bbox 1548 1544 1715 1594; x_wconf 66' lang='lat' dir='ltr'>longius,</span> 
     </span>
     <span class='ocr_line' id='line_1_25' title="bbox 214 1595 737 1642; baseline 0.002 -14"><span class='ocrx_word' id='word_1_201' title='bbox 214 1596 370 1642; x_wconf 64' lang='lat' dir='ltr'>langere</span> <span class='ocrx_word' id='word_1_202' title='bbox 397 1595 497 1636; x_wconf 75' lang='lat' dir='ltr'>Zeir,</span> <span class='ocrx_word' id='word_1_203' title='bbox 525 1595 737 1638; x_wconf 78' lang='lat' dir='ltr'>Amtsfrist.</span> 
     </span>
    </p>
   </div>
   <div class='ocr_carea' id='block_1_4' title="bbox 213 1658 1768 2426">
    <p class='ocr_par' dir='ltr' id='par_1_4' title="bbox 213 1658 1768 2426">
     <span class='ocr_line' id='line_1_26' title="bbox 310 1658 1715 1705; baseline -0.002 -8"><span class='ocrx_word' id='word_1_204' title='bbox 310 1663 345 1697; x_wconf 84' lang='lat'>6.</span> <span class='ocrx_word' id='word_1_205' title='bbox 392 1666 492 1705; x_wconf 83' lang='lat' dir='ltr'>puto,</span> <span class='ocrx_word' id='word_1_206' title='bbox 520 1661 620 1696; x_wconf 82' lang='lat' dir='ltr'>Crat.</span> <span class='ocrx_word' id='word_1_207' title='bbox 657 1662 713 1695; x_wconf 84' lang='lat' dir='ltr'>ita</span> <span class='ocrx_word' id='word_1_208' title='bbox 737 1664 837 1705; x_wconf 83' lang='lat' dir='ltr'>puto.</span> <span class='ocrx_word' id='word_1_209' title='bbox 890 1678 932 1685; x_wconf 90' lang='lat'>—</span> <span class='ocrx_word' id='word_1_210' title='bbox 986 1663 1024 1693; x_wconf 75' lang='lat' dir='ltr'>ut</span> <span class='ocrx_word' id='word_1_211' title='bbox 1049 1669 1120 1693; x_wconf 84' lang='lat' dir='ltr'>non</span> <span class='ocrx_word' id='word_1_212' title='bbox 1146 1683 1155 1692; x_wconf 91' lang='lat'>.</span> <span class='ocrx_word' id='word_1_213' title='bbox 1183 1683 1192 1692; x_wconf 91' lang='lat'><strong>.</strong></span> <span class='ocrx_word' id='word_1_214' title='bbox 1220 1683 1228 1692; x_wconf 90' lang='lat'>.</span> <span class='ocrx_word' id='word_1_215' title='bbox 1257 1658 1420 1702; x_wconf 81' lang='lat' dir='ltr'>debeam,</span> <span class='ocrx_word' id='word_1_216' title='bbox 1453 1660 1537 1694; x_wconf 85' lang='lat' dir='ltr'>dass</span> <span class='ocrx_word' id='word_1_217' title='bbox 1562 1659 1630 1694; x_wconf 88' lang='lat' dir='ltr'>ich</span> <span class='ocrx_word' id='word_1_218' title='bbox 1654 1661 1715 1695; x_wconf 87' lang='lat' dir='ltr'>die</span> 
     </span>
     <span class='ocr_line' id='line_1_27' title="bbox 214 1703 1715 1757; baseline -0.001 -12"><span class='ocrx_word' id='word_1_219' title='bbox 214 1703 487 1757; x_wconf 72' lang='lat' dir='ltr'>Ubertragung</span> <span class='ocrx_word' id='word_1_220' title='bbox 513 1710 640 1743; x_wconf 82' lang='lat' dir='ltr'>dieser</span> <span class='ocrx_word' id='word_1_221' title='bbox 665 1709 830 1742; x_wconf 90' lang='lat' dir='ltr'>Provinz</span> <span class='ocrx_word' id='word_1_222' title='bbox 861 1709 929 1741; x_wconf 82' lang='lat' dir='ltr'>auf</span> <span class='ocrx_word' id='word_1_223' title='bbox 962 1707 1069 1742; x_wconf 84' lang='lat' dir='ltr'>mich</span> <span class='ocrx_word' id='word_1_224' title='bbox 1102 1707 1195 1740; x_wconf 87' lang='lat' dir='ltr'>eben</span> <span class='ocrx_word' id='word_1_225' title='bbox 1232 1707 1344 1742; x_wconf 88' lang='lat' dir='ltr'>nicht</span> <span class='ocrx_word' id='word_1_226' title='bbox 1379 1709 1435 1742; x_wconf 90' lang='lat' dir='ltr'>als</span> <span class='ocrx_word' id='word_1_227' title='bbox 1472 1709 1556 1743; x_wconf 81' lang='lat' dir='ltr'>eine</span> <span class='ocrx_word' id='word_1_228' title='bbox 1583 1709 1715 1743; x_wconf 83' lang='lat' dir='ltr'>Gnade</span> 
     </span>
     <span class='ocr_line' id='line_1_28' title="bbox 213 1755 1715 1800; baseline 0 -8"><span class='ocrx_word' id='word_1_229' title='bbox 213 1757 428 1792; x_wconf 80' lang='lat' dir='ltr'>anzusehen</span> <span class='ocrx_word' id='word_1_230' title='bbox 455 1757 633 1800; x_wconf 78' lang='lat' dir='ltr'>brauche,</span> <span class='ocrx_word' id='word_1_231' title='bbox 667 1757 832 1791; x_wconf 88' lang='lat' dir='ltr'>sondern</span> <span class='ocrx_word' id='word_1_232' title='bbox 871 1756 966 1790; x_wconf 84' lang='lat' dir='ltr'>eben</span> <span class='ocrx_word' id='word_1_233' title='bbox 1000 1767 1039 1790; x_wconf 89' lang='lat' dir='ltr'>so</span> <span class='ocrx_word' id='word_1_234' title='bbox 1066 1755 1152 1789; x_wconf 85' lang='lat' dir='ltr'>Viel</span> <span class='ocrx_word' id='word_1_235' title='bbox 1186 1762 1378 1789; x_wconf 85' lang='lat' dir='ltr'>erwarten</span> <span class='ocrx_word' id='word_1_236' title='bbox 1405 1757 1503 1799; x_wconf 85' lang='lat' dir='ltr'>darf,</span> <span class='ocrx_word' id='word_1_237' title='bbox 1541 1756 1596 1790; x_wconf 87' lang='lat' dir='ltr'>als</span> <span class='ocrx_word' id='word_1_238' title='bbox 1623 1770 1658 1791; x_wconf 89' lang='lat' dir='ltr'>u.</span> <span class='ocrx_word' id='word_1_239' title='bbox 1686 1770 1715 1792; x_wconf 86' lang='lat' dir='ltr'>s.</span> 
     </span>
     <span class='ocr_line' id='line_1_29' title="bbox 215 1802 1717 1848; baseline -0.001 -7"><span class='ocrx_word' id='word_1_240' title='bbox 215 1818 265 1841; x_wconf 85' lang='lat' dir='ltr'>w.</span> <span class='ocrx_word' id='word_1_241' title='bbox 293 1825 339 1831; x_wconf 90' lang='lat'>-—</span> <span class='ocrx_word' id='word_1_242' title='bbox 365 1806 491 1848; x_wconf 73' lang='lat' dir='ltr'>Bruti,</span> <span class='ocrx_word' id='word_1_243' title='bbox 515 1805 575 1839; x_wconf 82' lang='lat' dir='ltr'>die</span> <span class='ocrx_word' id='word_1_244' title='bbox 601 1805 735 1839; x_wconf 83' lang='lat' dir='ltr'>beiden</span> <span class='ocrx_word' id='word_1_245' title='bbox 760 1804 883 1846; x_wconf 83' lang='lat' dir='ltr'>Bruti,</span> <span class='ocrx_word' id='word_1_246' title='bbox 909 1804 1088 1838; x_wconf 88' lang='lat' dir='ltr'>Decimus</span> <span class='ocrx_word' id='word_1_247' title='bbox 1115 1802 1192 1836; x_wconf 85' lang='lat' dir='ltr'>und</span> <span class='ocrx_word' id='word_1_248' title='bbox 1217 1805 1376 1837; x_wconf 79' lang='lat' dir='ltr'>Marcus.</span> <span class='ocrx_word' id='word_1_249' title='bbox 1410 1823 1458 1830; x_wconf 92' lang='lat'>—</span> <span class='ocrx_word' id='word_1_250' title='bbox 1487 1805 1593 1838; x_wconf 79' lang='lat' dir='ltr'>illius</span> <span class='ocrx_word' id='word_1_251' title='bbox 1609 1805 1717 1847; x_wconf 84' lang='lat' dir='ltr'>facti</span> 
     </span>
     <span class='ocr_line' id='line_1_30' title="bbox 213 1851 1713 1899; baseline -0.001 -11"><span class='ocrx_word' id='word_1_252' title='bbox 213 1854 330 1899; x_wconf 79' lang='lat' dir='ltr'>peric.</span> <span class='ocrx_word' id='word_1_253' title='bbox 357 1865 447 1895; x_wconf 68' lang='lat' dir='ltr'>soc„</span> <span class='ocrx_word' id='word_1_254' title='bbox 474 1854 569 1888; x_wconf 89' lang='lat' dir='ltr'>weil</span> <span class='ocrx_word' id='word_1_255' title='bbox 596 1852 661 1887; x_wconf 85' lang='lat' dir='ltr'>ich</span> <span class='ocrx_word' id='word_1_256' title='bbox 687 1853 798 1887; x_wconf 90' lang='lat' dir='ltr'>nicht</span> <span class='ocrx_word' id='word_1_257' title='bbox 823 1853 925 1886; x_wconf 88' lang='lat' dir='ltr'>bloss</span> <span class='ocrx_word' id='word_1_258' title='bbox 952 1853 1061 1886; x_wconf 85' lang='lat' dir='ltr'>iener</span> <span class='ocrx_word' id='word_1_259' title='bbox 1086 1851 1173 1886; x_wconf 84' lang='lat' dir='ltr'>ihre</span> <span class='ocrx_word' id='word_1_260' title='bbox 1199 1851 1302 1885; x_wconf 82' lang='lat' dir='ltr'>That</span> <span class='ocrx_word' id='word_1_261' title='bbox 1325 1852 1402 1885; x_wconf 79' lang='lat' dir='ltr'>und</span> <span class='ocrx_word' id='word_1_262' title='bbox 1421 1852 1568 1886; x_wconf 83' lang='lat' dir='ltr'>Gefahr</span> <span class='ocrx_word' id='word_1_263' title='bbox 1593 1853 1713 1887; x_wconf 71' lang='lat' dir='ltr'>theil-</span> 
     </span>
     <span class='ocr_line' id='line_1_31' title="bbox 215 1901 1715 1945; baseline -0.001 -8"><span class='ocrx_word' id='word_1_264' title='bbox 215 1909 266 1937; x_wconf 81' lang='lat' dir='ltr'>te.</span> <span class='ocrx_word' id='word_1_265' title='bbox 316 1903 385 1935; x_wconf 87' lang='lat' dir='ltr'>His</span> <span class='ocrx_word' id='word_1_266' title='bbox 412 1902 540 1936; x_wconf 84' lang='lat' dir='ltr'>verbis</span> <span class='ocrx_word' id='word_1_267' title='bbox 567 1901 752 1936; x_wconf 84' lang='lat' dir='ltr'>Lentulus</span> <span class='ocrx_word' id='word_1_268' title='bbox 787 1902 930 1934; x_wconf 78' lang='lat' dir='ltr'>fatetur</span> <span class='ocrx_word' id='word_1_269' title='bbox 956 1912 994 1934; x_wconf 81' lang='lat' dir='ltr'>se</span> <span class='ocrx_word' id='word_1_270' title='bbox 1031 1901 1073 1933; x_wconf 89' lang='lat' dir='ltr'>in</span> <span class='ocrx_word' id='word_1_271' title='bbox 1109 1910 1240 1934; x_wconf 87' lang='lat' dir='ltr'>eorum</span> <span class='ocrx_word' id='word_1_272' title='bbox 1273 1911 1432 1934; x_wconf 81' lang='lat' dir='ltr'>numero</span> <span class='ocrx_word' id='word_1_273' title='bbox 1475 1901 1604 1942; x_wconf 77' lang='lat' dir='ltr'>fuisse,</span> <span class='ocrx_word' id='word_1_274' title='bbox 1649 1902 1715 1945; x_wconf 88' lang='lat' dir='ltr'>qui</span> 
     </span>
     <span class='ocr_line' id='line_1_32' title="bbox 215 1948 1768 1997; baseline -0.001 -13"><span class='ocrx_word' id='word_1_275' title='bbox 215 1950 393 1984; x_wconf 79' lang='lat' dir='ltr'>adversus</span> <span class='ocrx_word' id='word_1_276' title='bbox 420 1951 561 1984; x_wconf 85' lang='lat' dir='ltr'>Iulium</span> <span class='ocrx_word' id='word_1_277' title='bbox 589 1949 785 1984; x_wconf 79' lang='lat' dir='ltr'>caesarem</span> <span class='ocrx_word' id='word_1_278' title='bbox 812 1948 1145 1993; x_wconf 79' lang='lat' dir='ltr'>conspiraverant3</span> <span class='ocrx_word' id='word_1_279' title='bbox 1183 1948 1253 1982; x_wconf 80' lang='lat' dir='ltr'>etsi</span> <span class='ocrx_word' id='word_1_280' title='bbox 1287 1948 1368 1982; x_wconf 87' lang='lat' dir='ltr'>eius</span> <span class='ocrx_word' id='word_1_281' title='bbox 1402 1959 1542 1982; x_wconf 85' lang='lat' dir='ltr'>nomen</span> <span class='ocrx_word' id='word_1_282' title='bbox 1572 1949 1617 1983; x_wconf 82' lang='lat' dir='ltr'>ab</span> <span class='ocrx_word' id='word_1_283' title='bbox 1654 1950 1716 1991; x_wconf 86' lang='lat' dir='ltr'>iis,</span> <span class='ocrx_word' id='word_1_284' title='bbox 1761 1984 1768 1997; x_wconf 44' lang='grc' dir='ltr'>ι</span> 
     </span>
     <span class='ocr_line' id='line_1_33' title="bbox 216 1995 1754 2043; baseline 0.001 -12"><span class='ocrx_word' id='word_1_285' title='bbox 216 1995 282 2043; x_wconf 85' lang='lat' dir='ltr'>qui</span> <span class='ocrx_word' id='word_1_286' title='bbox 308 1999 592 2032; x_wconf 84' lang='lat' dir='ltr'>coniuratorum</span> <span class='ocrx_word' id='word_1_287' title='bbox 618 1998 771 2032; x_wconf 79' lang='lat' dir='ltr'>nomina</span> <span class='ocrx_word' id='word_1_288' title='bbox 795 2002 1082 2037; x_wconf 76' lang='lat' dir='ltr'>recensuerunt,</span> <span class='ocrx_word' id='word_1_289' title='bbox 1107 1997 1359 2041; x_wconf 84' lang='lat' dir='ltr'>praeteritum</span> <span class='ocrx_word' id='word_1_290' title='bbox 1388 1996 1570 2031; x_wconf 88' lang='lat' dir='ltr'>videmus.</span> <span class='ocrx_word' id='word_1_291' title='bbox 1603 1998 1754 2033; x_wconf 45' lang='lat' dir='ltr'><em>SCHAE*</em></span> 
     </span>
     <span class='ocr_line' id='line_1_34' title="bbox 216 2044 1715 2093; baseline 0 -14"><span class='ocrx_word' id='word_1_292' title='bbox 216 2065 259 2071; x_wconf 91' lang='lat'>—--</span> <span class='ocrx_word' id='word_1_293' title='bbox 288 2047 490 2080; x_wconf 77' lang='lat' dir='ltr'>sedetiam</span> <span class='ocrx_word' id='word_1_294' title='bbox 525 2072 533 2080; x_wconf 91' lang='lat'><strong><em>.</em></strong></span> <span class='ocrx_word' id='word_1_295' title='bbox 563 2072 571 2079; x_wconf 95' lang='lat'><strong><em>.</em></strong></span> <span class='ocrx_word' id='word_1_296' title='bbox 612 2047 758 2083; x_wconf 75' lang='lat' dir='ltr'>virtute.</span> <span class='ocrx_word' id='word_1_297' title='bbox 808 2057 919 2089; x_wconf 84' lang='lat' dir='ltr'>quam</span> <span class='ocrx_word' id='word_1_298' title='bbox 961 2045 1152 2089; x_wconf 76' lang='lat' dir='ltr'>praestiti,</span> <span class='ocrx_word' id='word_1_299' title='bbox 1188 2050 1231 2093; x_wconf 69' lang='lat' dir='ltr'>ut</span> <span class='ocrx_word' id='word_1_300' title='bbox 1266 2044 1472 2078; x_wconf 86' lang='lat' dir='ltr'>incolumis</span> <span class='ocrx_word' id='word_1_301' title='bbox 1503 2051 1603 2079; x_wconf 85' lang='lat' dir='ltr'>esset</span> <span class='ocrx_word' id='word_1_302' title='bbox 1635 2057 1715 2080; x_wconf 85' lang='lat' dir='ltr'>res-</span> 
     </span>
     <span class='ocr_line' id='line_1_35' title="bbox 217 2092 1716 2140; baseline 0 -13"><span class='ocrx_word' id='word_1_303' title='bbox 217 2094 385 2140; x_wconf 80' lang='lat' dir='ltr'>publica,</span> <span class='ocrx_word' id='word_1_304' title='bbox 425 2094 589 2128; x_wconf 81' lang='lat' dir='ltr'>sondern</span> <span class='ocrx_word' id='word_1_305' title='bbox 613 2094 707 2128; x_wconf 86' lang='lat' dir='ltr'>weil</span> <span class='ocrx_word' id='word_1_306' title='bbox 733 2093 797 2127; x_wconf 85' lang='lat' dir='ltr'>ich</span> <span class='ocrx_word' id='word_1_307' title='bbox 824 2105 862 2127; x_wconf 84' lang='lat' dir='ltr'>es</span> <span class='ocrx_word' id='word_1_308' title='bbox 888 2092 986 2125; x_wconf 80' lang='lat' dir='ltr'>auch</span> <span class='ocrx_word' id='word_1_309' title='bbox 1014 2093 1087 2127; x_wconf 77' lang='lat' dir='ltr'>seit</span> <span class='ocrx_word' id='word_1_310' title='bbox 1121 2093 1228 2126; x_wconf 86' lang='lat' dir='ltr'>iener</span> <span class='ocrx_word' id='word_1_311' title='bbox 1254 2093 1342 2127; x_wconf 87' lang='lat' dir='ltr'>Zeit</span> <span class='ocrx_word' id='word_1_312' title='bbox 1372 2092 1509 2126; x_wconf 74' lang='lat' dir='ltr'>weder</span> <span class='ocrx_word' id='word_1_313' title='bbox 1530 2105 1578 2127; x_wconf 89' lang='lat' dir='ltr'>an</span> <span class='ocrx_word' id='word_1_314' title='bbox 1603 2093 1716 2128; x_wconf 83' lang='lat' dir='ltr'>Eifer</span> 
     </span>
     <span class='ocr_line' id='line_1_36' title="bbox 217 2140 1715 2187; baseline 0 -11"><span class='ocrx_word' id='word_1_315' title='bbox 217 2142 315 2177; x_wconf 87' lang='lat' dir='ltr'>noch</span> <span class='ocrx_word' id='word_1_316' title='bbox 343 2141 452 2176; x_wconf 80' lang='lat' dir='ltr'>Muth</span> <span class='ocrx_word' id='word_1_317' title='bbox 479 2143 542 2175; x_wconf 81' lang='lat' dir='ltr'>fiir</span> <span class='ocrx_word' id='word_1_318' title='bbox 567 2142 628 2176; x_wconf 86' lang='lat' dir='ltr'>die</span> <span class='ocrx_word' id='word_1_319' title='bbox 655 2140 848 2187; x_wconf 86' lang='lat' dir='ltr'>Republik</span> <span class='ocrx_word' id='word_1_320' title='bbox 873 2141 1004 2174; x_wconf 78' lang='lat' dir='ltr'>fehlen</span> <span class='ocrx_word' id='word_1_321' title='bbox 1028 2141 1126 2176; x_wconf 84' lang='lat' dir='ltr'>liess.</span> <span class='ocrx_word' id='word_1_322' title='bbox 1171 2154 1216 2165; x_wconf 88' lang='lat'>—-·</span> <span class='ocrx_word' id='word_1_323' title='bbox 1261 2142 1365 2183; x_wconf 79' lang='lat' dir='ltr'>leges</span> <span class='ocrx_word' id='word_1_324' title='bbox 1390 2141 1589 2183; x_wconf 71' lang='lat' dir='ltr'>Antonias,</span> <span class='ocrx_word' id='word_1_325' title='bbox 1624 2153 1715 2186; x_wconf 88' lang='lat' dir='ltr'>quas</span> 
     </span>
     <span class='ocr_line' id='line_1_37' title="bbox 217 2188 1716 2234; baseline 0 -10"><span class='ocrx_word' id='word_1_326' title='bbox 217 2191 353 2225; x_wconf 87' lang='lat' dir='ltr'>consul</span> <span class='ocrx_word' id='word_1_327' title='bbox 376 2192 425 2224; x_wconf 81' lang='lat' dir='ltr'>M.</span> <span class='ocrx_word' id='word_1_328' title='bbox 453 2190 639 2224; x_wconf 85' lang='lat' dir='ltr'>Antonius</span> <span class='ocrx_word' id='word_1_329' title='bbox 665 2191 821 2229; x_wconf 75' lang='lat' dir='ltr'>tulerat,</span> <span class='ocrx_word' id='word_1_330' title='bbox 849 2189 983 2234; x_wconf 86' lang='lat' dir='ltr'>quibus</span> <span class='ocrx_word' id='word_1_331' title='bbox 1011 2188 1099 2222; x_wconf 38' lang='lat' dir='ltr'>rata*</span> <span class='ocrx_word' id='word_1_332' title='bbox 1118 2190 1275 2230; x_wconf 81' lang='lat' dir='ltr'>fecerat,</span> <span class='ocrx_word' id='word_1_333' title='bbox 1302 2199 1396 2233; x_wconf 85' lang='lat' dir='ltr'>quae</span> <span class='ocrx_word' id='word_1_334' title='bbox 1421 2195 1528 2222; x_wconf 79' lang='lat' dir='ltr'>erant</span> <span class='ocrx_word' id='word_1_335' title='bbox 1552 2196 1616 2222; x_wconf 73' lang='lat' dir='ltr'>auf</span> <span class='ocrx_word' id='word_1_336' title='bbox 1637 2201 1716 2224; x_wconf 82' lang='lat' dir='ltr'>esse</span> 
     </span>
     <span class='ocr_line' id='line_1_38' title="bbox 218 2236 1757 2287; baseline 0 -15"><span class='ocrx_word' id='word_1_337' title='bbox 218 2239 461 2287; x_wconf 78' lang='lat' dir='ltr'>fingebantur</span> <span class='ocrx_word' id='word_1_338' title='bbox 488 2239 528 2270; x_wconf 89' lang='lat' dir='ltr'>in</span> <span class='ocrx_word' id='word_1_339' title='bbox 554 2238 647 2272; x_wconf 84' lang='lat' dir='ltr'>actis</span> <span class='ocrx_word' id='word_1_340' title='bbox 673 2238 856 2279; x_wconf 82' lang='lat' dir='ltr'>Caesaris,</span> <span class='ocrx_word' id='word_1_341' title='bbox 895 2237 1002 2285; x_wconf 78' lang='lat' dir='ltr'>leges</span> <span class='ocrx_word' id='word_1_342' title='bbox 1036 2247 1186 2281; x_wconf 83' lang='lat' dir='ltr'>quoque</span> <span class='ocrx_word' id='word_1_343' title='bbox 1220 2236 1261 2269; x_wconf 84' lang='lat' dir='ltr'>in</span> <span class='ocrx_word' id='word_1_344' title='bbox 1287 2236 1458 2271; x_wconf 83' lang='lat' dir='ltr'>Caesaris</span> <span class='ocrx_word' id='word_1_345' title='bbox 1492 2237 1716 2272; x_wconf 80' lang='lat' dir='ltr'>interfecto·</span> <span class='ocrx_word' id='word_1_346' title='bbox 1753 2238 1757 2239; x_wconf 47' lang='lat'><em>⁷</em></span> 
     </span>
     <span class='ocr_line' id='line_1_39' title="bbox 218 2284 1713 2329; baseline 0 -8"><span class='ocrx_word' id='word_1_347' title='bbox 218 2300 291 2322; x_wconf 83' lang='lat' dir='ltr'>res.</span> <span class='ocrx_word' id='word_1_348' title='bbox 322 2304 362 2312; x_wconf 92' lang='lat'>-</span> <span class='ocrx_word' id='word_1_349' title='bbox 385 2286 516 2328; x_wconf 77' lang='lat' dir='ltr'>fregi,</span> <span class='ocrx_word' id='word_1_350' title='bbox 545 2286 691 2329; x_wconf 80' lang='lat' dir='ltr'>everti3</span> <span class='ocrx_word' id='word_1_351' title='bbox 717 2284 926 2327; x_wconf 80' lang='lat' dir='ltr'>zerbrach;</span> <span class='ocrx_word' id='word_1_352' title='bbox 961 2285 1055 2318; x_wconf 85' lang='lat' dir='ltr'>weil</span> <span class='ocrx_word' id='word_1_353' title='bbox 1081 2284 1136 2318; x_wconf 86' lang='lat' dir='ltr'>sie</span> <span class='ocrx_word' id='word_1_354' title='bbox 1161 2284 1317 2325; x_wconf 75' lang='lat' dir='ltr'>Fesseln</span> <span class='ocrx_word' id='word_1_355' title='bbox 1343 2284 1411 2317; x_wconf 77' lang='lat' dir='ltr'>der</span> <span class='ocrx_word' id='word_1_356' title='bbox 1437 2284 1613 2326; x_wconf 78' lang='lat' dir='ltr'>Freiheit</span> <span class='ocrx_word' id='word_1_357' title='bbox 1637 2299 1713 2321; x_wconf 82' lang='lat' dir='ltr'>wa·</span> 
     </span>
     <span class='ocr_line' id='line_1_40' title="bbox 218 2331 1715 2380; baseline -0.001 -11"><span class='ocrx_word' id='word_1_358' title='bbox 218 2348 304 2371; x_wconf 82' lang='lat' dir='ltr'>ren.</span> <span class='ocrx_word' id='word_1_359' title='bbox 357 2335 533 2377; x_wconf 81' lang='lat' dir='ltr'>„Primus</span> <span class='ocrx_word' id='word_1_360' title='bbox 560 2341 691 2368; x_wconf 80' lang='lat' dir='ltr'>contra</span> <span class='ocrx_word' id='word_1_361' title='bbox 718 2346 777 2368; x_wconf 84' lang='lat' dir='ltr'>eas</span> <span class='ocrx_word' id='word_1_362' title='bbox 803 2335 928 2367; x_wconf 73' lang='lat' dir='ltr'>facere</span> <span class='ocrx_word' id='word_1_363' title='bbox 955 2344 1062 2365; x_wconf 82' lang='lat' dir='ltr'>ausus</span> <span class='ocrx_word' id='word_1_364' title='bbox 1081 2331 1209 2367; x_wconf 84' lang='lat' dir='ltr'>sum.“</span> <span class='ocrx_word' id='word_1_365' title='bbox 1258 2332 1469 2380; x_wconf 81' lang='lat' dir='ltr'>Abrogavit</span> <span class='ocrx_word' id='word_1_366' title='bbox 1482 2333 1586 2373; x_wconf 79' lang='lat' dir='ltr'>enim</span> <span class='ocrx_word' id='word_1_367' title='bbox 1599 2335 1715 2375; x_wconf 77' lang='lat' dir='ltr'>Pansa</span> 
     </span>
     <span class='ocr_line' id='line_1_41' title="bbox 219 2380 1716 2426; baseline 0.001 -11"><span class='ocrx_word' id='word_1_368' title='bbox 219 2383 367 2426; x_wconf 83' lang='lat' dir='ltr'>consul,</span> <span class='ocrx_word' id='word_1_369' title='bbox 393 2394 467 2418; x_wconf 82' lang='lat' dir='ltr'>non</span> <span class='ocrx_word' id='word_1_370' title='bbox 492 2382 686 2423; x_wconf 84' lang='lat' dir='ltr'>Lentulus,</span> <span class='ocrx_word' id='word_1_371' title='bbox 714 2394 733 2415; x_wconf 81' lang='lat' dir='ltr'>e</span> <span class='ocrx_word' id='word_1_372' title='bbox 760 2380 947 2417; x_wconf 75' lang='lat' dir='ltr'>sententia</span> <span class='ocrx_word' id='word_1_373' title='bbox 974 2380 1181 2414; x_wconf 85' lang='lat' dir='ltr'>Ciceronis.</span> <span class='ocrx_word' id='word_1_374' title='bbox 1222 2380 1387 2426; x_wconf 87' lang='lat' dir='ltr'>Philipp.</span> <span class='ocrx_word' id='word_1_375' title='bbox 1414 2382 1457 2414; x_wconf 88' lang='lat' dir='ltr'>V.</span> <span class='ocrx_word' id='word_1_376' title='bbox 1484 2393 1517 2415; x_wconf 92' lang='lat' dir='ltr'>c.</span> <span class='ocrx_word' id='word_1_377' title='bbox 1546 2382 1579 2415; x_wconf 79' lang='lat'>4.</span> <span class='ocrx_word' id='word_1_378' title='bbox 1613 2383 1716 2419; x_wconf 80' lang='lat' dir='ltr'>MA-</span> 
     </span>
    </p>
   </div>
   <div class='ocr_carea' id='block_1_5' title="bbox 219 2429 1717 2572">
    <p class='ocr_par' dir='ltr' id='par_1_5' title="bbox 219 2429 1717 2572">
     <span class='ocr_line' id='line_1_42' title="bbox 219 2429 1717 2476; baseline -0.002 -12"><span class='ocrx_word' id='word_1_379' title='bbox 219 2432 337 2468; x_wconf 86' lang='lat' dir='ltr'><em>NUT.</em></span> <span class='ocrx_word' id='word_1_380' title='bbox 381 2449 421 2455; x_wconf 91' lang='lat'>—</span> <span class='ocrx_word' id='word_1_381' title='bbox 462 2431 611 2464; x_wconf 62' lang='lat' dir='ltr'>traduxi</span> <span class='ocrx_word' id='word_1_382' title='bbox 635 2430 891 2464; x_wconf 76' lang='lat' dir='ltr'>abalienatum</span> <span class='ocrx_word' id='word_1_383' title='bbox 917 2441 937 2461; x_wconf 83' lang='lat' dir='ltr'>a</span> <span class='ocrx_word' id='word_1_384' title='bbox 963 2429 1173 2463; x_wconf 79' lang='lat' dir='ltr'>Dolabella.</span> <span class='ocrx_word' id='word_1_385' title='bbox 1215 2447 1257 2453; x_wconf 88' lang='lat'><em>-</em></span> <span class='ocrx_word' id='word_1_386' title='bbox 1295 2429 1473 2469; x_wconf 74' lang='lat' dir='ltr'>delectus,</span> <span class='ocrx_word' id='word_1_387' title='bbox 1515 2429 1717 2476; x_wconf 81' lang='lat' dir='ltr'>Truppen-</span> 
     </span>
     <span class='ocr_line' id='line_1_43' title="bbox 219 2475 1716 2526; baseline 0 -13"><span class='ocrx_word' id='word_1_388' title='bbox 219 2480 448 2523; x_wconf 77' lang='lat' dir='ltr'>anshebung,</span> <span class='ocrx_word' id='word_1_389' title='bbox 475 2478 740 2526; x_wconf 83' lang='lat' dir='ltr'>Werbungen.</span> <span class='ocrx_word' id='word_1_390' title='bbox 764 2476 1006 2519; x_wconf 68' lang='lat' dir='ltr'>-coniunxz&#39;,</span> <span class='ocrx_word' id='word_1_391' title='bbox 1033 2475 1251 2524; x_wconf 77' lang='lat' dir='ltr'>zugefiihrt.</span> <span class='ocrx_word' id='word_1_392' title='bbox 1298 2477 1487 2511; x_wconf 83' lang='lat' dir='ltr'>Antonius</span> <span class='ocrx_word' id='word_1_393' title='bbox 1510 2477 1618 2513; x_wconf 76' lang='lat' dir='ltr'>hatte</span> <span class='ocrx_word' id='word_1_394' title='bbox 1643 2479 1716 2518; x_wconf 74' lang='lat' dir='ltr'>den</span> 
     </span>
     <span class='ocr_line' id='line_1_44' title="bbox 220 2524 1716 2572; baseline -0.001 -10"><span class='ocrx_word' id='word_1_395' title='bbox 220 2528 369 2562; x_wconf 79' lang='lat' dir='ltr'>Cassius</span> <span class='ocrx_word' id='word_1_396' title='bbox 414 2538 489 2561; x_wconf 88' lang='lat' dir='ltr'>von</span> <span class='ocrx_word' id='word_1_397' title='bbox 536 2527 604 2560; x_wconf 82' lang='lat' dir='ltr'>der</span> <span class='ocrx_word' id='word_1_398' title='bbox 646 2526 805 2560; x_wconf 86' lang='lat' dir='ltr'>Provinz</span> <span class='ocrx_word' id='word_1_399' title='bbox 850 2525 992 2569; x_wconf 84' lang='lat' dir='ltr'>Syrien</span> <span class='ocrx_word' id='word_1_400' title='bbox 1045 2524 1368 2572; x_wconf 75' lang='lat' dir='ltr'>ausgeschlossen,</span> <span class='ocrx_word' id='word_1_401' title='bbox 1422 2543 1465 2550; x_wconf 92' lang='lat'>-</span> <span class='ocrx_word' id='word_1_402' title='bbox 1512 2526 1716 2569; x_wconf 69' lang='lat' dir='ltr'>praesidia,</span> 
     </span>
    </p>
   </div>
   <div class='ocr_carea' id='block_1_6' title="bbox 221 2573 1715 2671">
    <p class='ocr_par' dir='ltr' id='par_1_6' title="bbox 221 2573 1715 2671">
     <span class='ocr_line' id='line_1_45' title="bbox 221 2573 1715 2615; baseline -0.001 -6"><span class='ocrx_word' id='word_1_403' title='bbox 221 2575 482 2614; x_wconf 72' lang='lat' dir='ltr'>Schutzheer5</span> <span class='ocrx_word' id='word_1_404' title='bbox 508 2574 676 2608; x_wconf 76' lang='lat' dir='ltr'>n&#39;a&#39;mlich</span> <span class='ocrx_word' id='word_1_405' title='bbox 703 2574 764 2608; x_wconf 88' lang='lat' dir='ltr'>die</span> <span class='ocrx_word' id='word_1_406' title='bbox 778 2573 946 2607; x_wconf 78' lang='lat' dir='ltr'>Reiterei</span> <span class='ocrx_word' id='word_1_407' title='bbox 972 2573 1257 2615; x_wconf 77' lang='lat' dir='ltr'>desDolabella,</span> <span class='ocrx_word' id='word_1_408' title='bbox 1282 2573 1344 2608; x_wconf 87' lang='lat' dir='ltr'>die</span> <span class='ocrx_word' id='word_1_409' title='bbox 1371 2585 1411 2609; x_wconf 85' lang='lat' dir='ltr'>er</span> <span class='ocrx_word' id='word_1_410' title='bbox 1436 2573 1562 2611; x_wconf 82' lang='lat' dir='ltr'>durch</span> <span class='ocrx_word' id='word_1_411' title='bbox 1589 2574 1715 2608; x_wconf 84' lang='lat' dir='ltr'>reich—</span> 
     </span>
     <span class='ocr_line' id='line_1_46' title="bbox 221 2621 1185 2671; baseline -0.004 -13"><span class='ocrx_word' id='word_1_412' title='bbox 221 2624 324 2658; x_wconf 86' lang='lat' dir='ltr'>liche</span> <span class='ocrx_word' id='word_1_413' title='bbox 353 2623 531 2669; x_wconf 80' lang='lat' dir='ltr'>Spendon</span> <span class='ocrx_word' id='word_1_414' title='bbox 558 2634 776 2671; x_wconf 80' lang='lat' dir='ltr'>gewonnen</span> <span class='ocrx_word' id='word_1_415' title='bbox 802 2634 849 2655; x_wconf 90' lang='lat' dir='ltr'>zu</span> <span class='ocrx_word' id='word_1_416' title='bbox 875 2621 999 2655; x_wconf 82' lang='lat' dir='ltr'>haben</span> <span class='ocrx_word' id='word_1_417' title='bbox 1027 2621 1185 2655; x_wconf 81' lang='lat' dir='ltr'>scheint.</span> 
     </span>
    </p>
   </div>
   <div class='ocr_carea' id='block_1_7' title="bbox 223 2689 1717 2784">
    <p class='ocr_par' dir='ltr' id='par_1_7' title="bbox 223 2689 1717 2784">
     <span class='ocr_line' id='line_1_47' title="bbox 318 2689 1717 2734; baseline -0.001 -9"><span class='ocrx_word' id='word_1_418' title='bbox 318 2694 350 2726; x_wconf 88' lang='lat'>7.</span> <span class='ocrx_word' id='word_1_419' title='bbox 403 2691 561 2734; x_wconf 81' lang='lat' dir='ltr'>z&#39;s..qui.</span> <span class='ocrx_word' id='word_1_420' title='bbox 579 2702 708 2728; x_wconf 82' lang='lat' dir='ltr'>.eram,</span> <span class='ocrx_word' id='word_1_421' title='bbox 734 2690 787 2723; x_wconf 82' lang='lat' dir='ltr'>als</span> <span class='ocrx_word' id='word_1_422' title='bbox 814 2690 876 2723; x_wconf 87' lang='lat' dir='ltr'>ein</span> <span class='ocrx_word' id='word_1_423' title='bbox 902 2691 1026 2729; x_wconf 78' lang='lat' dir='ltr'>Manu,</span> <span class='ocrx_word' id='word_1_424' title='bbox 1054 2689 1140 2723; x_wconf 82' lang='lat' dir='ltr'>der.</span> <span class='ocrx_word' id='word_1_425' title='bbox 1160 2701 1278 2724; x_wconf 68' lang='lat' dir='ltr'>‚wan</span> <span class='ocrx_word' id='word_1_426' title='bbox 1330 2692 1407 2724; x_wconf 82' lang='lat' dir='ltr'>Der</span> <span class='ocrx_word' id='word_1_427' title='bbox 1433 2690 1572 2724; x_wconf 77' lang='lat' dir='ltr'>R&#39;dmer</span> <span class='ocrx_word' id='word_1_428' title='bbox 1598 2690 1717 2725; x_wconf 83' lang='lat' dir='ltr'>bleibt</span> 
     </span>
     <span class='ocr_line' id='line_1_48' title="bbox 223 2738 1716 2784; baseline -0.001 -11"><span class='ocrx_word' id='word_1_429' title='bbox 223 2753 261 2773; x_wconf 60' lang='lat' dir='ltr'>in</span> <span class='ocrx_word' id='word_1_430' title='bbox 289 2741 355 2774; x_wconf 80' lang='lat' dir='ltr'>der</span> <span class='ocrx_word' id='word_1_431' title='bbox 383 2746 508 2773; x_wconf 76' lang='lat' dir='ltr'>ersten</span> <span class='ocrx_word' id='word_1_432' title='bbox 523 2741 658 2773; x_wconf 75' lang='lat' dir='ltr'>Person</span> <span class='ocrx_word' id='word_1_433' title='bbox 685 2739 748 2772; x_wconf 74' lang='lat' dir='ltr'>des</span> <span class='ocrx_word' id='word_1_434' title='bbox 775 2739 904 2774; x_wconf 85' lang='lat' dir='ltr'>Verbi.</span> <span class='ocrx_word' id='word_1_435' title='bbox 936 2760 976 2764; x_wconf 74' lang='lat'><em>—</em></span> <span class='ocrx_word' id='word_1_436' title='bbox 1006 2738 1138 2780; x_wconf 38' lang='lat' dir='ltr'>bcnch</span> <span class='ocrx_word' id='word_1_437' title='bbox 1165 2738 1287 2773; x_wconf 85' lang='lat' dir='ltr'>durch</span> <span class='ocrx_word' id='word_1_438' title='bbox 1314 2738 1400 2772; x_wconf 82' lang='lat' dir='ltr'>ihre</span> <span class='ocrx_word' id='word_1_439' title='bbox 1427 2738 1716 2784; x_wconf 69' lang='lat' dir='ltr'>Verwendung2</span> 
     </span>
    </p>
   </div>
  </div>
 </body>
</html>
