1795 3086
179 51 242 101 56
457 50 520 93 M.
551 49 608 94 Τ.
640 46 981 95 CICERONIS
1010 46 1386 93 EPISTOLAE.

182 163 275 206 Hic
303 176 474 206 mecum
504 162 689 214 Balbus,
727 160 924 212 Hirtius,
962 160 1125 203 Pansa.
1184 159 1324 202 Modo
1363 159 1487 202 venit
1525 159 1664 202 Octa-

184 221 284 262 vius
313 224 358 261 et
388 218 569 275 quidem
598 219 644 258 in
674 217 923 272 proximam
953 218 1112 259 villam
1141 216 1363 272 Philippi,
1402 216 1517 257 mihi
1546 221 1666 258 totus

184 275 377 373 degitus.
434 274 652 315 Lentulus
689 272 905 329 Spinther
944 272 1082 314 hodie
1122 273 1239 327 apud
1280 286 1372 314 me:
1412 285 1512 315 cras
1541 286 1669 315 mane

367 491 684 539 EPISTOLA
714 494 951 537 DCXCII.
1009 495 1087 548 (ad
1116 495 1210 537 Att.
1240 493 1374 537 XIV.
1405 493 1494 543 12.)

306 578 309 580 “
354 570 434 605 Scr.
459 571 624 606 Puteolis
648 571 690 605 X.
717 571 801 606 Kal.
828 570 913 605 Mai.
940 572 981 606 A.
1010 571 1054 605 U.
1083 571 1123 606 C.
1151 572 1232 606 710.
1283 572 1331 612 (a.
1359 569 1401 604 C·
1424 569 1501 612 44.)

188 636 416 684 Indignatur
440 637 560 671 multa
587 637 690 682 quasi
719 649 764 671 ex
791 637 952 672 decretis
980 636 1148 671 Caesaris
1183 637 1228 671 ab
1254 637 1421 672 Antonio
1447 635 1553 678 fieri3
1586 646 1672 681 spe·

188 691 248 720 rat
272 691 398 721 tamen
426 697 468 721 eo
495 686 614 730 magis
641 686 687 720 de
705 685 916 720 Buthrotiis
944 685 1081 719 confici
1106 696 1228 730 posse.
1277 685 1422 720 Deinde
1448 683 1494 718 de
1517 683 1672 719 Octavio

591 739 629 768 et
654 734 866 768 consulibus
894 733 1112 782 designatis.
1147 735 1165 768 1
1181 735 1268 769 —3.

701 819 879 856 CICERO
915 818 1098 854 ATTICO
1133 817 1170 852 S.

300 887 342 929 O
373 888 434 929 mi
463 887 630 940 Attice,
659 901 836 941 vereor,
865 900 920 928 ne
947 886 1074 928 nobis
1097 886 1207 928 Idus
1234 884 1428 928 Martiae
1448 885 1565 928 nihil
1594 885 1674 927 de-

190 943 340 984 derint
368 949 547 998 praeter
575 945 794 985 laetitiam
825 947 870 984 et
900 943 995 984 odii
1017 956 1202 998 poenam
1222 956 1276 984 ac
1305 941 1488 984 doloris.
1548 941 1675 992 Quae

189 998 305 1040 mihi
334 998 470 1042 istinc
500 1001 773 1041 afferuntur?
821 998 948 1049 Quae
978 998 1055 1040 hic
1083 999 1244 1041 video?
1275 997 1328 1038 Ὤ
1354 995 1532 1048 πράξεως
1558 1000 1677 1048 καλῆς

189 1055 273 1105 μὲν,
302 1052 464 1099 ἀτελοῦς
493 1058 554 1097 ὁέῐ
594 1055 709 1103 Scis,
737 1069 869 1110 quam
899 1055 1090 1109 diligam
1120 1054 1296 1095 Siculos
1327 1059 1372 1096 et
1391 1067 1524 1109 quam
1546 1052 1676 1094 illam

191 1111 450 1151 clientelam
479 1110 713 1152 honestam
744 1111 957 1152 iudicem.
1016 1109 1166 1151 Multa
1194 1110 1292 1151 illis
1321 1111 1504 1162 Caesar,
1532 1122 1677 1164 neque

190 1179 261 1207 me
301 1167 469 1207 invito:
530 1168 616 1207 etsi
655 1166 884 1208 Latinitas
924 1171 1020 1208 erat
1057 1179 1146 1207 non
1186 1165 1394 1207 ferenda:
1451 1169 1678 1207 verumta-

190 1235 384 1263 men....
443 1222 564 1264 Ecce
595 1226 740 1264 autem
779 1222 1014 1273 Antonius,
1054 1225 1241 1277 accepta
1280 1221 1441 1276 grandi
1470 1221 1678 1276 pecunia,

190 1277 301 1318 fixit
338 1278 482 1332 legem
513 1292 539 1319 a
569 1278 792 1320 dictatore
832 1278 1028 1320 comitiis
1069 1279 1217 1330 latam,
1257 1291 1346 1332 qua
1376 1277 1524 1318 Siculi
1553 1277 1677 1318 cives

191 1332 412 1375 Romani:
445 1334 571 1375 cuius
602 1334 683 1387 rei,
712 1336 818 1376 vivo
850 1335 950 1387 illo,
984 1333 1151 1375 mentio
1181 1335 1319 1375 nulla.
1379 1333 1529 1383 Quid?
1584 1332 1677 1373 De-

190 1389 330 1434 iotari
377 1390 521 1430 nostri
571 1403 705 1431 causa
752 1404 839 1431 non
883 1390 1076 1431 similis?
1142 1389 1320 1444 Dignus
1365 1390 1448 1430 ille
1496 1389 1679 1443 quidem

193 1444 315 1486 omni
354 1458 508 1500 regno,
556 1446 637 1487 sed
674 1459 761 1488 non
798 1459 880 1501 per
918 1446 1141 1488 Fulviam.
1216 1446 1445 1487 Sexcenta
1493 1443 1676 1486 similia.

192 1600 302 1638 sogar
326 1589 427 1624 noch
453 1588 741 1637 eintr'aglicher.
793 1588 878 1636 Vgl.
908 1600 964 1635 ep.
994 1589 1076 1630 689,
1105 1593 1143 1625 1:
1170 1595 1239 1631 „ut
1263 1589 1336 1624 hoc
1363 1588 1541 1623 damnum
1569 1599 1683 1633 quae-

193 1645 360 1673 stuosum
387 1639 476 1672 sit.“
527 1638 600 1672 Eas
628 1639 727 1672 enim
755 1638 926 1672 tabernas
953 1638 1005 1671 ita
1030 1639 1200 1673 aedifico.
1239 1655 1282 1660 —-
1325 1638 1410 1677 Hic,
1435 1637 1609 1672 Asturae.
1635 1655 1681 1662 —

192 1686 328 1722 Pansa.
364 1686 453 1734 Vgl.
482 1698 539 1731 ep.
567 1688 648 1728 689,
678 1688 709 1722 2.
737 1688 771 1721 3.
824 1686 911 1719 Alle
939 1685 1022 1719 drei
1050 1685 1298 1721 bekanntlich
1324 1685 1568 1734 vormahlige
1587 1685 1682 1718 Ver-

193 1740 318 1769 traute
341 1726 408 1768 (les
431 1734 573 1778 C‘a'sars,
601 1734 690 1768 aber
715 1734 828 1768 keine
854 1734 1030 1768 Freunde
1054 1735 1118 1769 des
1139 1734 1344 1778 Antonius;
1372 1733 1491 1768 daher
1517 1734 1572 1767 sie
1597 1733 1682 1767 sich

195 1783 335 1816 immer
360 1782 511 1817 starker
535 1784 602 1816 auf
623 1782 686 1816 die
713 1781 814 1816 Seite
839 1781 906 1815 ‹ler
932 1782 1146 1828 Optimaten
1174 1783 1340 1830 neigten.
1384 1800 1426 1806 -
1475 1780 1682 1826 proximam

192 1830 310 1865 villae
335 1841 450 1866 meae.
479 1849 522 1855 -
548 1829 729 1876 Philippi,
755 1829 821 1874 qui
846 1830 1008 1864 vitricus
1034 1838 1115 1865 erat
1141 1831 1298 1866 Octavii.
1349 1829 1435 1874 Vgl.
1461 1841 1516 1875 ep.
1543 1831 1626 1873 69⁰,
1647 1831 1682 1865 3.

197 1898 242 1905 -
279 1878 452 1912 Lentulus
477 1877 664 1923 Spinther,
695 1879 800 1912 filius
835 1878 926 1918 eius,
963 1879 1027 1924 qui
1061 1880 1191 1914 consul
1224 1878 1270 1912 ad
1299 1884 1469 1912 senatum
1495 1878 1684 1912 retulerat

196 1926 242 1961 de
270 1926 452 1961 Cicerone
480 1927 702 1964 revocando.
729 1926 838 1962 SCH.
881 1926 921 1963 S.
948 1939 996 1960 zu
1021 1939 1079 1973 ep.
1106 1928 1175 1964 843
1200 1927 1254 1960 im
1279 1927 1366 1960 Anf.
1395 1944 1440 1951 —
1466 1926 1569 1960 vadit
1594 1937 1684 1972 pro-

196 1981 375 2022 quaestor
399 1975 438 2008 in
466 1975 603 2009 Asiam.

294 2044 326 2077 1.
353 2042 444 2076 Idus
468 2042 640 2077 ,Martiae
666 2057 715 2074 z
742 2042 870 2077 caedes
899 2042 1080 2078 Caesaris.
1108 2062 1152 2068 —
1185 2038 1339 2086 praeter
1366 2069 1375 2078 .
1403 2067 1412 2075 .
1439 2041 1594 2085 doloris,
1629 2041 1684 2075 als

196 2090 259 2125 die
285 2090 433 2124 Freude
459 2090 522 2124 des
545 2091 808 2139 Augenblicks
835 2102 997 2125 unseren
1031 2091 1124 2125 Hass
1160 2090 1367 2139 befriedigt
1400 2090 1476 2123 und
1500 2091 1566 2123 fiir
1590 2089 1686 2124 alles

196 2138 408 2173 Erduldete
434 2137 563 2172 Rache
589 2150 818 2187 genommen
844 2151 891 2173 zu
915 2138 1048 2172 haben.
1097 2140 1243 2182 plenam
1269 2150 1340 2184 pro
1365 2149 1513 2182 poenam
1540 2137 1684 2173 Vict-2.

200 2187 297 2221 coni.
312 2187 419 2232 prob.
434 2187 530 2220 Lall.
550 2187 696 2227 (Codici
714 2187 899 2222 tribuitur
914 2187 953 2220 in
972 2188 1152 2229 m.158.1).
1181 2187 1310 2220 OR.-
1335 2186 1435 2220 istim
1463 2186 1535 2220 Md.
1554 2185 1685 2219 Lamb.

199 2246 269 2281 pro
288 2235 406 2269 istinc.
435 2234 519 2269 Vid.
533 2236 657 2269 Moser
677 2235 723 2268 ad
738 2236 892 2269 Tuscul.
907 2236 977 2277 ΙΙΙ,
994 2236 1029 2276 9,
1044 2237 1096 2270 18.
1114 2247 1148 2268 u.
1159 2247 1206 2269 zu
1219 2246 1276 2279 ep.
1291 2236 1392 2277 19‚4.
1423 2254 1462 2260 —
1485 2231 1531 2268 Ὤ,
1554 2246 1622 2277 πρ.
1650 2246 1682 2268 κ.

199 2295 249 2327 μ.,
276 2280 337 2318 ἅτ.
365 2281 411 2321 δ.,
447 2283 521 2317 wie
549 2282 712 2326 Schade,
736 2284 817 2317 dass
835 2284 918 2317 eine
945 2294 984 2316 so
1010 2282 1151 2317 schssne
1172 2282 1273 2316 That
1291 2282 1541 2317 unvollendct
1566 2281 1683 2316 blieb!

200 2332 232 2362 V
263 2331 291 2365 l.
308 2343 364 2377 ep.
379 2333 460 2373 690,
476 2334 512 2365 1:
540 2331 603 2365 Dii
617 2331 867 2373 immortales,
888 2342 981 2374 quae
994 2337 1075 2365 tum
1091 2342 1201 2376 opera
1216 2330 1320 2364 effici
1337 2336 1543 2376 potuerunt
1555 2336 1627 2365 cet.
1643 2347 1684 2354 -

200 2344 327 2415 Ιῑῗαῐία
348 2379 428 2413 illis
440 2379 587 2413 tribuit.
606 2397 647 2403 -—
676 2379 861 2413 Latinitas
883 2378 905 2411 i.
921 2390 951 2412 e.
975 2378 1032 2411 ius
1045 2379 1144 2420 Latii
1166 2390 1185 2412 a
1200 2379 1356 2413 Caesare
1373 2378 1514 2412 Siculis
1533 2389 1686 2412 conces-

203 2439 356 2461 sum.—
379 2431 625 2460 verumtamen
642 2427 723 2460 scil.
738 2427 881 2461 hocilli
897 2426 952 2460 sic
967 2427 1120 2472 placuit,
1133 2438 1202 2461 nec
1222 2427 1359 2461 licebat
1377 2427 1565 2461 resistere.
1578 2426 1686 2461 SCH.

201 2475 455 2521 Aposiopesis.
485 2494 528 2499 —-
556 2479 711 2519 accepta
737 2488 756 2508 a
784 2475 935 2509 Siculis.
963 2494 1007 2499 —-
1040 2473 1133 2515 fixit
1161 2500 1169 2508 .
1197 2500 1205 2508 .
1232 2476 1349 2517 legem
1376 2476 1487 2508 latam
1512 2474 1537 2508 i.
1565 2485 1596 2508 e.
1622 2486 1687 2520 pa-

204 2523 280 2557 lam
308 2524 434 2570 legem
462 2522 501 2555 in
527 2534 635 2557 aerea
660 2524 787 2557 tabula
812 2523 973 2556 incisam
999 2523 1122 2557 affixit
1147 2523 1253 2566 quasi
1278 2535 1297 2556 a
1323 2523 1507 2557 dictatore
1530 2522 1688 2557 Caesare

202 2571 243 2604 in
270 2572 438 2605 comitiis
465 2571 594 2608 latam,
634 2582 705 2614 qua
732 2572 874 2605 Siculis
910 2571 1105 2605 civitatem
1130 2571 1332 2606 Romanam
1360 2571 1482 2605 datam
1511 2581 1589 2604 esse
1616 2569 1689 2603 im-

201 2619 390 2665 pudenter
416 2619 681 2653 mentiebatur.
739 2620 845 2653 Fixit
880 2625 1005 2652 autem
1038 2619 1137 2653 hanc
1171 2619 1333 2653 tabulam
1367 2626 1409 2654 ut
1436 2619 1573 2652 multas
1597 2617 1689 2652 alias

204 2667 391 2701 eiusmodi
418 2668 457 2700 in
485 2667 685 2713 Capitolio.
712 2668 794 2701 Vid.
821 2666 991 2712 Philipp.
1018 2667 1070 2707 ΙΙ,
1097 2669 1154 2702 36.
1182 2667 1291 2701 SCH.
1336 2687 1378 2693 -—
1429 2666 1562 2700 mentio
1588 2667 1691 2699 nulla

204 2717 304 2750 facta
333 2721 424 2749 erat.
468 2736 506 2741 ψ-
545 2727 611 2760 per
641 2715 820 2758 Fulviam,
848 2715 1015 2760 primuni
1042 2717 1075 2749 P.
1106 2715 1245 2758 Clodii,
1271 2715 1407 2750 deinde
1435 2716 1475 2750 C.
1503 2714 1694 2756 Curionis,
