1795 3086
233 39 318 87 14⁷1
509 42 569 85 M.
601 42 655 85 T.
687 40 1023 86 CICERONIS
1053 45 1419 90 EPISTOLAE.

230 154 460 196 Plaetorio
488 154 632 196 vicino
661 157 734 195 tuo
763 154 1022 208 permoleste
1051 156 1131 195 tuli
1169 159 1432 212 quemquam.
1459 159 1582 214 *prius
1616 174 1696 202 -aua

229 211 346 252 disse
374 224 502 265 quam
530 223 610 251 me.
678 210 750 250 De
787 208 906 264 Syro
942 211 1190 263 prudenter.
1223 237 1225 240 -
1256 213 1307 254 L.
1346 215 1582 256 Antonium
1609 231 1697 270 :per

230 265 301 308 M.
331 266 542 318 fratrem,
581 268 630 305 ut
667 266 882 317 arbitror,
931 265 1155 307 facillime
1177 267 1432 314 deterrebis.
1497 272 1695 312 Anti-oni

232 322 373 371 vetui5
403 322 483 362 sed
510 320 704 363 nondum
733 334 964 375 acceperas
994 322 1166 372 literas3
1196 338 1276 365 nec
1303 326 1694 380 cuiquamfnisi-L.
1757 363 1760 370 ,

232 378 372 418 Fadio
402 376 546 418 aedili.
603 377 748 417 Aliter
774 378 999 418 enimnec
1029 381 1153 418 caute
1180 393 1259 421 nec
1287 381 1383 422 iure
1412 381 1511 422 fieri
1540 386 1695 436 potest.

234 433 366 482 Quod
393 433 553 474 scribis
581 433 662 473 tibi
691 433 843 473 deesse
880 431 1025 486 HSc.,
1064 434 1393 488 quaessCiceroni
1414 438 1696 487 curatasint5

231 489 363 530 velim
392 490 445 529 ab
474 488 613 529 Erote
641 500 846 541 quaeras,
891 488 966 528 ubi
995 490 1053 529 sit
1081 503 1247 532 merces
1277 492 1554 535 insularum..
1585 495 1697 535 ΑΜ.-

231 544 355 585 bioni
384 545 437 586 de
466 543 583 586 Sitio
612 543 936 584 nihil'irascor.
1004 544 1101 600 Ego
1129 545 1184 586 'de
1212 547 1396 601 itinere,
1441 549 1527 589 nisi
1557 549 1699 602 expli->

232 606 331 642 cato
359 609 415 647 A,
451 599 559 640 nihil
588 601 757 654 cogit03
798 598 916 652 quod
946 598 1062 640 idem
1092 601 1173 641 tibi
1201 603 1344 645 videri
1374 608 1489 658 puto.
1548 605 1698 645 Habes

230 657 288 698 ad
317 655 599 710 superiorem.
665 655 794 696 Nunc
822 653 924 693 audi
962 655 1018 694 ad
1055 656 1249 698 alteram.
1318 660 1390 701 Tu
1425 673 1533 700 vero
1569 659 1697 711 facis,

229 716 278 754 ut
306 712 476 763 omnia,
515 711 633 765 quod
673 709 888 752 Serviliae
916 722 1001 750 non
1031 711 1158 762 dees,
1197 713 1245 753 id
1283 718 1385 766 est,v
1408 714 1560 756 Bruto.
1627 716 1698 756 De

229 769 383 822 regina
412 767 580 822 gaudeo
609 770 653 808 tc
682 780 766 808 non
795 766 1018 816 laborare3
1049 766 1078 817 -Ξ-
1099 771 1217 809 certe
1239 771 1370 811 etiam
1398 771 1479 811 tibi
1508 771 1696 825 probari.

231 824 385 866 Erotis
429 823 620 864 rationes
661 827 706 863 et
751 835 804 864 ex
833 821 1000 862 Tirone
1038 835 1231 876 cognove
1268 829 1312 866 et
1346 839 1502 867 vocam
1544 839 1703 880 ipsum.
1766 852 1772 870 ,-

230 880 564 929 Gratissimum,
612 877 728 931 quod
767 877 990 932 polliceris
1031 878 1238 921 Ciceroni
1276 880 1386 922 nihil
1425 881 1698 923 defuturum:

230 1093 274 1099 —
300 1073 357 1106 De
384 1072 574 1106 Plaetorio
601 1071 715 1104 ricino
741 1075 820 1109 tao,
849 1068 1013 1103 n'amlic‘h
1039 1069 1119 1103 dass
1144 1080 1186 1103 er
1211 1070 1304 1104 eben
1330 1071 1392 1104 das
1414 1070 1537 1106 Gliick
1558 1070 1700 1119 gehabt

228 1121 354 1163 hatte,
394 1131 456 1152 aus
490 1120 575 1153 dem
606 1119 735 1153 Exsile
769 1117 907 1151 wieder
938 1117 1245 1151 zuriickberufen
1281 1129 1329 1150 zu
1366 1119 1529 1152 werden.
1565 1137 1605 1144 —
1644 1118 1700 1151 De

228 1170 342 1214 Syro,
379 1166 498 1200 Attici
535 1176 653 1201 servo.
696 1165 780 1202 Vid.
817 1166 861 1198 ad
897 1165 1013 1200 Attic.
1049 1165 1131 1206 XII,
1166 1166 1225 1199 22.
1262 1166 1460 1208 prudenter
1499 1165 1622 1211 egisti.
1655 1185 1701 1193 ——

227 1215 430 1252 deterrebas
460 1215 484 1248 i.
515 1225 545 1248 e.
579 1214 735 1255 efficies,
769 1219 809 1246 ut
839 1212 1047 1247 Buthrotiis
1082 1213 1260 1246 molestus
1292 1223 1368 1247 non
1401 1214 1462 1249 sit.
1495 1212 1700 1248 MANUT.
1751 1230 1755 1234 ·

228 1265 317 1299 Vid.
343 1274 404 1309 ep.
432 1264 510 1306 728,
537 1264 570 1296 1.
599 1281 640 1287 —
669 1261 832 1294 Antrom'
865 1262 960 1293 vetui
984 1261 1199 1305 pecuniam,
1239 1271 1333 1304 quae
1366 1261 1605 1306 Arpinatibus
1638 1262 1701 1295 de-

228 1314 339 1347 betur
364 1313 412 1353 (v.
439 1321 498 1355 ep.
529 1312 609 1351 728,
645 1311 694 1352 l.)
720 1308 819 1352 dari,
855 1309 970 1350 solvi,
1002 1309 1066 1353 qui
1097 1308 1332 1354 Arpinatium
1365 1309 1517 1343 nomine
1549 1309 1703 1344 videtur

228 1360 442 1407 postulasse.
471 1358 586 1392 ERN.
613 1377 657 1382 —
683 1356 815 1391 literas
840 1357 919 1392 728.
949 1375 988 1381 —
1017 1366 1078 1403 nec
1093 1356 1255 1399 cuiquam
1271 1356 1366 1389 solvi
1383 1356 1519 1390 debere
1546 1357 1702 1403 scripse-

229 1420 325 1445 ram,
350 1425 395 1431 —-
428 1406 518 1439 iure.
567 1406 701 1439 Fadius
726 1405 825 1438 enim
860 1403 1099 1449 Arpinatium
1126 1404 1265 1437 'aedilis
1297 1404 1381 1438 fuit.
1408 1423 1455 1429 —
1488 1404 1554 1438 tibi
1586 1406 1705 1438 deesse

230 1457 254 1490 i.
285 1467 319 1494 e.
343 1462 381 1490 te
407 1454 573 1488 nondum
600 1453 795 1498 accepisse.
829 1453 956 1485 hamb.
990 1464 1087 1497 susp.
1120 1452 1254 1484 deberi.
1293 1470 1339 1476 —
1377 1452 1442 1486 HS
1457 1452 1522 1491 0.,
1551 1455 1705 1494 100‚000

230 1503 444 1538 Sestertien.
473 1520 515 1525 -—
544 1501 724 1535 Ciceroni.
752 1513 780 1535 s.
809 1510 866 1544 ep.
894 1501 976 1539 728,
1004 1501 1037 1533 4.
1066 1517 1107 1523 —
1133 1509 1272 1533 merces
1295 1499 1403 1534 insul.
1430 1500 1464 1533 S.
1482 1512 1529 1533 zu
1546 1511 1601 1545 ep.
1623 1502 1705 1542 728,

230 1554 265 1587 4.
299 1571 347 1577 —-
380 1550 488 1585 Sitio.
521 1550 591 1595 Ep.
626 1550 708 1584 202.
741 1548 880 1581 Sitiana
922 1546 1134 1592 syngrapha
1174 1553 1238 1581 est.
1289 1548 1331 1584 P.
1365 1547 1502 1581 Sitium
1541 1547 1707 1594 reperies

230 1599 330 1646 apud
354 1600 452 1634 Hirt.
479 1599 520 1631 B.
551 1597 670 1631 Afric.
697 1607 728 1629 c.
754 1597 812 1631 36.
839 1613 885 1620 —-
918 1595 992 1628 nisi
1016 1595 1197 1638 esplz'cato
1222 1599 1258 1629 A
1282 1595 1308 1631 i.
1337 1606 1368 1629 e.
1395 1593 1537 1641 λοιπῷ
1562 1608 1588 1630 s.
1614 1596 1706 1629 reli-

231 1659 305 1693 quo
330 1646 411 1681 h.e.
437 1645 566 1680 solutis
591 1645 738 1686 debitis,
765 1643 874 1677 nicht
899 1642 994 1676 eher
1017 1644 1069 1676 als
1096 1643 1149 1676 bis
1176 1644 1300 1677 meine
1315 1644 1425 1677 Reste
1445 1644 1596 1679 bezahlt
1613 1644 1704 1677 sind.

230 1695 522 1742 Vid.ep.728‚3.
550 1693 611 1727 Sic
626 1691 1187 1729 Md.Vict.Lamb.Bos.Graev.
1205 1691 1435 1728 A.Oxon.2.
1464 1692 1554 1726 Cdd.
1580 1691 1704 1739 Regii,

229 1745 337 1779 Rom.
368 1746 464 1777 lens.
497 1742 582 1779 Asc.
619 1744 650 1775 l.
689 1742 788 1774 Crat.
823 1740 913 1776 Lall.
954 1740 1044 1772 Ern.
1081 1737 1170 1773 sch.
1208 1740 1303 1774 Liin.
1339 1739 1539 1774 ORELLI.
1574 1741 1621 1773 A.
1656 1753 1706 1771 z:

230 1802 365 1828 annuo.
416 1791 569 1824 Sensus:
608 1789 653 1823 de
677 1788 914 1834 profectione
940 1787 979 1820 in
1006 1788 1203 1823 Graeciam
1229 1785 1326 1820 nihil
1351 1787 1498 1834 cogito,
1531 1788 1602 1821 nisi
1626 1788 1708 1833 pri-

230 1850 293 1874 mo
319 1839 494 1885 expedito
521 1841 560 1872 et'
584 1836 789 1871 constituto
816 1845 938 1869 annuo
964 1836 1051 1879 illo;
1086 1836 1265 1868 nimirum
1299 1836 1398 1878 quod
1423 1836 1601 1869 Ciceroni
1626 1835 1706 1870 filio

231 1889 269 1921 in
304 1899 469 1921 annuum
502 1891 690 1932 sumptum
733 1885 1004 1930 assignaverat,
1042 1884 1105 1917 sed
1142 1884 1236 1917 Eros
1278 1883 1509 1928 dispensator
1546 1884 1708 1918 turbatis
1763 1895 1765 1898 ⁴

231 1935 440 1970 rationibus
466 1945 541 1968 non
565 1934 810 1979 persolverat.
849 1933 905 1966 Cf.
939 1943 996 1978 ep.
1024 1933 1106 1973 732,
1131 1932 1171 1966 4:
1203 1930 1279 1970 ,nisi
1310 1932 1496 1976 explicata
1526 1932 1708 1966 solutione

229 1994 300 2018 non
324 1994 405 2016 sum
429 1983 661 2016 discessurus.

326 2033 360 2067 2.
395 2031 515 2064 Habes
548 2041 767 2075 responsum
800 2030 848 2063 ad
882 2040 958 2073 sup.
993 2046 1040 2053 -
1074 2032 1113 2061 ut
1148 2027 1284 2070 omnia,
1329 2029 1412 2063 scil.
1453 2034 1705 2074 peramanter.

230 2079 326 2114 Eine
348 2078 683 2122 Lieblingsformel
709 2078 882 2112 Cicero's.
909 2089 956 2101 -1—
980 2087 1048 2108 non
1073 2077 1174 2115 dees,
1206 2077 1325 2110 Deine
1351 2078 1466 2111 Hiilfe
1490 2077 1598 2112 nicht
1622 2088 1708 2111 ver·
1760 2064 1763 2118 J

233 2133 343 2175 sagst.
370 2145 417 2151 —
455 2126 486 2162 i.
520 2136 549 2160 e.
584 2126 712 2159 Bruto.
767 2125 959 2158 Nimirum
996 2122 1177 2157 Serviliae
1208 2126 1408 2168 pecuniam
1440 2132 1708 2159 numeraverat

230 2175 396 2216 Atticus,
438 2185 550 2218 quam
576 2174 640 2207 illa
668 2176 783 2208 Bruto
810 2173 917 2206 daret
947 2172 987 2204 in
1019 2170 1144 2205 Asiam
1178 2173 1453 2216 proficiscenti..
1503 2173 1601 2207 Nam
1635 2172 1708 2217 ipsi
1732 2201 1757 2207 ,,
1785 2195 1795 2215 »2

231 2225 348 2258 Bruto
373 2222 476 2256 circa
501 2221 712 2255 Lanuvium
739 2220 903 2255 moranti
928 2230 1128 2253 numerare
1159 2219 1303 2254 Atticus
1337 2230 1409 2254 non
1435 2226 1594 2265 poterat.
1646 2221 1707 2254 Ire
1750 2219 1759 2256 π’
1787 2236 1795 2262 ¹.

232 2277 358 2305 autem
383 2270 428 2303 ad
461 2280 545 2303 eum
569 2270 670 2314 apud
701 2268 907 2303 Antonium
941 2273 980 2300 et
1012 2268 1251 2301 Caesarianos
1286 2267 1529 2312 suspiciosum
1563 2268 1706 2303 fuisset.

1793 2293 1795 2308 l

233 2318 412 2354 Mittebat
437 2316 554 2364 igitur
579 2329 648 2362 per
672 2317 879 2350 Serviliam.
928 2316 978 2348 Et
1004 2315 1137 2360 opinor
1155 2315 1321 2362 intelligi
1341 2315 1454 2355 Hsc„
1481 2328 1574 2361 quae
1590 2318 1708 2351 Bruto
1753 2325 1755 2330 ¹
1786 2328 1795 2339 ¹·

234 2366 344 2402 Italia
369 2365 517 2399 cedenti
550 2366 594 2397 ab
629 2365 751 2398 Attico
784 2363 935 2397 muneri
967 2363 1078 2396 missa
1115 2363 1245 2397 scribit
1278 2363 1402 2408 Nepos
1435 2364 1474 2396 in
1511 2365 1589 2398 eius
1619 2365 1708 2398 vita.
1746 2386 1748 2390 ν

235 2413 444 2451 ΜΑΝΠΤ,
475 2431 514 2437 -
541 2412 599 2446 De
625 2413 758 2454 regina
786 2413 995 2456 Cleopatra.
1023 2412 1058 2445 S.
1085 2422 1142 2456 ep.
1159 2412 1238 2453 728,
1253 2413 1285 2446 2.
1302 2430 1344 2435 -
1373 2422 1442 2445 non
1467 2412 1602 2454 labor.,
1628 2413 1709 2446 dass
1750 2437 1753 2442 .

235 2465 296 2498 Du
321 2461 422 2495 Dich
446 2457 839 2494 nichffbekiimmerst
863 2471 941 2493 um.
968 2478 1012 2483 -
1036 2459 1205 2502 probari.
1257 2460 1360 2493 Haec
1386 2466 1580 2505 corrupta.
1614 2461 1707 2507 Leg.
1749 2491 1751 2494 ⁴

235 2511 404 2544 videtur:
437 2512 534 2542 certe
559 2510 669 2542 etiam
693 2508 759 2541 tibi
780 2508 934 2550 probavi
958 2507 1160 2548 rationem,
1199 2518 1272 2551 qua
1306 2519 1393 2541 usus
1426 2520 1507 2541 sum
1534 2509 1709 2542 adversus
1749 2512 1764 2532 -’

237 2558 421 2606 reginam.
450 2557 647 2591 ORELLI.
682 2575 725 2580 ——
753 2556 927 2598 rationes,
953 2555 1012 2588 die
1037 2554 1708 2603 Rechnungsfiihrung-verwaltung.

239 2624 281 2629 ——
307 2617 349 2639 esc
376 2606 509 2639 Tirone
536 2606 589 2644 (S.
623 2615 680 2650 ep.
713 2605 794 2644 728,
828 2605 896 2645 3.)‚
932 2613 1046 2647 quem
1079 2603 1237 2637 Romam
1270 2603 1443 2644 miserat,
1475 2609 1517 2637 ut
1546 2603 1709 2637 rationes
1745 2613 1764 2640 ’;
1794 2629 1795 2632 ¹

239 2653 429 2688 Ciceronis
454 2653 498 2686 ab
531 2654 648 2688 Erote
683 2651 960 2686 administratas
995 2657 1252 2698 cognosceret.
1286 2671 1330 2676 —
1366 2652 1505 2692 vocavi,
1540 2651 1603 2684 ich
1639 2651 1709 2685 hab
1761 2651 1763 2683 ,¹

238 2701 306 2735 ihn
332 2701 608 2748 vorgefordert.
635 2720 678 2726 -
707 2701 896 2743 Ciceroni,
923 2698 1002 2733 filio
1029 2709 1124 2733 meo.
1151 2710 1209 2745 ep.
1237 2701 1319 2743 728,
1333 2700 1366 2735 4.
1395 2718 1437 2724 -—
1463 2698 1592 2733 mirab.
1621 2709 1708 2733 zum
