<?xml version="1.0" encoding="UTF-8"?>
<!DOCTYPE html PUBLIC "-//W3C//DTD XHTML 1.0 Transitional//EN"
    "http://www.w3.org/TR/xhtml1/DTD/xhtml1-transitional.dtd">
<html xmlns="http://www.w3.org/1999/xhtml" xml:lang="en" lang="en">
 <head>
  <title>
</title>
<meta http-equiv="Content-Type" content="text/html;charset=utf-8" />
  <meta name='ocr-system' content='tesseract 3.04.00' />
  <meta name='ocr-capabilities' content='ocr_page ocr_carea ocr_par ocr_line ocrx_word'/>
</head>
<body>
  <div class='ocr_page' id='page_1' title='image "./epistolaeadattic04ciceuoft_0284.png"; bbox 0 0 1795 3086; ppageno 0'>
   <div class='ocr_carea' id='block_1_1' title="bbox 233 37 1452 89">
    <p class='ocr_par' dir='ltr' id='par_1_1' title="bbox 233 37 1452 89">
     <span class='ocr_line' id='line_1_1' title="bbox 233 37 1452 89; baseline -0.002 0"><span class='ocrx_word' id='word_1_1' title='bbox 233 42 322 89; x_wconf 57' lang='lat'>2721</span> <span class='ocrx_word' id='word_1_2' title='bbox 523 41 584 84; x_wconf 85' lang='lat' dir='ltr'>M.</span> <span class='ocrx_word' id='word_1_3' title='bbox 617 41 671 84; x_wconf 91' lang='grc' dir='ltr'>Τ.</span> <span class='ocrx_word' id='word_1_4' title='bbox 705 37 1047 85; x_wconf 85' lang='lat' dir='ltr'><strong>CICERONIS</strong></span> <span class='ocrx_word' id='word_1_5' title='bbox 1078 41 1452 88; x_wconf 84' lang='lat' dir='ltr'>EPISTOLAE.</span> 
     </span>
    </p>
   </div>
   <div class='ocr_carea' id='block_1_2' title="bbox 171 153 1780 1154">
    <p class='ocr_par' dir='ltr' id='par_1_2' title="bbox 171 153 1718 713">
     <span class='ocr_line' id='line_1_2' title="bbox 236 153 1717 209; baseline 0.003 -11"><span class='ocrx_word' id='word_1_6' title='bbox 236 158 292 197; x_wconf 81' lang='lat' dir='ltr'>de</span> <span class='ocrx_word' id='word_1_7' title='bbox 323 170 372 198; x_wconf 79' lang='lat' dir='ltr'>re</span> <span class='ocrx_word' id='word_1_8' title='bbox 404 154 598 209; x_wconf 83' lang='lat' dir='ltr'>publica,</span> <span class='ocrx_word' id='word_1_9' title='bbox 629 155 915 208; x_wconf 79' lang='lat' dir='ltr'>posteaquam</span> <span class='ocrx_word' id='word_1_10' title='bbox 954 153 1065 195; x_wconf 80' lang='lat' dir='ltr'>itum</span> <span class='ocrx_word' id='word_1_11' title='bbox 1104 157 1173 196; x_wconf 90' lang='lat' dir='ltr'>est</span> <span class='ocrx_word' id='word_1_12' title='bbox 1200 155 1259 197; x_wconf 86' lang='lat' dir='ltr'>ad</span> <span class='ocrx_word' id='word_1_13' title='bbox 1290 168 1423 198; x_wconf 88' lang='lat' dir='ltr'>arma.</span> <span class='ocrx_word' id='word_1_14' title='bbox 1481 155 1596 199; x_wconf 89' lang='lat' dir='ltr'>Nam</span> <span class='ocrx_word' id='word_1_15' title='bbox 1626 159 1717 202; x_wconf 77' lang='lat' dir='ltr'>sal--</span> 
     </span>
     <span class='ocr_line' id='line_1_3' title="bbox 239 209 1718 264; baseline 0.002 -10"><span class='ocrx_word' id='word_1_16' title='bbox 239 217 308 254; x_wconf 85' lang='lat' dir='ltr'>tus</span> <span class='ocrx_word' id='word_1_17' title='bbox 338 209 695 260; x_wconf 75' lang='lat' dir='ltr'>Castulonensis,</span> <span class='ocrx_word' id='word_1_18' title='bbox 733 210 810 263; x_wconf 90' lang='lat' dir='ltr'>qui</span> <span class='ocrx_word' id='word_1_19' title='bbox 839 223 1015 264; x_wconf 82' lang='lat' dir='ltr'><strong>semper</strong></span> <span class='ocrx_word' id='word_1_20' title='bbox 1052 209 1197 252; x_wconf 87' lang='lat' dir='ltr'>tenuit</span> <span class='ocrx_word' id='word_1_21' title='bbox 1234 214 1411 252; x_wconf 86' lang='lat' dir='ltr'>nostros</span> <span class='ocrx_word' id='word_1_22' title='bbox 1440 214 1718 261; x_wconf 82' lang='lat' dir='ltr'>tabellarios,</span> 
     </span>
     <span class='ocr_line' id='line_1_4' title="bbox 237 264 1716 323; baseline 0.003 -14"><span class='ocrx_word' id='word_1_23' title='bbox 237 269 322 309; x_wconf 84' lang='lat' dir='ltr'>etsi</span> <span class='ocrx_word' id='word_1_24' title='bbox 353 278 470 306; x_wconf 90' lang='lat' dir='ltr'>nunc</span> <span class='ocrx_word' id='word_1_25' title='bbox 500 264 878 318; x_wconf 81' lang='lat' dir='ltr'>frequentioribus</span> <span class='ocrx_word' id='word_1_26' title='bbox 908 265 1164 307; x_wconf 86' lang='lat' dir='ltr'>latrociniis</span> <span class='ocrx_word' id='word_1_27' title='bbox 1208 266 1419 308; x_wconf 87' lang='lat' dir='ltr'>infestior</span> <span class='ocrx_word' id='word_1_28' title='bbox 1457 268 1602 311; x_wconf 86' lang='lat' dir='ltr'>sactus</span> <span class='ocrx_word' id='word_1_29' title='bbox 1633 276 1716 323; x_wconf 78' lang='lat' dir='ltr'>est,</span> 
     </span>
     <span class='ocr_line' id='line_1_5' title="bbox 235 320 1717 379; baseline 0.003 -17"><span class='ocrx_word' id='word_1_30' title='bbox 235 329 384 364; x_wconf 79' lang='lat' dir='ltr'>tamen</span> <span class='ocrx_word' id='word_1_31' title='bbox 427 332 704 374; x_wconf 80' lang='lat' dir='ltr'>nequaquam</span> <span class='ocrx_word' id='word_1_32' title='bbox 741 324 864 361; x_wconf 87' lang='lat' dir='ltr'>tanta</span> <span class='ocrx_word' id='word_1_33' title='bbox 903 320 950 360; x_wconf 91' lang='lat' dir='ltr'>in</span> <span class='ocrx_word' id='word_1_34' title='bbox 982 335 1108 362; x_wconf 89' lang='lat' dir='ltr'>mora</span> <span class='ocrx_word' id='word_1_35' title='bbox 1137 325 1220 374; x_wconf 90' lang='lat' dir='ltr'>est,</span> <span class='ocrx_word' id='word_1_36' title='bbox 1259 325 1439 377; x_wconf 85' lang='lat' dir='ltr'>quanta,</span> <span class='ocrx_word' id='word_1_37' title='bbox 1479 325 1559 379; x_wconf 88' lang='lat' dir='ltr'>qui</span> <span class='ocrx_word' id='word_1_38' title='bbox 1599 326 1717 367; x_wconf 85' lang='lat' dir='ltr'>locis</span> 
     </span>
     <span class='ocr_line' id='line_1_6' title="bbox 236 376 1718 431; baseline 0.003 -13"><span class='ocrx_word' id='word_1_39' title='bbox 236 377 437 419; x_wconf 87' lang='lat' dir='ltr'>omnibus</span> <span class='ocrx_word' id='word_1_40' title='bbox 476 376 683 431; x_wconf 83' lang='lat' dir='ltr'>dispositi</span> <span class='ocrx_word' id='word_1_41' title='bbox 713 377 768 417; x_wconf 89' lang='lat' dir='ltr'>ab</span> <span class='ocrx_word' id='word_1_42' title='bbox 798 380 985 431; x_wconf 88' lang='lat' dir='ltr'>utraque</span> <span class='ocrx_word' id='word_1_43' title='bbox 1013 381 1139 431; x_wconf 86' lang='lat' dir='ltr'>parte</span> <span class='ocrx_word' id='word_1_44' title='bbox 1175 381 1434 419; x_wconf 83' lang='lat' dir='ltr'>scrutantur</span> <span class='ocrx_word' id='word_1_45' title='bbox 1461 379 1718 423; x_wconf 87' lang='lat' dir='ltr'>tabellarios</span> 
     </span>
     <span class='ocr_line' id='line_1_7' title="bbox 234 431 1717 489; baseline 0.003 -15"><span class='ocrx_word' id='word_1_46' title='bbox 234 437 278 474; x_wconf 88' lang='lat' dir='ltr'>et</span> <span class='ocrx_word' id='word_1_47' title='bbox 321 431 529 474; x_wconf 85' lang='lat' dir='ltr'>retinent.</span> <span class='ocrx_word' id='word_1_48' title='bbox 599 431 757 486; x_wconf 84' lang='lat' dir='ltr'>Itaque</span> <span class='ocrx_word' id='word_1_49' title='bbox 802 431 892 473; x_wconf 88' lang='lat' dir='ltr'>nisi</span> <span class='ocrx_word' id='word_1_50' title='bbox 934 446 1047 475; x_wconf 83' lang='lat' dir='ltr'>nave</span> <span class='ocrx_word' id='word_1_51' title='bbox 1097 434 1296 488; x_wconf 81' lang='lat' dir='ltr'>perlatae</span> <span class='ocrx_word' id='word_1_52' title='bbox 1344 433 1506 476; x_wconf 89' lang='lat' dir='ltr'>literae</span> <span class='ocrx_word' id='word_1_53' title='bbox 1554 441 1717 489; x_wconf 81' lang='lat' dir='ltr'>essent,</span> 
     </span>
     <span class='ocr_line' id='line_1_8' title="bbox 235 487 1718 542; baseline 0.003 -13"><span class='ocrx_word' id='word_1_54' title='bbox 235 487 416 530; x_wconf 90' lang='lat' dir='ltr'>omnino</span> <span class='ocrx_word' id='word_1_55' title='bbox 454 487 696 539; x_wconf 86' lang='lat' dir='ltr'>nescirem,</span> <span class='ocrx_word' id='word_1_56' title='bbox 734 487 843 542; x_wconf 89' lang='lat' dir='ltr'>quid</span> <span class='ocrx_word' id='word_1_57' title='bbox 884 487 990 528; x_wconf 88' lang='lat' dir='ltr'>istic</span> <span class='ocrx_word' id='word_1_58' title='bbox 1025 488 1169 530; x_wconf 87' lang='lat' dir='ltr'>fieret.</span> <span class='ocrx_word' id='word_1_59' title='bbox 1241 489 1375 531; x_wconf 92' lang='lat' dir='ltr'>Nunc</span> <span class='ocrx_word' id='word_1_60' title='bbox 1413 502 1522 532; x_wconf 82' lang='lat' dir='ltr'>vero</span> <span class='ocrx_word' id='word_1_61' title='bbox 1559 496 1718 534; x_wconf 89' lang='lat' dir='ltr'>nactus</span> 
     </span>
     <span class='ocr_line' id='line_1_9' title="bbox 232 543 1713 600; baseline 0.001 -14"><span class='ocrx_word' id='word_1_62' title='bbox 232 545 529 591; x_wconf 87' lang='lat' dir='ltr'>occasionem,</span> <span class='ocrx_word' id='word_1_63' title='bbox 558 547 845 599; x_wconf 85' lang='lat' dir='ltr'>posteaquam</span> <span class='ocrx_word' id='word_1_64' title='bbox 876 543 1083 598; x_wconf 87' lang='lat' dir='ltr'>navigari</span> <span class='ocrx_word' id='word_1_65' title='bbox 1112 549 1318 599; x_wconf 87' lang='lat' dir='ltr'>coeptum</span> <span class='ocrx_word' id='word_1_66' title='bbox 1347 549 1432 599; x_wconf 89' lang='lat' dir='ltr'>est,</span> <span class='ocrx_word' id='word_1_67' title='bbox 1472 546 1713 600; x_wconf 88' lang='lat' dir='ltr'>cupidissi-</span> 
     </span>
     <span class='ocr_line' id='line_1_10' title="bbox 171 598 1716 654; baseline 0.001 -11"><span class='ocrx_word' id='word_1_68' title='bbox 171 642 173 644; x_wconf 87' lang='grc'><strong>,</strong></span> <span class='ocrx_word' id='word_1_69' title='bbox 234 614 303 641; x_wconf 85' lang='lat' dir='ltr'>me</span> <span class='ocrx_word' id='word_1_70' title='bbox 333 604 379 641; x_wconf 93' lang='lat' dir='ltr'>et</span> <span class='ocrx_word' id='word_1_71' title='bbox 409 613 540 654; x_wconf 89' lang='lat' dir='ltr'>quam</span> <span class='ocrx_word' id='word_1_72' title='bbox 571 598 840 640; x_wconf 87' lang='lat' dir='ltr'>creberrime</span> <span class='ocrx_word' id='word_1_73' title='bbox 870 602 1041 652; x_wconf 87' lang='lat' dir='ltr'>potero,</span> <span class='ocrx_word' id='word_1_74' title='bbox 1081 600 1275 642; x_wconf 89' lang='lat' dir='ltr'>scribam</span> <span class='ocrx_word' id='word_1_75' title='bbox 1312 602 1371 643; x_wconf 88' lang='lat' dir='ltr'>ad</span> <span class='ocrx_word' id='word_1_76' title='bbox 1407 605 1464 644; x_wconf 87' lang='lat' dir='ltr'>te.</span> <span class='ocrx_word' id='word_1_77' title='bbox 1522 602 1594 644; x_wconf 88' lang='lat' dir='ltr'>Ne</span> <span class='ocrx_word' id='word_1_78' title='bbox 1622 616 1716 644; x_wconf 91' lang='lat' dir='ltr'>mo-</span> 
     </span>
     <span class='ocr_line' id='line_1_11' title="bbox 230 654 1716 713; baseline 0.002 -16"><span class='ocrx_word' id='word_1_79' title='bbox 230 669 337 697; x_wconf 86' lang='lat' dir='ltr'>vear</span> <span class='ocrx_word' id='word_1_80' title='bbox 366 654 462 697; x_wconf 91' lang='lat' dir='ltr'>eius</span> <span class='ocrx_word' id='word_1_81' title='bbox 491 654 783 705; x_wconf 88' lang='lat' dir='ltr'>sermonibus,</span> <span class='ocrx_word' id='word_1_82' title='bbox 813 667 961 709; x_wconf 89' lang='lat' dir='ltr'>quem,</span> <span class='ocrx_word' id='word_1_83' title='bbox 986 656 1165 696; x_wconf 82' lang='lat' dir='ltr'>tametsi</span> <span class='ocrx_word' id='word_1_84' title='bbox 1194 670 1323 698; x_wconf 88' lang='lat' dir='ltr'>nemo</span> <span class='ocrx_word' id='word_1_85' title='bbox 1352 661 1436 705; x_wconf 89' lang='lat' dir='ltr'>est,</span> <span class='ocrx_word' id='word_1_86' title='bbox 1462 658 1542 713; x_wconf 91' lang='lat' dir='ltr'>qui</span> <span class='ocrx_word' id='word_1_87' title='bbox 1560 657 1716 700; x_wconf 85' lang='lat' dir='ltr'>videre</span> 
     </span>
    </p>

    <p class='ocr_par' dir='ltr' id='par_1_3' title="bbox 224 709 1780 1154">
     <span class='ocr_line' id='line_1_12' title="bbox 230 709 1780 766; baseline 0.002 -13"><span class='ocrx_word' id='word_1_88' title='bbox 230 711 357 764; x_wconf 85' lang='lat' dir='ltr'>velit,</span> <span class='ocrx_word' id='word_1_89' title='bbox 387 714 535 752; x_wconf 87' lang='lat' dir='ltr'>tamen</span> <span class='ocrx_word' id='word_1_90' title='bbox 565 723 845 765; x_wconf 85' lang='lat' dir='ltr'>nequaquam</span> <span class='ocrx_word' id='word_1_91' title='bbox 875 710 1066 763; x_wconf 84' lang='lat' dir='ltr'>proinde</span> <span class='ocrx_word' id='word_1_92' title='bbox 1106 723 1161 751; x_wconf 85' lang='lat' dir='ltr'>ac</span> <span class='ocrx_word' id='word_1_93' title='bbox 1199 712 1361 766; x_wconf 82' lang='lat' dir='ltr'>dignus</span> <span class='ocrx_word' id='word_1_94' title='bbox 1401 716 1484 760; x_wconf 87' lang='lat' dir='ltr'>est,</span> <span class='ocrx_word' id='word_1_95' title='bbox 1523 714 1717 756; x_wconf 88' lang='lat' dir='ltr'>oderunt</span> <span class='ocrx_word' id='word_1_96' title='bbox 1776 709 1780 757; x_wconf 70' lang='lat' dir='ltr'>&#39;j</span> 
     </span>
     <span class='ocr_line' id='line_1_13' title="bbox 229 766 1717 821; baseline 0.003 -14"><span class='ocrx_word' id='word_1_97' title='bbox 229 766 448 820; x_wconf 76' lang='lat' dir='ltr'>homines,</span> <span class='ocrx_word' id='word_1_98' title='bbox 478 768 729 821; x_wconf 88' lang='lat' dir='ltr'>periculum</span> <span class='ocrx_word' id='word_1_99' title='bbox 759 779 848 806; x_wconf 91' lang='lat' dir='ltr'>non</span> <span class='ocrx_word' id='word_1_100' title='bbox 878 769 970 807; x_wconf 67' lang='lat' dir='ltr'>estz</span> <span class='ocrx_word' id='word_1_101' title='bbox 1001 766 1113 807; x_wconf 84' lang='lat' dir='ltr'>adeo</span> <span class='ocrx_word' id='word_1_102' title='bbox 1143 770 1212 808; x_wconf 88' lang='lat' dir='ltr'>est</span> <span class='ocrx_word' id='word_1_103' title='bbox 1241 767 1359 808; x_wconf 89' lang='lat' dir='ltr'>enim</span> <span class='ocrx_word' id='word_1_104' title='bbox 1387 767 1557 811; x_wconf 89' lang='lat' dir='ltr'>invisus</span> <span class='ocrx_word' id='word_1_105' title='bbox 1586 769 1717 817; x_wconf 85' lang='lat' dir='ltr'>mihi,</span> 
     </span>
     <span class='ocr_line' id='line_1_14' title="bbox 227 822 1715 878; baseline 0.003 -16"><span class='ocrx_word' id='word_1_106' title='bbox 227 827 277 864; x_wconf 87' lang='lat' dir='ltr'>ut</span> <span class='ocrx_word' id='word_1_107' title='bbox 316 823 434 863; x_wconf 88' lang='lat' dir='ltr'>nihil</span> <span class='ocrx_word' id='word_1_108' title='bbox 473 835 561 863; x_wconf 89' lang='lat' dir='ltr'>non</span> <span class='ocrx_word' id='word_1_109' title='bbox 601 823 809 863; x_wconf 89' lang='lat' dir='ltr'>acerbum</span> <span class='ocrx_word' id='word_1_110' title='bbox 850 825 1018 876; x_wconf 80' lang='lat' dir='ltr'>putem,</span> <span class='ocrx_word' id='word_1_111' title='bbox 1057 822 1178 878; x_wconf 89' lang='lat' dir='ltr'>quod</span> <span class='ocrx_word' id='word_1_112' title='bbox 1217 836 1450 864; x_wconf 88' lang='lat' dir='ltr'>commune</span> <span class='ocrx_word' id='word_1_113' title='bbox 1494 837 1596 865; x_wconf 93' lang='lat' dir='ltr'>cum</span> <span class='ocrx_word' id='word_1_114' title='bbox 1635 825 1715 866; x_wconf 90' lang='lat' dir='ltr'>illo</span> 
     </span>
     <span class='ocr_line' id='line_1_15' title="bbox 228 876 1716 934; baseline 0.002 -15"><span class='ocrx_word' id='word_1_115' title='bbox 228 879 300 919; x_wconf 87' lang='lat' dir='ltr'>sit.</span> <span class='ocrx_word' id='word_1_116' title='bbox 359 878 533 920; x_wconf 87' lang='lat' dir='ltr'>Natura</span> <span class='ocrx_word' id='word_1_117' title='bbox 562 882 709 920; x_wconf 85' lang='lat' dir='ltr'>autem</span> <span class='ocrx_word' id='word_1_118' title='bbox 739 890 838 918; x_wconf 87' lang='lat' dir='ltr'>mea</span> <span class='ocrx_word' id='word_1_119' title='bbox 867 880 911 918; x_wconf 92' lang='lat' dir='ltr'>et</span> <span class='ocrx_word' id='word_1_120' title='bbox 939 877 1091 918; x_wconf 86' lang='lat' dir='ltr'>studia</span> <span class='ocrx_word' id='word_1_121' title='bbox 1119 876 1306 920; x_wconf 83' lang='lat' dir='ltr'>trahunt</span> <span class='ocrx_word' id='word_1_122' title='bbox 1332 892 1404 920; x_wconf 91' lang='lat' dir='ltr'>me</span> <span class='ocrx_word' id='word_1_123' title='bbox 1433 879 1491 920; x_wconf 91' lang='lat' dir='ltr'>ad</span> <span class='ocrx_word' id='word_1_124' title='bbox 1516 879 1642 934; x_wconf 88' lang='lat' dir='ltr'>pacis</span> <span class='ocrx_word' id='word_1_125' title='bbox 1671 886 1716 922; x_wconf 88' lang='lat' dir='ltr'>et</span> 
     </span>
     <span class='ocr_line' id='line_1_16' title="bbox 227 933 1713 987; baseline 0.001 -12"><span class='ocrx_word' id='word_1_126' title='bbox 227 933 453 975; x_wconf 85' lang='lat' dir='ltr'>libertatis</span> <span class='ocrx_word' id='word_1_127' title='bbox 483 933 792 987; x_wconf 85' lang='lat' dir='ltr'>cupiditatem.</span> <span class='ocrx_word' id='word_1_128' title='bbox 859 933 1017 987; x_wconf 86' lang='lat' dir='ltr'>Itaque</span> <span class='ocrx_word' id='word_1_129' title='bbox 1054 933 1173 973; x_wconf 88' lang='lat' dir='ltr'>illud</span> <span class='ocrx_word' id='word_1_130' title='bbox 1211 934 1392 975; x_wconf 85' lang='lat' dir='ltr'>initium</span> <span class='ocrx_word' id='word_1_131' title='bbox 1422 936 1573 977; x_wconf 87' lang='lat' dir='ltr'>civilis</span> <span class='ocrx_word' id='word_1_132' title='bbox 1602 937 1713 978; x_wconf 92' lang='lat' dir='ltr'>belli</span> 
     </span>
     <span class='ocr_line' id='line_1_17' title="bbox 224 989 1713 1047; baseline 0.002 -16"><span class='ocrx_word' id='word_1_133' title='bbox 224 1003 359 1044; x_wconf 87' lang='lat' dir='ltr'>saepe</span> <span class='ocrx_word' id='word_1_134' title='bbox 389 989 568 1031; x_wconf 87' lang='lat' dir='ltr'>deflevi.</span> <span class='ocrx_word' id='word_1_135' title='bbox 629 989 777 1041; x_wconf 80' lang='lat' dir='ltr'>Quum</span> <span class='ocrx_word' id='word_1_136' title='bbox 807 1001 915 1030; x_wconf 88' lang='lat' dir='ltr'>vero</span> <span class='ocrx_word' id='word_1_137' title='bbox 951 1002 1039 1029; x_wconf 90' lang='lat' dir='ltr'>non</span> <span class='ocrx_word' id='word_1_138' title='bbox 1069 989 1230 1031; x_wconf 85' lang='lat' dir='ltr'>liceret</span> <span class='ocrx_word' id='word_1_139' title='bbox 1257 990 1374 1031; x_wconf 88' lang='lat' dir='ltr'>mihi</span> <span class='ocrx_word' id='word_1_140' title='bbox 1412 991 1582 1034; x_wconf 90' lang='lat' dir='ltr'>nullius</span> <span class='ocrx_word' id='word_1_141' title='bbox 1612 1005 1713 1047; x_wconf 87' lang='lat' dir='ltr'>par-</span> 
     </span>
     <span class='ocr_line' id='line_1_18' title="bbox 224 1044 1715 1099; baseline 0.003 -13"><span class='ocrx_word' id='word_1_142' title='bbox 224 1045 283 1086; x_wconf 87' lang='lat' dir='ltr'>tis</span> <span class='ocrx_word' id='word_1_143' title='bbox 324 1058 436 1090; x_wconf 89' lang='lat' dir='ltr'>esse,</span> <span class='ocrx_word' id='word_1_144' title='bbox 476 1045 584 1099; x_wconf 90' lang='lat' dir='ltr'>quia</span> <span class='ocrx_word' id='word_1_145' title='bbox 620 1044 862 1097; x_wconf 85' lang='lat' dir='ltr'>utrobique</span> <span class='ocrx_word' id='word_1_146' title='bbox 900 1056 1085 1097; x_wconf 80' lang='lat' dir='ltr'>magnos</span> <span class='ocrx_word' id='word_1_147' title='bbox 1122 1044 1332 1087; x_wconf 89' lang='lat' dir='ltr'>inimicos</span> <span class='ocrx_word' id='word_1_148' title='bbox 1370 1045 1612 1097; x_wconf 82' lang='lat' dir='ltr'>habebam3</span> <span class='ocrx_word' id='word_1_149' title='bbox 1661 1061 1715 1090; x_wconf 81' lang='lat' dir='ltr'>ea</span> 
     </span>
     <span class='ocr_line' id='line_1_19' title="bbox 224 1098 1719 1154; baseline 0.001 -12"><span class='ocrx_word' id='word_1_150' title='bbox 224 1103 375 1142; x_wconf 88' lang='lat' dir='ltr'>castra</span> <span class='ocrx_word' id='word_1_151' title='bbox 404 1100 517 1154; x_wconf 84' lang='lat' dir='ltr'>fugi,</span> <span class='ocrx_word' id='word_1_152' title='bbox 547 1099 594 1139; x_wconf 93' lang='lat' dir='ltr'>in</span> <span class='ocrx_word' id='word_1_153' title='bbox 625 1099 785 1153; x_wconf 90' lang='lat' dir='ltr'>quibus</span> <span class='ocrx_word' id='word_1_154' title='bbox 816 1099 949 1151; x_wconf 85' lang='lat' dir='ltr'>plane</span> <span class='ocrx_word' id='word_1_155' title='bbox 978 1102 1122 1139; x_wconf 91' lang='lat' dir='ltr'>tutum</span> <span class='ocrx_word' id='word_1_156' title='bbox 1151 1113 1222 1141; x_wconf 90' lang='lat' dir='ltr'>me</span> <span class='ocrx_word' id='word_1_157' title='bbox 1253 1101 1306 1140; x_wconf 89' lang='lat' dir='ltr'>ab</span> <span class='ocrx_word' id='word_1_158' title='bbox 1324 1101 1507 1143; x_wconf 89' lang='lat' dir='ltr'>insidiis</span> <span class='ocrx_word' id='word_1_159' title='bbox 1536 1098 1719 1144; x_wconf 59' lang='lat' dir='ltr'>inimici&gt;</span> 
     </span>
    </p>
   </div>
   <div class='ocr_carea' id='block_1_3' title="bbox 223 1153 1713 1211">
    <p class='ocr_par' dir='ltr' id='par_1_4' title="bbox 223 1153 1713 1211">
     <span class='ocr_line' id='line_1_20' title="bbox 223 1153 1713 1211; baseline 0.001 -12"><span class='ocrx_word' id='word_1_160' title='bbox 223 1156 418 1199; x_wconf 88' lang='lat' dir='ltr'>sciebam</span> <span class='ocrx_word' id='word_1_161' title='bbox 448 1168 534 1197; x_wconf 88' lang='lat' dir='ltr'>non</span> <span class='ocrx_word' id='word_1_162' title='bbox 572 1153 794 1197; x_wconf 76' lang='lat' dir='ltr'>futurum:</span> <span class='ocrx_word' id='word_1_163' title='bbox 837 1154 1095 1209; x_wconf 89' lang='lat' dir='ltr'>compulsus</span> <span class='ocrx_word' id='word_1_164' title='bbox 1136 1167 1204 1202; x_wconf 90' lang='lat' dir='ltr'>eo,</span> <span class='ocrx_word' id='word_1_165' title='bbox 1242 1169 1331 1211; x_wconf 92' lang='lat' dir='ltr'>quo</span> <span class='ocrx_word' id='word_1_166' title='bbox 1370 1156 1552 1201; x_wconf 86' lang='lat' dir='ltr'>minime</span> <span class='ocrx_word' id='word_1_167' title='bbox 1590 1159 1713 1202; x_wconf 82' lang='lat' dir='ltr'>vole-</span> 
     </span>
    </p>
   </div>
   <div class='ocr_carea' id='block_1_4' title="bbox 206 1351 1769 2754">
    <p class='ocr_par' dir='ltr' id='par_1_5' title="bbox 220 1351 1711 1653">
     <span class='ocr_line' id='line_1_21' title="bbox 221 1351 1711 1407; baseline -0.003 -9"><span class='ocrx_word' id='word_1_168' title='bbox 221 1376 310 1398; x_wconf 74' lang='lat' dir='ltr'>nem</span> <span class='ocrx_word' id='word_1_169' title='bbox 335 1362 502 1398; x_wconf 70' lang='lat' dir='ltr'>viventis</span> <span class='ocrx_word' id='word_1_170' title='bbox 529 1361 668 1407; x_wconf 70' lang='lat' dir='ltr'>posuit.</span> <span class='ocrx_word' id='word_1_171' title='bbox 697 1360 780 1393; x_wconf 73' lang='lat' dir='ltr'>vid.</span> <span class='ocrx_word' id='word_1_172' title='bbox 809 1360 904 1394; x_wconf 77' lang='lat' dir='ltr'>pun.</span> <span class='ocrx_word' id='word_1_173' title='bbox 930 1359 1014 1398; x_wconf 83' lang='lat' dir='ltr'>vn,</span> <span class='ocrx_word' id='word_1_174' title='bbox 1040 1360 1097 1395; x_wconf 88' lang='lat'>30.</span> <span class='ocrx_word' id='word_1_175' title='bbox 1126 1360 1270 1404; x_wconf 80' lang='lat' dir='ltr'>XXXV,</span> <span class='ocrx_word' id='word_1_176' title='bbox 1296 1361 1330 1396; x_wconf 87' lang='lat'>2.</span> <span class='ocrx_word' id='word_1_177' title='bbox 1355 1359 1555 1394; x_wconf 81' lang='lat' dir='ltr'>MANUT.</span> <span class='ocrx_word' id='word_1_178' title='bbox 1607 1351 1711 1395; x_wconf 66' lang='lat' dir='ltr'>Uber</span> 
     </span>
     <span class='ocr_line' id='line_1_22' title="bbox 222 1407 1710 1457; baseline -0.003 -12"><span class='ocrx_word' id='word_1_179' title='bbox 222 1413 352 1447; x_wconf 80' lang='lat' dir='ltr'>diesen</span> <span class='ocrx_word' id='word_1_180' title='bbox 384 1410 684 1457; x_wconf 77' lang='lat' dir='ltr'>nachmahligen</span> <span class='ocrx_word' id='word_1_181' title='bbox 717 1408 952 1443; x_wconf 82' lang='lat' dir='ltr'>Beschiitzer</span> <span class='ocrx_word' id='word_1_182' title='bbox 987 1407 1051 1442; x_wconf 85' lang='lat' dir='ltr'>des</span> <span class='ocrx_word' id='word_1_183' title='bbox 1085 1408 1272 1455; x_wconf 81' lang='lat' dir='ltr'>Virgilius</span> <span class='ocrx_word' id='word_1_184' title='bbox 1301 1408 1378 1442; x_wconf 89' lang='lat' dir='ltr'>und</span> <span class='ocrx_word' id='word_1_185' title='bbox 1415 1407 1595 1443; x_wconf 83' lang='lat' dir='ltr'>Horatius</span> <span class='ocrx_word' id='word_1_186' title='bbox 1633 1409 1710 1442; x_wconf 77' lang='lat' dir='ltr'>und</span> 
     </span>
     <span class='ocr_line' id='line_1_23' title="bbox 222 1456 1707 1499; baseline -0.003 -5"><span class='ocrx_word' id='word_1_187' title='bbox 222 1459 491 1494; x_wconf 85' lang='lat' dir='ltr'>Kunstrichter</span> <span class='ocrx_word' id='word_1_188' title='bbox 528 1470 558 1492; x_wconf 89' lang='lat' dir='ltr'>s.</span> <span class='ocrx_word' id='word_1_189' title='bbox 592 1457 731 1492; x_wconf 86' lang='lat' dir='ltr'>Vellei.</span> <span class='ocrx_word' id='word_1_190' title='bbox 767 1458 916 1491; x_wconf 72' lang='lat' dir='ltr'>Patere.v</span> <span class='ocrx_word' id='word_1_191' title='bbox 949 1456 1001 1499; x_wconf 85' lang='grc' dir='ltr'>ΙΙ,</span> <span class='ocrx_word' id='word_1_192' title='bbox 1034 1457 1092 1491; x_wconf 83' lang='grc'>86.</span> <span class='ocrx_word' id='word_1_193' title='bbox 1142 1456 1264 1490; x_wconf 83' lang='lat' dir='ltr'>Tacit.</span> <span class='ocrx_word' id='word_1_194' title='bbox 1302 1456 1347 1489; x_wconf 89' lang='lat' dir='ltr'>de</span> <span class='ocrx_word' id='word_1_195' title='bbox 1373 1456 1474 1492; x_wconf 87' lang='lat' dir='ltr'>Orat.</span> <span class='ocrx_word' id='word_1_196' title='bbox 1507 1467 1540 1489; x_wconf 88' lang='lat' dir='ltr'>c.</span> <span class='ocrx_word' id='word_1_197' title='bbox 1568 1458 1623 1492; x_wconf 84' lang='lat'>17.</span> <span class='ocrx_word' id='word_1_198' title='bbox 1649 1458 1707 1492; x_wconf 72' lang='lat'>34.</span> 
     </span>
     <span class='ocr_line' id='line_1_24' title="bbox 221 1501 1707 1552; baseline -0.003 -10"><span class='ocrx_word' id='word_1_199' title='bbox 221 1510 351 1543; x_wconf 80' lang='lat' dir='ltr'>Horat.</span> <span class='ocrx_word' id='word_1_200' title='bbox 379 1501 503 1542; x_wconf 77' lang='lat' dir='ltr'>Cat-m.</span> <span class='ocrx_word' id='word_1_201' title='bbox 536 1505 587 1546; x_wconf 79' lang='lat' dir='ltr'>II,</span> <span class='ocrx_word' id='word_1_202' title='bbox 619 1508 650 1540; x_wconf 91' lang='lat' dir='ltr'>l.</span> <span class='ocrx_word' id='word_1_203' title='bbox 686 1504 760 1539; x_wconf 86' lang='lat' dir='ltr'>Sat.</span> <span class='ocrx_word' id='word_1_204' title='bbox 788 1504 819 1546; x_wconf 86' lang='lat' dir='ltr'>I,</span> <span class='ocrx_word' id='word_1_205' title='bbox 848 1506 903 1545; x_wconf 81' lang='lat'>10,</span> <span class='ocrx_word' id='word_1_206' title='bbox 929 1504 988 1539; x_wconf 80' lang='lat'>85.</span> <span class='ocrx_word' id='word_1_207' title='bbox 1024 1503 1165 1551; x_wconf 76' lang='lat' dir='ltr'>Virgil.</span> <span class='ocrx_word' id='word_1_208' title='bbox 1200 1503 1338 1552; x_wconf 78' lang='lat' dir='ltr'>Eclog.</span> <span class='ocrx_word' id='word_1_209' title='bbox 1372 1504 1444 1543; x_wconf 89' lang='lat'>111,</span> <span class='ocrx_word' id='word_1_210' title='bbox 1470 1504 1527 1539; x_wconf 83' lang='lat'>86.</span> <span class='ocrx_word' id='word_1_211' title='bbox 1577 1503 1707 1538; x_wconf 80' lang='lat' dir='ltr'>Thor-=</span> 
     </span>
     <span class='ocr_line' id='line_1_25' title="bbox 220 1550 1705 1591; baseline -0.003 -1"><span class='ocrx_word' id='word_1_212' title='bbox 220 1557 358 1590; x_wconf 86' lang='lat' dir='ltr'>becke:</span> <span class='ocrx_word' id='word_1_213' title='bbox 387 1553 663 1591; x_wconf 84' lang='lat' dir='ltr'>Commentatio</span> <span class='ocrx_word' id='word_1_214' title='bbox 689 1553 736 1586; x_wconf 84' lang='lat' dir='ltr'>de</span> <span class='ocrx_word' id='word_1_215' title='bbox 754 1551 794 1586; x_wconf 95' lang='lat' dir='ltr'>C.</span> <span class='ocrx_word' id='word_1_216' title='bbox 810 1551 935 1585; x_wconf 87' lang='lat' dir='ltr'>Asinii</span> <span class='ocrx_word' id='word_1_217' title='bbox 960 1550 1142 1586; x_wconf 88' lang='lat' dir='ltr'>Pollionis</span> <span class='ocrx_word' id='word_1_218' title='bbox 1166 1551 1246 1585; x_wconf 84' lang='lat' dir='ltr'>vita</span> <span class='ocrx_word' id='word_1_219' title='bbox 1272 1558 1310 1586; x_wconf 88' lang='lat' dir='ltr'>et</span> <span class='ocrx_word' id='word_1_220' title='bbox 1335 1551 1470 1586; x_wconf 84' lang='lat' dir='ltr'>studiis</span> <span class='ocrx_word' id='word_1_221' title='bbox 1495 1551 1705 1587; x_wconf 77' lang='lat' dir='ltr'>doctrinae.</span> 
     </span>
     <span class='ocr_line' id='line_1_26' title="bbox 221 1598 1290 1653; baseline -0.005 -16"><span class='ocrx_word' id='word_1_222' title='bbox 221 1603 398 1653; x_wconf 79' lang='lat' dir='ltr'>Lugduni</span> <span class='ocrx_word' id='word_1_223' title='bbox 423 1605 550 1637; x_wconf 84' lang='lat' dir='ltr'>Batav.</span> <span class='ocrx_word' id='word_1_224' title='bbox 577 1602 680 1636; x_wconf 82' lang='lat'>1820.</span> <span class='ocrx_word' id='word_1_225' title='bbox 706 1601 740 1636; x_wconf 89' lang='grc'>8.</span> <span class='ocrx_word' id='word_1_226' title='bbox 766 1612 803 1634; x_wconf 86' lang='lat' dir='ltr'>u.</span> <span class='ocrx_word' id='word_1_227' title='bbox 831 1600 994 1633; x_wconf 86' lang='lat' dir='ltr'>Graeter</span> <span class='ocrx_word' id='word_1_228' title='bbox 1019 1612 1068 1633; x_wconf 87' lang='lat' dir='ltr'>zu</span> <span class='ocrx_word' id='word_1_229' title='bbox 1092 1599 1127 1633; x_wconf 89' lang='lat' dir='ltr'>d.</span> <span class='ocrx_word' id='word_1_230' title='bbox 1154 1598 1290 1634; x_wconf 81' lang='lat' dir='ltr'>stelle.</span> 
     </span>
    </p>

    <p class='ocr_par' dir='ltr' id='par_1_6' title="bbox 216 1646 1769 1973">
     <span class='ocr_line' id='line_1_27' title="bbox 316 1646 1706 1693; baseline -0.001 -8"><span class='ocrx_word' id='word_1_231' title='bbox 316 1655 347 1686; x_wconf 91' lang='lat' dir='ltr'>l.</span> <span class='ocrx_word' id='word_1_232' title='bbox 375 1653 492 1685; x_wconf 80' lang='lat' dir='ltr'>saltus</span> <span class='ocrx_word' id='word_1_233' title='bbox 520 1649 723 1690; x_wconf 61' lang='lat' dir='ltr'>Castulon„</span> <span class='ocrx_word' id='word_1_234' title='bbox 751 1647 819 1681; x_wconf 83' lang='lat' dir='ltr'>der</span> <span class='ocrx_word' id='word_1_235' title='bbox 839 1647 1045 1693; x_wconf 85' lang='lat' dir='ltr'>Waldpass</span> <span class='ocrx_word' id='word_1_236' title='bbox 1071 1646 1131 1681; x_wconf 90' lang='lat' dir='ltr'>bei</span> <span class='ocrx_word' id='word_1_237' title='bbox 1157 1647 1323 1691; x_wconf 83' lang='lat' dir='ltr'>Castulo,</span> <span class='ocrx_word' id='word_1_238' title='bbox 1349 1647 1444 1682; x_wconf 86' lang='lat' dir='ltr'>ietzt</span> <span class='ocrx_word' id='word_1_239' title='bbox 1464 1648 1635 1691; x_wconf 89' lang='lat' dir='ltr'>Caslona,</span> <span class='ocrx_word' id='word_1_240' title='bbox 1660 1660 1706 1683; x_wconf 88' lang='lat' dir='ltr'>an</span> 
     </span>
     <span class='ocr_line' id='line_1_28' title="bbox 218 1695 1706 1744; baseline -0.001 -12"><span class='ocrx_word' id='word_1_241' title='bbox 218 1700 305 1734; x_wconf 85' lang='lat' dir='ltr'>dem</span> <span class='ocrx_word' id='word_1_242' title='bbox 330 1700 443 1742; x_wconf 82' lang='lat' dir='ltr'>B&#39;a&#39;tis,</span> <span class='ocrx_word' id='word_1_243' title='bbox 470 1700 557 1733; x_wconf 89' lang='lat' dir='ltr'>dem</span> <span class='ocrx_word' id='word_1_244' title='bbox 581 1697 767 1744; x_wconf 83' lang='lat' dir='ltr'>heutigen</span> <span class='ocrx_word' id='word_1_245' title='bbox 794 1695 1085 1739; x_wconf 87' lang='lat' dir='ltr'>Guadalquivir,</span> <span class='ocrx_word' id='word_1_246' title='bbox 1121 1695 1317 1730; x_wconf 87' lang='lat' dir='ltr'>zwischen</span> <span class='ocrx_word' id='word_1_247' title='bbox 1341 1696 1603 1730; x_wconf 89' lang='lat' dir='ltr'>Neucastilien</span> <span class='ocrx_word' id='word_1_248' title='bbox 1628 1697 1706 1731; x_wconf 88' lang='lat' dir='ltr'>und</span> 
     </span>
     <span class='ocr_line' id='line_1_29' title="bbox 223 1744 1704 1789; baseline -0.002 -8"><span class='ocrx_word' id='word_1_249' title='bbox 223 1747 465 1782; x_wconf 83' lang='lat' dir='ltr'>Andalusien.</span> <span class='ocrx_word' id='word_1_250' title='bbox 492 1746 587 1780; x_wconf 85' lang='lat' dir='ltr'>Plin.</span> <span class='ocrx_word' id='word_1_251' title='bbox 615 1745 688 1788; x_wconf 92' lang='lat' dir='ltr'>III,</span> <span class='ocrx_word' id='word_1_252' title='bbox 711 1746 749 1781; x_wconf 78' lang='lat'>3.</span> <span class='ocrx_word' id='word_1_253' title='bbox 777 1763 825 1768; x_wconf 96' lang='lat'><strong>—</strong></span> <span class='ocrx_word' id='word_1_254' title='bbox 857 1744 984 1786; x_wconf 75' lang='lat' dir='ltr'>tenuit,</span> <span class='ocrx_word' id='word_1_255' title='bbox 1011 1749 1224 1778; x_wconf 83' lang='lat' dir='ltr'>remoratus</span> <span class='ocrx_word' id='word_1_256' title='bbox 1251 1750 1318 1778; x_wconf 86' lang='lat' dir='ltr'>est.</span> <span class='ocrx_word' id='word_1_257' title='bbox 1346 1762 1388 1768; x_wconf 97' lang='lat'>—</span> <span class='ocrx_word' id='word_1_258' title='bbox 1420 1744 1608 1789; x_wconf 81' lang='lat' dir='ltr'>infestior,</span> <span class='ocrx_word' id='word_1_259' title='bbox 1635 1757 1704 1778; x_wconf 87' lang='lat' dir='ltr'>un-</span> 
     </span>
     <span class='ocr_line' id='line_1_30' title="bbox 216 1791 1705 1838; baseline -0.001 -9"><span class='ocrx_word' id='word_1_260' title='bbox 216 1795 403 1830; x_wconf 82' lang='lat' dir='ltr'>sicherer.</span> <span class='ocrx_word' id='word_1_261' title='bbox 431 1816 474 1822; x_wconf 90' lang='lat'>-</span> <span class='ocrx_word' id='word_1_262' title='bbox 507 1803 655 1838; x_wconf 80' lang='lat' dir='ltr'>nequaq.</span> <span class='ocrx_word' id='word_1_263' title='bbox 683 1796 786 1826; x_wconf 80' lang='lat' dir='ltr'>tanta</span> <span class='ocrx_word' id='word_1_264' title='bbox 809 1791 849 1825; x_wconf 84' lang='lat' dir='ltr'>in</span> <span class='ocrx_word' id='word_1_265' title='bbox 873 1803 980 1826; x_wconf 85' lang='lat' dir='ltr'>mora</span> <span class='ocrx_word' id='word_1_266' title='bbox 1005 1795 1070 1834; x_wconf 83' lang='lat' dir='ltr'>est,</span> <span class='ocrx_word' id='word_1_267' title='bbox 1096 1796 1233 1836; x_wconf 80' lang='lat' dir='ltr'>quanta</span> <span class='ocrx_word' id='word_1_268' title='bbox 1258 1792 1299 1825; x_wconf 90' lang='lat' dir='ltr'>in</span> <span class='ocrx_word' id='word_1_269' title='bbox 1323 1802 1429 1826; x_wconf 86' lang='lat' dir='ltr'>mora</span> <span class='ocrx_word' id='word_1_270' title='bbox 1453 1797 1549 1832; x_wconf 88' lang='lat' dir='ltr'>sunt,</span> <span class='ocrx_word' id='word_1_271' title='bbox 1575 1793 1705 1827; x_wconf 87' lang='lat' dir='ltr'>macht</span> 
     </span>
     <span class='ocr_line' id='line_1_31' title="bbox 217 1839 1769 1890; baseline -0.001 -14"><span class='ocrx_word' id='word_1_272' title='bbox 217 1843 354 1877; x_wconf 87' lang='lat' dir='ltr'>iedoch</span> <span class='ocrx_word' id='word_1_273' title='bbox 390 1843 523 1877; x_wconf 84' lang='lat' dir='ltr'>keines</span> <span class='ocrx_word' id='word_1_274' title='bbox 547 1842 697 1890; x_wconf 83' lang='lat' dir='ltr'>Weges</span> <span class='ocrx_word' id='word_1_275' title='bbox 731 1841 843 1874; x_wconf 86' lang='lat' dir='ltr'>einen</span> <span class='ocrx_word' id='word_1_276' title='bbox 877 1851 916 1874; x_wconf 84' lang='lat' dir='ltr'>so</span> <span class='ocrx_word' id='word_1_277' title='bbox 952 1851 1110 1888; x_wconf 86' lang='lat' dir='ltr'>grossen</span> <span class='ocrx_word' id='word_1_278' title='bbox 1136 1839 1361 1874; x_wconf 84' lang='lat' dir='ltr'>Aufenthalt</span> <span class='ocrx_word' id='word_1_279' title='bbox 1393 1840 1462 1874; x_wconf 88' lang='lat' dir='ltr'>der</span> <span class='ocrx_word' id='word_1_280' title='bbox 1486 1841 1616 1883; x_wconf 84' lang='lat' dir='ltr'>Boten,</span> <span class='ocrx_word' id='word_1_281' title='bbox 1648 1841 1703 1874; x_wconf 80' lang='lat' dir='ltr'>als</span> <span class='ocrx_word' id='word_1_282' title='bbox 1765 1856 1769 1859; x_wconf 57' lang='grc'><em>’</em></span> 
     </span>
     <span class='ocr_line' id='line_1_32' title="bbox 219 1887 1705 1935; baseline -0.002 -10"><span class='ocrx_word' id='word_1_283' title='bbox 219 1892 288 1925; x_wconf 83' lang='lat' dir='ltr'>Die</span> <span class='ocrx_word' id='word_1_284' title='bbox 314 1904 348 1925; x_wconf 87' lang='lat' dir='ltr'>u.</span> <span class='ocrx_word' id='word_1_285' title='bbox 377 1904 405 1926; x_wconf 92' lang='lat' dir='ltr'>s.</span> <span class='ocrx_word' id='word_1_286' title='bbox 425 1903 473 1927; x_wconf 84' lang='lat' dir='ltr'>w.</span> <span class='ocrx_word' id='word_1_287' title='bbox 497 1909 537 1915; x_wconf 92' lang='lat'>—</span> <span class='ocrx_word' id='word_1_288' title='bbox 568 1890 614 1924; x_wconf 81' lang='lat' dir='ltr'>ab</span> <span class='ocrx_word' id='word_1_289' title='bbox 639 1893 793 1934; x_wconf 79' lang='lat' dir='ltr'>utraque</span> <span class='ocrx_word' id='word_1_290' title='bbox 816 1892 938 1933; x_wconf 84' lang='lat' dir='ltr'>parte,</span> <span class='ocrx_word' id='word_1_291' title='bbox 965 1888 1116 1935; x_wconf 80' lang='lat' dir='ltr'>Lepidi,</span> <span class='ocrx_word' id='word_1_292' title='bbox 1142 1887 1313 1931; x_wconf 87' lang='lat' dir='ltr'>Antonii,</span> <span class='ocrx_word' id='word_1_293' title='bbox 1341 1889 1386 1923; x_wconf 89' lang='lat' dir='ltr'>D.</span> <span class='ocrx_word' id='word_1_294' title='bbox 1412 1888 1532 1923; x_wconf 87' lang='lat' dir='ltr'>Bruti.</span> <span class='ocrx_word' id='word_1_295' title='bbox 1548 1889 1705 1932; x_wconf 68' lang='lat' dir='ltr'>—istic‚</span> 
     </span>
     <span class='ocr_line' id='line_1_33' title="bbox 218 1940 370 1973; baseline -0.007 0"><span class='ocrx_word' id='word_1_296' title='bbox 218 1940 370 1973; x_wconf 82' lang='lat' dir='ltr'>Romae.</span> 
     </span>
    </p>

    <p class='ocr_par' dir='ltr' id='par_1_7' title="bbox 206 1984 1701 2754">
     <span class='ocr_line' id='line_1_34' title="bbox 311 1984 1700 2029; baseline -0.003 -6"><span class='ocrx_word' id='word_1_297' title='bbox 311 1989 344 2023; x_wconf 84' lang='lat'>2.</span> <span class='ocrx_word' id='word_1_298' title='bbox 389 1987 445 2022; x_wconf 82' lang='lat' dir='ltr'>Nc</span> <span class='ocrx_word' id='word_1_299' title='bbox 470 1996 619 2021; x_wconf 75' lang='lat' dir='ltr'>movear</span> <span class='ocrx_word' id='word_1_300' title='bbox 644 1985 732 2028; x_wconf 78' lang='lat' dir='ltr'>eius,</span> <span class='ocrx_word' id='word_1_301' title='bbox 762 1987 811 2020; x_wconf 88' lang='grc' dir='ltr'>Μ.</span> <span class='ocrx_word' id='word_1_302' title='bbox 841 1984 1012 2028; x_wconf 81' lang='lat' dir='ltr'>Antonii,</span> <span class='ocrx_word' id='word_1_303' title='bbox 1047 1994 1157 2019; x_wconf 79' lang='lat' dir='ltr'>serm.</span> <span class='ocrx_word' id='word_1_304' title='bbox 1184 2009 1193 2019; x_wconf 86' lang='lat'>.</span> <span class='ocrx_word' id='word_1_305' title='bbox 1221 2009 1229 2017; x_wconf 92' lang='lat'>.</span> <span class='ocrx_word' id='word_1_306' title='bbox 1259 2009 1267 2018; x_wconf 88' lang='lat'>.</span> <span class='ocrx_word' id='word_1_307' title='bbox 1293 1984 1498 2029; x_wconf 81' lang='lat' dir='ltr'>periculum</span> <span class='ocrx_word' id='word_1_308' title='bbox 1530 1996 1600 2019; x_wconf 79' lang='lat' dir='ltr'>non</span> <span class='ocrx_word' id='word_1_309' title='bbox 1634 1989 1700 2027; x_wconf 78' lang='lat' dir='ltr'>est,</span> 
     </span>
     <span class='ocr_line' id='line_1_35' title="bbox 216 2032 1701 2079; baseline 0.001 -12"><span class='ocrx_word' id='word_1_310' title='bbox 216 2034 297 2068; x_wconf 85' lang='lat' dir='ltr'>dass</span> <span class='ocrx_word' id='word_1_311' title='bbox 331 2034 396 2068; x_wconf 84' lang='lat' dir='ltr'>ich</span> <span class='ocrx_word' id='word_1_312' title='bbox 429 2035 533 2068; x_wconf 86' lang='lat' dir='ltr'>mich</span> <span class='ocrx_word' id='word_1_313' title='bbox 568 2034 692 2068; x_wconf 88' lang='lat' dir='ltr'>durch</span> <span class='ocrx_word' id='word_1_314' title='bbox 729 2034 791 2068; x_wconf 89' lang='lat' dir='ltr'>die</span> <span class='ocrx_word' id='word_1_315' title='bbox 826 2033 1185 2079; x_wconf 72' lang='lat' dir='ltr'>Vorspiegelunwen</span> <span class='ocrx_word' id='word_1_316' title='bbox 1219 2032 1284 2067; x_wconf 88' lang='lat' dir='ltr'>des</span> <span class='ocrx_word' id='word_1_317' title='bbox 1317 2035 1364 2066; x_wconf 89' lang='lat' dir='ltr'>M.</span> <span class='ocrx_word' id='word_1_318' title='bbox 1399 2033 1584 2068; x_wconf 84' lang='lat' dir='ltr'>Antonius</span> <span class='ocrx_word' id='word_1_319' title='bbox 1620 2034 1701 2069; x_wconf 82' lang='lat' dir='ltr'>irre</span> 
     </span>
     <span class='ocr_line' id='line_1_36' title="bbox 215 2061 1698 2123; baseline -0.001 -8"><span class='ocrx_word' id='word_1_320' title='bbox 215 2083 379 2118; x_wconf 77' lang='lat' dir='ltr'>macheu</span> <span class='ocrx_word' id='word_1_321' title='bbox 416 2083 542 2122; x_wconf 86' lang='lat' dir='ltr'>liesse,</span> <span class='ocrx_word' id='word_1_322' title='bbox 579 2083 642 2116; x_wconf 86' lang='lat' dir='ltr'>das</span> <span class='ocrx_word' id='word_1_323' title='bbox 675 2082 743 2116; x_wconf 83' lang='lat' dir='ltr'>hat</span> <span class='ocrx_word' id='word_1_324' title='bbox 778 2082 891 2115; x_wconf 87' lang='lat' dir='ltr'>keine</span> <span class='ocrx_word' id='word_1_325' title='bbox 917 2080 1078 2123; x_wconf 86' lang='lat' dir='ltr'>Gefahr,</span> <span class='ocrx_word' id='word_1_326' title='bbox 1110 2061 1176 2114; x_wconf 57' lang='lat' dir='ltr'>fias</span> <span class='ocrx_word' id='word_1_327' title='bbox 1212 2080 1261 2114; x_wconf 87' lang='lat' dir='ltr'>ist</span> <span class='ocrx_word' id='word_1_328' title='bbox 1285 2081 1394 2115; x_wconf 84' lang='lat' dir='ltr'>nicht</span> <span class='ocrx_word' id='word_1_329' title='bbox 1430 2093 1479 2114; x_wconf 85' lang='lat' dir='ltr'>zu</span> <span class='ocrx_word' id='word_1_330' title='bbox 1504 2080 1698 2116; x_wconf 80' lang='lat' dir='ltr'>fiirchten.</span> 
     </span>
     <span class='ocr_line' id='line_1_37' title="bbox 215 2128 1699 2166; baseline 0 -3"><span class='ocrx_word' id='word_1_331' title='bbox 215 2130 280 2164; x_wconf 84' lang='lat' dir='ltr'>Sic</span> <span class='ocrx_word' id='word_1_332' title='bbox 306 2131 403 2165; x_wconf 83' lang='lat' dir='ltr'>Vict.</span> <span class='ocrx_word' id='word_1_333' title='bbox 429 2133 462 2166; x_wconf 79' lang='lat'>2.</span> <span class='ocrx_word' id='word_1_334' title='bbox 489 2130 618 2164; x_wconf 87' lang='lat' dir='ltr'>Lamb.</span> <span class='ocrx_word' id='word_1_335' title='bbox 647 2130 786 2164; x_wconf 87' lang='lat' dir='ltr'>Graev.</span> <span class='ocrx_word' id='word_1_336' title='bbox 812 2129 907 2163; x_wconf 88' lang='lat' dir='ltr'>Ern.</span> <span class='ocrx_word' id='word_1_337' title='bbox 934 2139 1101 2163; x_wconf 83' lang='lat' dir='ltr'>moveare</span> <span class='ocrx_word' id='word_1_338' title='bbox 1126 2128 1197 2162; x_wconf 86' lang='lat' dir='ltr'>Md.</span> <span class='ocrx_word' id='word_1_339' title='bbox 1223 2129 1322 2163; x_wconf 88' lang='lat' dir='ltr'>Crat.</span> <span class='ocrx_word' id='word_1_340' title='bbox 1340 2131 1369 2163; x_wconf 90' lang='lat'>1.</span> <span class='ocrx_word' id='word_1_341' title='bbox 1396 2128 1537 2163; x_wconf 85' lang='lat' dir='ltr'>Vict.1.</span> <span class='ocrx_word' id='word_1_342' title='bbox 1558 2130 1699 2163; x_wconf 85' lang='lat' dir='ltr'>Bened.</span> 
     </span>
     <span class='ocr_line' id='line_1_38' title="bbox 214 2176 1700 2223; baseline 0 -11"><span class='ocrx_word' id='word_1_343' title='bbox 214 2177 303 2212; x_wconf 84' lang='lat' dir='ltr'>sch.</span> <span class='ocrx_word' id='word_1_344' title='bbox 329 2179 421 2212; x_wconf 82' lang='lat' dir='ltr'>Liin.</span> <span class='ocrx_word' id='word_1_345' title='bbox 467 2178 540 2212; x_wconf 88' lang='lat' dir='ltr'>Sed</span> <span class='ocrx_word' id='word_1_346' title='bbox 566 2178 716 2213; x_wconf 85' lang='lat' dir='ltr'>obstant</span> <span class='ocrx_word' id='word_1_347' title='bbox 742 2189 847 2223; x_wconf 85' lang='lat' dir='ltr'>seqq.</span> <span class='ocrx_word' id='word_1_348' title='bbox 871 2178 1076 2221; x_wconf 80' lang='lat' dir='ltr'>periculum</span> <span class='ocrx_word' id='word_1_349' title='bbox 1098 2186 1168 2209; x_wconf 81' lang='lat' dir='ltr'>non</span> <span class='ocrx_word' id='word_1_350' title='bbox 1193 2179 1258 2219; x_wconf 74' lang='lat' dir='ltr'>est,</span> <span class='ocrx_word' id='word_1_351' title='bbox 1285 2187 1357 2220; x_wconf 92' lang='lat' dir='ltr'>pro</span> <span class='ocrx_word' id='word_1_352' title='bbox 1384 2176 1518 2220; x_wconf 87' lang='lat' dir='ltr'>quibus</span> <span class='ocrx_word' id='word_1_353' title='bbox 1544 2177 1700 2212; x_wconf 85' lang='lat' dir='ltr'>deberet</span> 
     </span>
     <span class='ocr_line' id='line_1_39' title="bbox 213 2224 1699 2268; baseline -0.001 -8"><span class='ocrx_word' id='word_1_354' title='bbox 213 2237 294 2260; x_wconf 79' lang='lat' dir='ltr'>esse</span> <span class='ocrx_word' id='word_1_355' title='bbox 330 2231 365 2260; x_wconf 83' lang='lat' dir='ltr'>te</span> <span class='ocrx_word' id='word_1_356' title='bbox 400 2237 506 2268; x_wconf 77' lang='lat' dir='ltr'>rogo,</span> <span class='ocrx_word' id='word_1_357' title='bbox 544 2227 623 2260; x_wconf 78' lang='grc' dir='ltr'>ΟΒ.</span> <span class='ocrx_word' id='word_1_358' title='bbox 675 2225 819 2261; x_wconf 80' lang='lat' dir='ltr'>Schiitz</span> <span class='ocrx_word' id='word_1_359' title='bbox 854 2225 1003 2258; x_wconf 77' lang='lat' dir='ltr'>erkl‘art</span> <span class='ocrx_word' id='word_1_360' title='bbox 1034 2234 1221 2258; x_wconf 73' lang='lat' dir='ltr'>moveare:</span> <span class='ocrx_word' id='word_1_361' title='bbox 1258 2224 1344 2258; x_wconf 88' lang='lat' dir='ltr'>Non</span> <span class='ocrx_word' id='word_1_362' title='bbox 1368 2231 1528 2258; x_wconf 87' lang='lat' dir='ltr'>veretur</span> <span class='ocrx_word' id='word_1_363' title='bbox 1561 2225 1699 2268; x_wconf 85' lang='lat' dir='ltr'>Pollio,</span> 
     </span>
     <span class='ocr_line' id='line_1_40' title="bbox 213 2271 1697 2315; baseline -0.001 -7"><span class='ocrx_word' id='word_1_364' title='bbox 213 2287 263 2308; x_wconf 86' lang='lat' dir='ltr'>ne</span> <span class='ocrx_word' id='word_1_365' title='bbox 278 2274 414 2309; x_wconf 87' lang='lat' dir='ltr'>Cicero</span> <span class='ocrx_word' id='word_1_366' title='bbox 441 2281 640 2309; x_wconf 84' lang='lat' dir='ltr'>moveatur</span> <span class='ocrx_word' id='word_1_367' title='bbox 653 2274 810 2308; x_wconf 88' lang='lat' dir='ltr'>Antonii</span> <span class='ocrx_word' id='word_1_368' title='bbox 835 2272 1085 2315; x_wconf 86' lang='lat' dir='ltr'>sermonibus,</span> <span class='ocrx_word' id='word_1_369' title='bbox 1112 2271 1292 2306; x_wconf 82' lang='lat' dir='ltr'>Pollionis</span> <span class='ocrx_word' id='word_1_370' title='bbox 1316 2271 1528 2306; x_wconf 86' lang='lat' dir='ltr'>amicitiam</span> <span class='ocrx_word' id='word_1_371' title='bbox 1551 2272 1697 2307; x_wconf 80' lang='lat' dir='ltr'>iactan-</span> 
     </span>
     <span class='ocr_line' id='line_1_41' title="bbox 213 2319 1697 2367; baseline -0.001 -10"><span class='ocrx_word' id='word_1_372' title='bbox 213 2323 273 2357; x_wconf 87' lang='lat' dir='ltr'>tis.</span> <span class='ocrx_word' id='word_1_373' title='bbox 303 2341 346 2347; x_wconf 84' lang='lat'>-—</span> <span class='ocrx_word' id='word_1_374' title='bbox 388 2320 484 2357; x_wconf 76' lang='lat' dir='ltr'>nihil</span> <span class='ocrx_word' id='word_1_375' title='bbox 508 2333 579 2356; x_wconf 84' lang='lat' dir='ltr'>non</span> <span class='ocrx_word' id='word_1_376' title='bbox 607 2347 615 2355; x_wconf 91' lang='lat'>.</span> <span class='ocrx_word' id='word_1_377' title='bbox 643 2347 650 2354; x_wconf 90' lang='lat'>.</span> <span class='ocrx_word' id='word_1_378' title='bbox 677 2322 772 2366; x_wconf 83' lang='lat' dir='ltr'>quod</span> <span class='ocrx_word' id='word_1_379' title='bbox 796 2331 921 2355; x_wconf 86' lang='lat' dir='ltr'>comm.</span> <span class='ocrx_word' id='word_1_380' title='bbox 950 2331 979 2354; x_wconf 86' lang='lat' dir='ltr'>c.</span> <span class='ocrx_word' id='word_1_381' title='bbox 1006 2320 1075 2354; x_wconf 82' lang='lat' dir='ltr'>illo</span> <span class='ocrx_word' id='word_1_382' title='bbox 1099 2319 1163 2362; x_wconf 75' lang='lat' dir='ltr'>sit,</span> <span class='ocrx_word' id='word_1_383' title='bbox 1200 2320 1276 2354; x_wconf 87' lang='lat' dir='ltr'>alle</span> <span class='ocrx_word' id='word_1_384' title='bbox 1300 2319 1697 2367; x_wconf 83' lang='lat' dir='ltr'>Beriihrungspunkte</span> 
     </span>
     <span class='ocr_line' id='line_1_42' title="bbox 212 2367 1696 2416; baseline 0 -12"><span class='ocrx_word' id='word_1_385' title='bbox 212 2371 285 2405; x_wconf 84' lang='lat' dir='ltr'>mit</span> <span class='ocrx_word' id='word_1_386' title='bbox 308 2370 412 2414; x_wconf 84' lang='lat' dir='ltr'>ihm3</span> <span class='ocrx_word' id='word_1_387' title='bbox 437 2371 558 2413; x_wconf 83' lang='lat' dir='ltr'>Anes,</span> <span class='ocrx_word' id='word_1_388' title='bbox 583 2371 707 2405; x_wconf 83' lang='lat' dir='ltr'>worin</span> <span class='ocrx_word' id='word_1_389' title='bbox 732 2369 799 2403; x_wconf 89' lang='lat' dir='ltr'>ich</span> <span class='ocrx_word' id='word_1_390' title='bbox 822 2369 894 2403; x_wconf 87' lang='lat' dir='ltr'>mit</span> <span class='ocrx_word' id='word_1_391' title='bbox 919 2368 1002 2402; x_wconf 87' lang='lat' dir='ltr'>ihm</span> <span class='ocrx_word' id='word_1_392' title='bbox 1029 2368 1070 2401; x_wconf 89' lang='lat' dir='ltr'>in</span> <span class='ocrx_word' id='word_1_393' title='bbox 1095 2367 1325 2416; x_wconf 84' lang='lat' dir='ltr'>Beriihrung</span> <span class='ocrx_word' id='word_1_394' title='bbox 1349 2368 1517 2404; x_wconf 85' lang='lat' dir='ltr'>komme.</span> <span class='ocrx_word' id='word_1_395' title='bbox 1547 2387 1589 2395; x_wconf 89' lang='lat'>—-·</span> <span class='ocrx_word' id='word_1_396' title='bbox 1614 2370 1696 2404; x_wconf 83' lang='grc' dir='ltr'>Να-</span> 
     </span>
     <span class='ocr_line' id='line_1_43' title="bbox 211 2416 1694 2462; baseline -0.001 -10"><span class='ocrx_word' id='word_1_397' title='bbox 211 2423 309 2461; x_wconf 76' lang='lat' dir='ltr'>tura,</span> <span class='ocrx_word' id='word_1_398' title='bbox 337 2418 560 2454; x_wconf 86' lang='lat' dir='ltr'>Charakter.</span> <span class='ocrx_word' id='word_1_399' title='bbox 612 2436 657 2444; x_wconf 88' lang='lat'>—-</span> <span class='ocrx_word' id='word_1_400' title='bbox 705 2418 829 2451; x_wconf 79' lang='lat' dir='ltr'>civilis</span> <span class='ocrx_word' id='word_1_401' title='bbox 854 2417 942 2450; x_wconf 81' lang='lat' dir='ltr'>belli</span> <span class='ocrx_word' id='word_1_402' title='bbox 975 2417 1078 2451; x_wconf 83' lang='lat' dir='ltr'>inter</span> <span class='ocrx_word' id='word_1_403' title='bbox 1104 2416 1298 2450; x_wconf 84' lang='lat' dir='ltr'>Caesarem</span> <span class='ocrx_word' id='word_1_404' title='bbox 1331 2421 1369 2451; x_wconf 84' lang='lat' dir='ltr'>et</span> <span class='ocrx_word' id='word_1_405' title='bbox 1394 2416 1623 2462; x_wconf 87' lang='lat' dir='ltr'>Pompeium.</span> <span class='ocrx_word' id='word_1_406' title='bbox 1650 2436 1694 2443; x_wconf 89' lang='lat'>—</span> 
     </span>
     <span class='ocr_line' id='line_1_44' title="bbox 210 2464 1692 2511; baseline -0.001 -11"><span class='ocrx_word' id='word_1_407' title='bbox 210 2467 349 2501; x_wconf 76' lang='lat' dir='ltr'>nullius</span> <span class='ocrx_word' id='word_1_408' title='bbox 370 2467 494 2511; x_wconf 80' lang='lat' dir='ltr'>partis</span> <span class='ocrx_word' id='word_1_409' title='bbox 516 2477 602 2506; x_wconf 83' lang='lat' dir='ltr'>esse,</span> <span class='ocrx_word' id='word_1_410' title='bbox 628 2465 780 2500; x_wconf 84' lang='lat' dir='ltr'>neutral</span> <span class='ocrx_word' id='word_1_411' title='bbox 805 2477 853 2499; x_wconf 88' lang='lat' dir='ltr'>zu</span> <span class='ocrx_word' id='word_1_412' title='bbox 878 2464 1039 2499; x_wconf 87' lang='lat' dir='ltr'>bleiben.</span> <span class='ocrx_word' id='word_1_413' title='bbox 1068 2483 1110 2489; x_wconf 98' lang='lat'><strong>—</strong></span> <span class='ocrx_word' id='word_1_414' title='bbox 1135 2464 1343 2509; x_wconf 78' lang='lat' dir='ltr'>utrobique,</span> <span class='ocrx_word' id='word_1_415' title='bbox 1369 2466 1438 2498; x_wconf 86' lang='lat' dir='ltr'>auf</span> <span class='ocrx_word' id='word_1_416' title='bbox 1458 2464 1595 2500; x_wconf 87' lang='lat' dir='ltr'>beiden</span> <span class='ocrx_word' id='word_1_417' title='bbox 1611 2464 1692 2499; x_wconf 89' lang='lat' dir='ltr'>Sei-</span> 
     </span>
     <span class='ocr_line' id='line_1_45' title="bbox 209 2512 1690 2560; baseline -0.001 -12"><span class='ocrx_word' id='word_1_418' title='bbox 209 2521 286 2554; x_wconf 84' lang='lat' dir='ltr'>ten,</span> <span class='ocrx_word' id='word_1_419' title='bbox 313 2514 462 2550; x_wconf 87' lang='lat' dir='ltr'>sowohl</span> <span class='ocrx_word' id='word_1_420' title='bbox 487 2515 588 2549; x_wconf 86' lang='lat' dir='ltr'>heim</span> <span class='ocrx_word' id='word_1_421' title='bbox 614 2513 812 2560; x_wconf 84' lang='lat' dir='ltr'>Pompeius</span> <span class='ocrx_word' id='word_1_422' title='bbox 838 2513 892 2547; x_wconf 87' lang='lat' dir='ltr'>als</span> <span class='ocrx_word' id='word_1_423' title='bbox 918 2513 1040 2547; x_wconf 74' lang='lat' dir='ltr'>C&#39;asar.</span> <span class='ocrx_word' id='word_1_424' title='bbox 1075 2531 1123 2538; x_wconf 93' lang='lat'><strong>—</strong></span> <span class='ocrx_word' id='word_1_425' title='bbox 1166 2523 1209 2546; x_wconf 83' lang='lat' dir='ltr'>ea</span> <span class='ocrx_word' id='word_1_426' title='bbox 1235 2516 1374 2553; x_wconf 82' lang='lat' dir='ltr'>castra,</span> <span class='ocrx_word' id='word_1_427' title='bbox 1412 2512 1495 2547; x_wconf 88' lang='lat' dir='ltr'>scil.</span> <span class='ocrx_word' id='word_1_428' title='bbox 1520 2513 1690 2558; x_wconf 82' lang='lat' dir='ltr'>Pompeii</span> 
     </span>
     <span class='ocr_line' id='line_1_46' title="bbox 207 2559 1690 2612; baseline -0.001 -16"><span class='ocrx_word' id='word_1_429' title='bbox 207 2563 294 2612; x_wconf 81' lang='lat' dir='ltr'>fugi</span> <span class='ocrx_word' id='word_1_430' title='bbox 319 2568 358 2597; x_wconf 90' lang='lat' dir='ltr'>et</span> <span class='ocrx_word' id='word_1_431' title='bbox 383 2564 550 2598; x_wconf 85' lang='lat' dir='ltr'>Caesaris</span> <span class='ocrx_word' id='word_1_432' title='bbox 577 2569 699 2597; x_wconf 85' lang='lat' dir='ltr'>castra</span> <span class='ocrx_word' id='word_1_433' title='bbox 724 2567 873 2597; x_wconf 78' lang='lat' dir='ltr'>secutus</span> <span class='ocrx_word' id='word_1_434' title='bbox 901 2572 996 2600; x_wconf 89' lang='lat' dir='ltr'>sum,</span> <span class='ocrx_word' id='word_1_435' title='bbox 1032 2561 1097 2594; x_wconf 92' lang='lat' dir='ltr'>ubi</span> <span class='ocrx_word' id='word_1_436' title='bbox 1127 2559 1226 2594; x_wconf 87' lang='lat' dir='ltr'>mihi</span> <span class='ocrx_word' id='word_1_437' title='bbox 1261 2559 1439 2594; x_wconf 87' lang='lat' dir='ltr'>inimicus</span> <span class='ocrx_word' id='word_1_438' title='bbox 1472 2560 1596 2594; x_wconf 88' lang='lat' dir='ltr'>minus</span> <span class='ocrx_word' id='word_1_439' title='bbox 1621 2572 1690 2595; x_wconf 86' lang='lat' dir='ltr'>no-</span> 
     </span>
     <span class='ocr_line' id='line_1_47' title="bbox 207 2608 1689 2656; baseline -0.001 -12"><span class='ocrx_word' id='word_1_440' title='bbox 207 2622 295 2645; x_wconf 84' lang='lat' dir='ltr'>cere</span> <span class='ocrx_word' id='word_1_441' title='bbox 322 2617 460 2656; x_wconf 82' lang='lat' dir='ltr'>posset.</span> <span class='ocrx_word' id='word_1_442' title='bbox 487 2633 530 2639; x_wconf 96' lang='lat'><strong>—</strong></span> <span class='ocrx_word' id='word_1_443' title='bbox 568 2611 614 2645; x_wconf 86' lang='lat' dir='ltr'>ab</span> <span class='ocrx_word' id='word_1_444' title='bbox 639 2610 783 2645; x_wconf 75' lang='lat' dir='ltr'>insidiis</span> <span class='ocrx_word' id='word_1_445' title='bbox 807 2609 961 2652; x_wconf 76' lang='lat' dir='ltr'>inimici,</span> <span class='ocrx_word' id='word_1_446' title='bbox 987 2609 1149 2644; x_wconf 81' lang='lat' dir='ltr'>fortasse</span> <span class='ocrx_word' id='word_1_447' title='bbox 1177 2608 1341 2651; x_wconf 85' lang='lat' dir='ltr'>Catonis,</span> <span class='ocrx_word' id='word_1_448' title='bbox 1368 2619 1482 2654; x_wconf 86' lang='lat' dir='ltr'>quem</span> <span class='ocrx_word' id='word_1_449' title='bbox 1506 2608 1626 2643; x_wconf 86' lang='lat' dir='ltr'>altero</span> <span class='ocrx_word' id='word_1_450' title='bbox 1651 2615 1689 2643; x_wconf 86' lang='lat' dir='ltr'>et</span> 
     </span>
     <span class='ocr_line' id='line_1_48' title="bbox 206 2656 1689 2700; baseline -0.001 -8"><span class='ocrx_word' id='word_1_451' title='bbox 206 2658 390 2694; x_wconf 87' lang='lat' dir='ltr'>vicesimo</span> <span class='ocrx_word' id='word_1_452' title='bbox 416 2660 546 2694; x_wconf 78' lang='lat' dir='ltr'>aetatis</span> <span class='ocrx_word' id='word_1_453' title='bbox 569 2670 656 2694; x_wconf 79' lang='lat' dir='ltr'>suae</span> <span class='ocrx_word' id='word_1_454' title='bbox 681 2670 779 2693; x_wconf 83' lang='lat' dir='ltr'>anno</span> <span class='ocrx_word' id='word_1_455' title='bbox 806 2656 1008 2692; x_wconf 83' lang='lat' dir='ltr'>accusavit.</span> <span class='ocrx_word' id='word_1_456' title='bbox 1049 2675 1091 2682; x_wconf 94' lang='lat'>—</span> <span class='ocrx_word' id='word_1_457' title='bbox 1139 2657 1346 2700; x_wconf 80' lang='lat' dir='ltr'>compulsus</span> <span class='ocrx_word' id='word_1_458' title='bbox 1371 2668 1425 2695; x_wconf 86' lang='lat' dir='ltr'>eo,</span> <span class='ocrx_word' id='word_1_459' title='bbox 1457 2656 1498 2690; x_wconf 85' lang='lat' dir='ltr'>in</span> <span class='ocrx_word' id='word_1_460' title='bbox 1522 2656 1689 2691; x_wconf 83' lang='lat' dir='ltr'>Caesaris</span> 
     </span>
     <span class='ocr_line' id='line_1_49' title="bbox 206 2704 1689 2754; baseline -0.001 -12"><span class='ocrx_word' id='word_1_461' title='bbox 206 2713 340 2753; x_wconf 83' lang='lat' dir='ltr'>castra,</span> <span class='ocrx_word' id='word_1_462' title='bbox 368 2707 414 2743; x_wconf 84' lang='lat' dir='ltr'>ad</span> <span class='ocrx_word' id='word_1_463' title='bbox 440 2708 613 2749; x_wconf 76' lang='lat' dir='ltr'>Caesaris</span> <span class='ocrx_word' id='word_1_464' title='bbox 639 2713 777 2754; x_wconf 84' lang='lat' dir='ltr'>partes.</span> <span class='ocrx_word' id='word_1_465' title='bbox 806 2724 848 2731; x_wconf 90' lang='lat'><strong>—</strong></span> <span class='ocrx_word' id='word_1_466' title='bbox 888 2705 1051 2741; x_wconf 79' lang='lat' dir='ltr'>volebam</span> <span class='ocrx_word' id='word_1_467' title='bbox 1059 2715 1071 2750; x_wconf 87' lang='lat'>;</span> <span class='ocrx_word' id='word_1_468' title='bbox 1104 2715 1191 2740; x_wconf 86' lang='lat' dir='ltr'>nam</span> <span class='ocrx_word' id='word_1_469' title='bbox 1214 2704 1335 2740; x_wconf 89' lang='lat' dir='ltr'>civile</span> <span class='ocrx_word' id='word_1_470' title='bbox 1360 2704 1504 2741; x_wconf 88' lang='lat' dir='ltr'>bellum</span> <span class='ocrx_word' id='word_1_471' title='bbox 1529 2704 1689 2740; x_wconf 82' lang='lat' dir='ltr'>detesta-</span> 
     </span>
    </p>
   </div>
  </div>
 </body>
</html>
