1795 3086
236 93 329 150 334
519 102 581 144 Μ.
612 103 667 145 Τ.
700 100 1045 146 CICERONIS
1075 100 1451 145 EPISTOLAE.

176 212 199 251 ³!
239 217 350 258 sisse
379 215 583 257 Hirtium
613 212 759 255 video.
819 211 951 256 Nune
981 212 1094 255 haec
1123 215 1238 256 mihi
1267 215 1526 257 scribuntur
1550 229 1608 257 ex
1624 214 1741 257 Gal-‘

241 274 307 314 lia
343 271 509 325 Lepidi
561 272 606 311 et
644 268 928 311 nuntiantur:
978 269 1156 312 Pansae
1206 272 1460 312 exercitum
1503 272 1731 316 concisum

240 343 361 371 esse:
410 328 609 368 Pansam
657 338 717 366 ex
754 326 1016 368 vulneribus
1056 331 1303 368 mortuum:
1354 327 1512 368 eodem
1560 328 1733 382 proelio

241 383 456 427 Martiam
501 382 722 437 legionem
762 380 972 424 interisse
1001 386 1045 424 et
1072 381 1125 424 L.
1156 383 1389 430 Fabatum,
1428 387 1473 424 et
1502 382 1552 425 C.
1583 384 1732 426 Pedu-

242 454 394 482 caeum
424 443 469 480 et
500 439 558 480 D.
591 437 893 480 Carfulenum.
952 437 1142 480 Hirtino
1162 443 1310 481 autem
1331 439 1504 493 proelio
1534 442 1580 481 et
1601 453 1732 495 quar-

240 502 334 538 tam
364 495 594 550 legionem
637 498 682 535 et
722 506 872 536 omnes
911 508 1134 549 peraeque
1173 496 1361 537 Antonii
1401 508 1581 536 caesasx
1626 497 1733 536 item

240 552 417 594 Hirtii:
457 555 663 607 quartam
701 562 835 601 vem,
877 563 1013 605 quum
1054 555 1203 592 castra
1240 564 1417 608 quoque
1447 551 1632 593 Antonii
1661 565 1733 593 ce-
1783 565 1784 568 ¹

239 609 394 665 pisset,
426 621 451 648 a
478 607 636 663 quinta
666 606 847 660 legione
877 608 1101 649 concisam
1132 620 1252 648 esset
1291 607 1357 649 ibi
1387 606 1591 649 Hirtium
1623 621 1732 662 quo-

239 679 326 721 que
355 662 549 721 periisse
587 667 633 705 et
671 663 887 704 Pontium
924 662 1162 718 Aquilam:
1204 663 1298 703 dici
1340 664 1476 704 etiam
1517 662 1732 705 Octavia—

239 735 345 764 num
383 719 630 761 cecidisse:
671 739 723 748 -
762 732 876 772 quae
915 718 981 771 si,
1023 718 1140 773 quod
1183 718 1250 758 dii
1291 718 1580 773 prohibeant!
1625 732 1735 761 vera

237 782 358 825 sunt,
396 791 484 818 non
521 774 812 816 mediocriter
850 774 985 816 doleo
1015 798 1070 804 ——
1098 773 1342 815 Antonium
1371 776 1566 829 turpiter
1593 775 1733 816 Muti-

237 848 322 875 nae
365 832 666 875 obsessionem
707 831 973 886 reliquisse,
1019 830 1098 872 sed
1139 829 1303 871 habere
1335 831 1536 885 equitum
1566 831 1587 856 *
1618 830 1640 858 *
1671 832 1734 872 le-

238 892 398 946 giones
438 890 518 930 sub
570 886 710 942 signis
753 891 945 929 armatas
986 890 1079 928 tres
1130 890 1174 926 et
1217 886 1272 927 P.
1314 885 1537 941 Bagienni
1585 899 1732 939 unam,

238 948 431 988 inermes
462 947 571 987 bene
600 944 787 984 multos:
829 942 1095 984 Ventidium
1126 956 1303 997 quoque
1343 956 1391 983 se
1421 955 1522 983 cum
1553 942 1733 996 legione

236 1004 453 1058 septima,
496 1004 679 1045 octava,
720 1012 835 1041 nona
872 998 1178 1040 coniunxisse:
1229 999 1268 1039 si
1309 998 1427 1039 nihil
1470 998 1518 1039 in
1556 998 1732 1054 Lepido

236 1059 333 1114 spei
363 1058 438 1110 sit,
480 1057 798 1098 descensurum
829 1055 884 1096 ad
915 1058 1112 1096 extrema
1150 1058 1193 1094 et
1224 1068 1312 1095 non
1352 1054 1486 1096 modo
1517 1055 1733 1101 nationes,

234 1270 308 1297 ter.
360 1262 472 1296 Denn
499 1258 611 1293 nicht
637 1259 751 1292 Pansa
777 1255 879 1294 eilte‚
908 1255 1072 1290 sondern
1090 1256 1275 1290 Antonius
1302 1256 1398 1303 ging
1424 1256 1505 1290 ihm
1527 1262 1730 1306 entgegen,

236 1323 276 1346 so
303 1311 385 1345 dass
412 1320 454 1343 er
480 1307 564 1342 sich
592 1307 781 1354 schlagen
807 1311 961 1342 musste.
1012 1304 1049 1339 S.
1079 1316 1137 1350 ep.
1166 1306 1247 1340 810.
1274 1305 1357 1340 814.

332 1385 367 1418 4.
404 1393 447 1415 ex
475 1380 601 1415 Gallia
633 1378 762 1422 Lepidi
786 1377 812 1412 i.
843 1389 873 1412 e.
901 1377 1153 1418 Narbonensi,
1182 1388 1293 1420 quam
1321 1383 1403 1410 tum
1429 1377 1596 1422 Lepidus
1622 1384 1728 1412 tene-

233 1433 307 1466 bat.
334 1430 444 1466 SCH.
474 1447 515 1452 —
543 1428 732 1470 interisse,
759 1426 813 1460 sei
839 1426 906 1459 auf
928 1425 1014 1459 dem
1031 1425 1161 1460 Platze
1193 1424 1406 1472 geblieben.
1423 1444 1466 1450 —
1493 1425 1729 1460 L.Roscium

241 1481 426 1515 Fabatum.
455 1478 492 1512 S.
522 1488 581 1522 ep.
608 1475 689 1511 604.
726 1494 770 1500 —
813 1474 855 1508 C.
881 1474 1016 1508 Peduc.
1042 1475 1182 1507 Pansae
1208 1473 1390 1521 legatum.
1427 1493 1475 1499 —-
1509 1474 1557 1507 D.
1585 1474 1728 1516 Cursu-

235 1530 368 1572 lenum,
395 1532 603 1561 senatorem
632 1531 668 1558 et
695 1524 831 1557 Pansae
859 1521 1042 1569 legatum.
1081 1521 1164 1554 Vid.
1192 1532 1250 1566 ep.
1279 1524 1362 1564 711,
1393 1524 1422 1555 1.
1459 1521 1629 1567 Philipp.
1655 1523 1726 1565 ΙΙΙ,

233 1580 268 1614 9.
296 1595 341 1601 -
374 1575 538 1610 Hirtino.
575 1572 640 1607 Sic
665 1572 738 1606 Md.
768 1571 871 1607 Vict.
902 1573 932 1604 l.
959 1572 992 1605 2.
1031 1569 1207 1603 Hirtiano
1242 1569 1336 1603 Cett.
1367 1569 1441 1603 OR.
1492 1570 1585 1604 Cum
1613 1571 1727 1604 Pansa
1783 1596 1784 1602 ,

234 1626 419 1673 primum,
447 1622 598 1662 deinde,
623 1631 666 1655 eo
693 1619 809 1661 victo,
837 1630 925 1652 cum
950 1618 1079 1652 Hirtio
1106 1617 1292 1665 pugnavit
1318 1617 1518 1662 Antonius,
1546 1624 1583 1652 et
1602 1618 1726 1652 victus
1783 1624 1784 1631 ¹

234 1680 440 1721 postremo.
491 1671 640 1704 Hirtius
667 1669 763 1714 ipse,
800 1678 917 1712 quum
942 1672 1182 1714 oppugnaret
1207 1666 1365 1700 Antonii
1391 1673 1526 1707 castra,
1562 1666 1725 1702 interiit.
1776 1664 1778 1671 ’

237 1721 434 1757 MANUT.
466 1741 506 1746 —
543 1724 576 1752 et
602 1721 784 1762 quartam,
811 1716 856 1750 de
882 1717 1022 1749 Manut.
1049 1725 1147 1759 susp.
1175 1714 1335 1748 Lallem.
1364 1713 1452 1749 sch.
1480 1715 1574 1749 Liin.
1601 1725 1725 1749 secun-

235 1773 329 1806 dam.
380 1768 454 1804 Sed
485 1767 573 1803 vide
610 1766 739 1801 Garat.
775 1764 821 1798 ad
854 1763 1020 1808 Philipp.
1056 1764 1115 1805 14,
1151 1764 1205 1797 10.
1238 1774 1277 1808 p.
1311 1764 1392 1798 571.
1432 1763 1506 1798 ΟΒ.
1557 1768 1725 1807 quartam
1782 1777 1783 1784 1

236 1819 372 1854 Hirtii.
402 1835 444 1841 —
474 1826 596 1850 omnes
621 1814 791 1857 Antonii,
818 1812 991 1858 quintam
1017 1816 1055 1846 et
1080 1811 1320 1858 trigesimam
1348 1811 1528 1855 quintam,
1558 1830 1601 1835 -
1627 1812 1723 1846 Pon..

234 1869 325 1903 tium
350 1866 538 1912 Aquilam,
573 1875 690 1898 unum
719 1874 764 1896 ex
791 1860 1079 1907 percussoribus
1112 1859 1293 1901 Caesaris,
1331 1859 1500 1904 legatum
1527 1859 1601 1894 hoc
1627 1866 1722 1893 tem-
1782 1853 1783 1886 ἲ

231 1927 329 1963 pore
354 1917 400 1950 D.
425 1914 555 1957 Bruti,
594 1912 660 1958 qui
694 1910 739 1945 T.
763 1909 971 1944 Munatium
1007 1908 1205 1950 Plancum,
1240 1908 1398 1942 Antonii
1429 1908 1563 1942 ducem
1595 1907 1724 1953 paullo
1776 1938 1777 1942 ,

232 1972 319 1999 ante
344 1963 496 2010 proelio
522 1961 684 1996 vicerat.
735 1959 821 1994 Vid.
849 1957 1018 2003 Philipp.
1045 1957 1151 1999 XIII,
1180 1958 1212 1992 2.
1249 1963 1286 1990 et
1318 1956 1390 1991 Dio
1425 1957 1554 1990 XLVI.
1582 1967 1641 2001 ep.
1679 1955 1723 1989 ad
1774 1979 1777 1989 2

232 2014 348 2048 Attic.
374 2013 419 2054 V,
447 2014 479 2046 1.
507 2012 541 2045 2.
566 2011 602 2046 3.
630 2011 664 2044 4.
698 2008 783 2050 VII,
811 2008 845 2043 2.
881 2005 1034 2040 Sueton.
1062 2005 1165 2040 Caes.
1216 2004 1335 2038 Periit
1370 2005 1409 2038 in
1442 2005 1571 2038 eadem
1598 2016 1724 2052 pugna
1773 1996 1782 2046 'J

233 2073 322 2097 cum
347 2060 490 2102 Hirtio,
530 2065 568 2093 et
592 2058 756 2092 honores
783 2061 935 2090 mortuo
961 2054 1119 2089 decreti.
1165 2053 1369 2087 MANUT.
1422 2072 1464 2078 —
1517 2053 1724 2098 reliquisse,

233 2109 484 2158 aufgehoben‚
512 2105 762 2155 ausgegeben.
790 2123 834 2129 —-
862 2103 1031 2147 equitum.
1065 2101 1224 2136 Excidit
1249 2112 1427 2135 numerus
1453 2101 1494 2134 in
1520 2101 1594 2134 Md.
1623 2101 1724 2134 Hinc
1775 2120 1777 2126 ι

233 2161 274 2193 in
301 2156 477 2193 omnibus
503 2156 603 2190 aliis.
653 2152 908 2188 Probabiliter
939 2153 1034 2185 Man.
1073 2152 1193 2198 Beng.
1221 2150 1391 2196 Madvig.
1420 2152 1451 2184 1.
1477 2161 1514 2194 p.
1542 2149 1610 2184 135
1637 2160 1723 2183 cen-

233 2214 318 2242 sent
343 2206 459 2239 fuisse
484 2201 821 2240 EQVITVMVM
843 2199 1014 2245 (quinque
1038 2198 1171 2238 millia)
1208 2198 1337 2241 sicque
1364 2197 1483 2231 edidit
1507 2196 1598 2231 Sch.
1626 2198 1721 2231 Liin.
1776 2215 1777 2219 =

231 2256 432 2301 equitatum
458 2263 501 2287 ac
527 2252 697 2294 legiones
733 2251 852 2295 Neap.
892 2247 1022 2282 Lamb.
1059 2246 1272 2292 equitatum,
1306 2246 1473 2288 legiones
1506 2246 1607 2280 Crat.
1646 2246 1722 2280 ΟΒ.
1775 2241 1777 2246 “

233 2324 275 2329 -
303 2304 345 2338 Ρ.
372 2303 572 2344 Bagienni.
600 2299 674 2333 Md.
705 2308 909 2341 omnesque
935 2294 1143 2337 Benedicti,
1170 2294 1272 2329 Crat.
1300 2298 1335 2328 et
1358 2293 1496 2338 pupilli
1520 2294 1722 2337 Bagienni,

233 2356 330 2388 Man.
359 2350 488 2384 Lamb.
523 2360 542 2382 e
569 2348 659 2382 Cod.
685 2346 835 2381 Maffaei
869 2349 905 2378 et
930 2345 971 2379 P.
1001 2343 1175 2386 Vagieni.
1218 2342 1292 2376 ΟΒ.
1352 2342 1442 2376 Fuit
1477 2342 1625 2390 legatus
1659 2349 1722 2376 aut
1769 2337 1777 2363 ³

232 2401 448 2448 praefectus
473 2396 643 2432 Antonii.
678 2414 726 2420 —-
775 2395 942 2429 inermes,
993 2391 1058 2426 Sic
1084 2391 1123 2426 h.
1151 2391 1179 2425 1.
1212 2390 1285 2425 Md.
1314 2397 1351 2424 et
1376 2390 1457 2425 Lib.
1486 2393 1539 2426 12.
1566 2391 1634 2435 Ep.
1663 2392 1720 2425 10.
1770 2394 1776 2429 Ἰξ

231 2451 261 2491 δ.
290 2451 324 2485 3.
349 2450 553 2488 inermem„
588 2445 729 2479 Contra
756 2442 837 2476 Lib.
867 2443 926 2483 10,
952 2441 999 2476 34
1033 2447 1070 2475 et
1095 2439 1176 2474 Lib.
1205 2442 1263 2481 ll,
1293 2441 1338 2474 12
1364 2445 1421 2473 est
1445 2440 1630 2474 secundae
1655 2439 1719 2472 de·
1774 2458 1775 2461 =

232 2487 325 2534 clin.
355 2497 430 2531 ΟΒ.
460 2514 502 2521 -
533 2492 755 2529 Ventidium.
782 2490 818 2525 S.
835 2503 883 2524 zu
909 2501 966 2534 ep.
993 2490 1118 2532 S28‚3.
1144 2499 1182 2521 se
1209 2517 1215 2524 .
1244 2513 1252 2520 .
1282 2488 1462 2531 coniunx„
1489 2488 1542 2521 sei
1568 2500 1615 2521 zu
1637 2487 1719 2521 ihm

232 2552 439 2587 gestossen.
491 2543 656 2587 septima.
706 2540 881 2574 Fortasse
906 2538 1025 2572 aliter
1050 2537 1273 2586 legendum;
1311 2547 1397 2569 narn
1432 2536 1593 2581 septima
1632 2546 1720 2571 cum·
1765 2552 1776 2564 *a

232 2589 361 2630 Hirtio
387 2593 474 2636 fuit,
502 2599 544 2626 ut
570 2597 626 2625 est
651 2588 825 2634 Philipp.
848 2587 947 2629 XIV,
974 2598 1005 2620 c.
1034 2587 1092 2621 10.
1118 2584 1320 2620 MANUT.
1358 2604 1406 2610 —
1452 2586 1487 2617 si
1512 2584 1608 2617 nihil
1635 2610 1641 2616 .
1671 2610 1678 2617 .
1756 2586 1780 2632 ἢ

230 2643 310 2688 spei
336 2642 383 2676 sit
421 2641 445 2676 i.
477 2652 506 2674 e.
534 2641 565 2674 si
591 2637 778 2672 Antonius
804 2637 948 2669 frustra
983 2639 1112 2680 speret
1147 2632 1336 2678 Lepidum
1367 2632 1439 2667 sibi
1477 2633 1717 2666 coniunctum
1771 2640 1784 2669 ,ἡ

234 2693 304 2732 iri,
339 2702 454 2724 wenn
481 2700 523 2723 er
548 2688 616 2722 auf
637 2685 800 2731 Lepidus
827 2683 937 2718 nicht
972 2682 1143 2717 rechnen
1170 2681 1293 2716 diirfe.
1333 2700 1371 2706 -
1424 2682 1516 2715 desc.
1541 2681 1592 2714 ad
1614 2684 1718 2721 extu,
1778 2714 1779 2717 ,

234 2747 404 2774 extrema
431 2747 599 2782 quaeque
624 2745 802 2768 ausurum
830 2744 920 2767 esse.
949 2751 992 2757 -
1044 2731 1197 2770 comit„
1234 2742 1282 2763 zu
1307 2729 1379 2762 den
1406 2728 1565 2765 Waffen
1593 2730 1713 2761 rusen.
1780 2727 1785 2743 ·‘

232 2789 302 2823 Die
328 2788 496 2821 Sklaven
521 2783 683 2818 wurden
708 2787 807 2818 sons?
845 2781 907 2815 nie
934 2792 1019 2815 zum
1046 2778 1355 2825 Kriegesdienste
1382 2776 1607 2825 gebi-auem,
1643 2776 1716 2810 und
1784 2775 1785 2816 J
