1795 3086
160 55 221 103 54
431 54 496 96 Μ.
529 53 586 96 Τ.
618 49 963 94 CICERONIS
1001 50 1377 97 EPISTOLAE„
1413 39 1421 42 “

163 168 253 209 Ille
284 168 429 208 autem
459 164 570 221 quid
599 168 719 219 agat,
758 165 799 205 si
829 164 933 217 scis,
972 178 1117 220 neque
1156 165 1262 206 dum
1291 165 1439 207 Roma
1476 179 1523 208 es
1554 179 1655 220 pro-

166 224 328 276 fectus,
357 221 527 264 scribas
559 220 615 260 ad
644 233 714 260 me
741 219 902 270 velim,
942 225 989 261 et
1029 221 1237 272 hercule,
1282 221 1322 263 si
1360 221 1473 277 quid
1517 222 1655 263 aliud.

167 279 475 322 Vehementer
503 276 710 317 delector
737 275 826 319 tuis
857 276 1020 318 literis.

358 466 680 510 EPISTOLA
709 467 928 509 DCXCI.
987 468 1065 519 (ad
1094 469 1187 510 Att.
1218 467 1353 510 XIV.
1385 469 1475 516 11.)

318 542 400 577 ser.
427 542 590 577 Puteolis
617 542 698 576 ΧΠ.
726 543 807 576 Kal.
836 542 934 578 Mai:
948 543 992 577 A.
1019 544 1064 578 U.
1094 544 1134 578 c.
1162 546 1242 580 710.
1293 546 1344 587 (a.
1374 544 1415 579 c,
1443 544 1521 585 44.)

173 611 356 655 Queritur
389 611 594 645 interfecto
631 609 790 644 Caesare
825 621 863 644 se
896 609 1039 644 liberos
1077 621 1153 644 non
1189 621 1279 645 esse.
1339 610 1456 644 Addit
1482 609 1663 655 quaedam

172 661 217 694 de
244 659 426 694 Cicerone
465 658 560 701 filio,
595 657 641 693 de
676 657 904 740 Buthrotiils‚
939 657 986 741 d2e
1014 657 1213 702 Cluviano,
1247 659 1292 693 de
1318 658 1462 694 Octavii
1490 658 1664 694 adventu.

695 773 874 808 CICERO
901 771 1083 807 ATTICO
1118 772 1155 807 S.

286 843 464 885 Nudius
495 842 658 884 tertius
689 841 797 883 dedi
828 842 886 883 ad
915 844 960 883 te
990 842 1227 897 epistolam
1248 842 1522 897 longiorem:
1553 854 1670 882 nunc

177 900 235 942 ad
263 913 329 951 ea,
359 913 470 955 quae
499 900 719 955 proxime,
781 897 938 939 Velim
961 897 1236 951 mehercule,
1266 897 1459 940 Asturae
1486 897 1668 939 Brutus.

174 957 397 996 Ἅκολοισιάν
424 955 614 998 istorum
644 954 823 997 scribis.
882 954 952 994 An
981 955 1196 995 censebas
1226 954 1387 996 aliter?
1445 954 1671 1009 Equidem

178 1011 313 1053 etiam
343 1011 517 1053 maiora
545 1015 775 1065 exspecto.
835 1009 983 1059 Quum
1014 1010 1224 1065 equidem
1255 1011 1521 1053 concionem
1549 1010 1672 1064 lego,
1736 998 1743 1002 ⁸

177 1068 266 1109 DE
306 1067 527 1110 TANTO
566 1066 746 1119 VIRO,
785 1066 874 1107 DE
914 1064 1300 1108 CLARISSIMO
1345 1066 1501 1117 CIVI,
1550 1065 1674 1106 ferre

177 1137 266 1165 non
296 1137 436 1178 queo:
481 1124 569 1164 etsi
611 1124 698 1164 ista
734 1123 824 1162 iam
865 1123 923 1163 ad
964 1122 1118 1164 risum.
1188 1121 1278 1163 Sed
1316 1126 1564 1164 memento:
1605 1121 1675 1162 sic

179 1181 321 1222 alitur
350 1179 628 1221 consuetudo
671 1177 952 1234 perditarum
993 1178 1289 1228 concionum3
1327 1183 1377 1220 ut
1406 1175 1554 1220 nostri
1582 1177 1675 1225 illi,

180 1248 268 1277 non
297 1234 472 1282 heroes,
502 1235 583 1277 sed
613 1234 695 1286 dii,
734 1233 875 1276 futuri
910 1233 1092 1289 quidem
1131 1235 1179 1275 in
1217 1235 1368 1290 gloria
1405 1233 1677 1289 sempiterna

179 1292 285 1339 sint,
316 1292 398 1332 sed
426 1304 516 1332 non
546 1290 642 1333 sine
672 1290 862 1342 invidia,
891 1304 948 1332 ne
976 1290 1073 1331 sine
1099 1289 1302 1345 periculo
1325 1290 1524 1345 quidem.
1581 1288 1676 1330 Ve-

181 1361 279 1389 rum
308 1346 399 1388 illis
430 1361 593 1402 magna
623 1345 878 1388 consolatio
910 1346 1192 1389 conscientia
1220 1348 1409 1388 maximi
1440 1350 1487 1389 et
1516 1344 1675 1387 claris-

181 1493 231 1510 Ξ
257 1478 315 1511 ira
342 1478 382 1511 in
411 1489 496 1512 eum
522 1477 778 1522 plenissimas.
807 1496 853 1502 --
903 1477 990 1517 Ille,
1018 1477 1122 1511 filius
1150 1477 1193 1521 Q.
1221 1498 1264 1503 -
1316 1488 1428 1522 neque
1454 1477 1537 1512 dum
1564 1488 1613 1506 z
1641 1483 1679 1511 et

182 1525 364 1562 nondum.
419 1546 438 1551 -
481 1525 628 1559 hercule
654 1525 810 1567 scribas,
836 1525 870 1559 si
895 1526 983 1570 quid
1007 1526 1113 1559 aliud
1136 1525 1263 1559 habes.

281 1577 314 1609 1.
340 1577 504 1608 Asturae
538 1573 621 1608 scil.
652 1573 713 1617 sit,
753 1573 1070 1617 quemadmodum
1108 1573 1245 1607 scribis
1281 1585 1368 1608 eum
1404 1573 1458 1608 ibi
1492 1574 1677 1607 futurum.

185 1622 242 1658 Cf.
271 1633 328 1668 ep.
354 1624 438 1666 697,
464 1623 497 1657 4.
532 1640 580 1647 —
629 1618 754 1656 ιῖκολ.
781 1622 933 1656 istorum
958 1622 983 1656 i.
1011 1633 1041 1656 e.
1067 1621 1312 1656 insolentiam
1338 1621 1498 1661 Antonii
1524 1621 1680 1666 eiusque

184 1671 383 1705 similium.
423 1670 533 1705 SCH.
590 1690 632 1695 —
684 1671 743 1703 Αη
771 1671 908 1704 censeb.
937 1670 1067 1714 aliter,
1103 1669 1374 1715 versprachest
1398 1671 1458 1705 Du
1482 1670 1554 1705 Dir
1578 1669 1680 1704 denn

184 1720 314 1753 Etwas
340 1718 496 1752 anderes
523 1728 599 1752 von
626 1718 773 1752 ihnen?
800 1740 842 1745 -
880 1719 1040 1760 maiora,
1067 1718 1165 1752 noch
1190 1721 1327 1766 'argere
1352 1719 1490 1766 Dinge.
1515 1736 1563 1742 —
1597 1728 1682 1751 con-

187 1769 326 1801 cionem
350 1781 400 1799 :-
428 1767 623 1801 concionis
650 1766 776 1808 verba,
804 1778 897 1810 quae
924 1774 1147 1811 sequuntur,
1184 1766 1278 1809 „ich
1303 1767 1537 1815 wenigstens
1562 1765 1680 1807 kann,

187 1827 301 1850 wenn
328 1815 394 1849 ich
420 1815 461 1848 in
486 1815 556 1848 dex·
581 1814 843 1849 Leichenrede
881 1815 944 1849 des
969 1816 1158 1850 Antonius
1195 1815 1266 1848 den
1306 1815 1422 1849 C'asar
1456 1815 1511 1848 als
1537 1814 1682 1848 einen

189 1875 240 1898 so
267 1875 475 1911 grossen
502 1865 663 1903 Mann,
703 1863 777 1897 als
814 1863 901 1897 den
936 1863 1288 1899 treffliehsten
1322 1863 1518 1911 Biirger
1544 1862 1682 1911 darge-

190 1912 298 1946 stellt
322 1912 414 1954 lese,
452 1911 560 1945 mich
586 1912 651 1946 des
679 1911 896 1946 Unwillens
923 1911 1034 1946 nicht
1059 1911 1304 1946 erwehren.“
1362 1911 1550 1945 Antonius
1575 1910 1683 1945 hatte

190 1960 295 1995 diese
319 1960 492 1994 Lobrede
518 1961 585 1993 auf
608 1960 721 1994 Cesar
745 1959 947 2008 gehalten,
983 1960 1038 1993 als
1066 1971 1108 1994 ex·
1132 1959 1206 1993 den
1233 1960 1446 1994 zerfetzten
1471 1958 1684 1993 Leichnam

190 2008 385 2043 desselben
411 2009 478 2042 auf
501 2008 586 2042 dem
613 2008 714 2043 Foro
741 2020 811 2042 zur
836 2007 962 2042 Schau
987 2007 1094 2042 hatte
1120 2007 1329 2042 ausstellen
1354 2008 1491 2042 lassen.
1540 2026 1588 2033 -
1638 2007 1687 2040 ad

192 2058 310 2090 risum
335 2070 384 2089 z
409 2056 505 2090 risui
531 2062 631 2100 sunt,
667 2056 852 2104 obgleich
886 2056 1052 2091 Phrasen
1085 2056 1154 2090 der
1186 2056 1258 2089 Art
1292 2067 1367 2089 nur
1404 2068 1494 2090 zum
1530 2054 1685 2089 Lachen

193 2104 290 2139 sind.
345 2122 388 2128 -
438 2105 492 2139 sic
521 2130 529 2139 .
557 2130 565 2138 .
597 2130 604 2137 .
634 2106 858 2148 concionum,
894 2115 947 2147 so,
987 2105 1055 2138 auf
1076 2103 1180 2138 diese
1205 2104 1340 2139 Weise
1373 2105 1484 2139 sucht
1509 2115 1598 2137 man
1623 2102 1686 2137 die

196 2151 455 2188 Gewohnheit
496 2164 544 2186 zu
575 2152 746 2196 n'a'hren,
785 2153 847 2187 das
874 2152 976 2186 Volk
1007 2152 1130 2186 durch
1161 2152 1325 2187 heillose
1350 2152 1480 2186 Reden
1514 2152 1557 2185 in
1582 2150 1686 2186 G'ah-

195 2214 298 2249 rung
324 2213 371 2235 zu
398 2201 578 2247 bringen.
618 2221 659 2226 —
711 2201 833 2235 nostri
857 2201 928 2244 illi,
956 2202 1109 2241 Brutus,
1137 2200 1299 2242 Cassius,
1334 2201 1467 2235 ceteri.
1518 2219 1561 2224 —
1615 2209 1687 2233 non

195 2250 307 2285 modo
334 2248 467 2283 heroes.
519 2249 624 2283 Uber
648 2259 717 2283 non
743 2251 847 2283 modo
881 2261 908 2282 s.
935 2249 1086 2285 Ramsh.
1115 2249 1142 2292 §.
1172 2251 1252 2291 181,
1278 2250 1310 2291 Ι,
1335 2250 1377 2292 Β,
1402 2250 1434 2291 1,
1461 2248 1495 2282 d.
1533 2247 1686 2282 Grotef.

197 2298 226 2340 fi.
253 2299 335 2333 340.
382 2318 425 2324 —-
473 2297 639 2341 periculo
667 2299 818 2341 quidem,
869 2297 932 2331 Sic
958 2297 1050 2332 Cdd.
1076 2296 1193 2338 Bosii,
1227 2297 1356 2331 Lamb.
1392 2296 1532 2331 Bened.
1567 2295 1686 2341 Seqq.

197 2347 382 2380 Pei-versa
407 2352 535 2380 tamen
561 2346 761 2389 sententia,
798 2357 913 2391 quum
938 2346 1146 2390 periculum
1171 2357 1258 2380 sane
1285 2345 1406 2379 maius
1434 2343 1612 2389 quiddam
1638 2344 1688 2377 sit

199 2406 309 2439 quam
337 2394 491 2428 invidia.
543 2394 709 2429 Deberet
738 2405 835 2428 esse:
873 2395 938 2427 sed
969 2404 1041 2428 non
1073 2394 1153 2427 sine
1176 2394 1349 2438 periculo,
1382 2404 1424 2427 ne
1448 2393 1527 2426 sine
1550 2391 1689 2426 invidia

199 2443 349 2487 quidem.
400 2442 549 2477 Priores
577 2453 663 2476 cum
688 2442 762 2476 lud.
791 2443 907 2476 Oxou.
938 2445 968 2477 1.
996 2444 1028 2478 2.
1054 2443 1120 2475 sed
1144 2453 1211 2476 non
1235 2443 1314 2476 sine
1337 2441 1504 2486 periculo
1529 2440 1688 2485 quidem,

199 2491 340 2524 ceteris
367 2489 523 2525 omissis.
570 2490 766 2525 ORELLI.
830 2492 908 2526 Der
934 2490 1030 2524 Sinn
1067 2490 1218 2524 scheint
1250 2490 1386 2524 iedoch
1412 2502 1459 2524 zu
1484 2490 1587 2523 sein:
1623 2499 1689 2530 „so

199 2539 280 2572 dass
306 2550 444 2586 weg-en
469 2538 595 2573 dieser
620 2538 812 2572 heillosen
837 2538 968 2572 Reden
994 2551 1130 2573 unsere
1156 2540 1323 2581 Heroen‚
1361 2539 1395 2571 ia
1422 2538 1572 2579 Gotter,
1611 2535 1689 2569 die

200 2586 682 2622 Wiederhersteller
731 2587 818 2620 der
864 2587 1127 2627 Freiheit,
1178 2586 1287 2620 nicht
1327 2598 1401 2620 nur
1445 2585 1555 2620 nicht
1588 2584 1689 2618 ohne

201 2636 344 2677 Blame,
371 2635 535 2669 sondern
561 2646 673 2683 sog-ar
699 2634 809 2669 nicht
836 2635 1009 2669 einmahl
1043 2635 1296 2669 unbefa'hrdet
1329 2635 1482 2670 bleiben
1514 2632 1691 2673 werden3

201 2695 278 2717 was
305 2682 403 2717 doch
429 2683 488 2717 die
515 2683 677 2718 hb'chste
706 2683 1021 2718 Undankbarkeit
1047 2683 1247 2718 veri-‘fithf‘
1272 2701 1318 2708 —
1349 2684 1484 2718 Verum
1507 2681 1588 2715 illis
1612 2691 1690 2713 ma-

202 2738 274 2766 neh
309 2749 344 2756 -
375 2738 411 2765 at
438 2732 540 2766 nobis
567 2743 657 2778 quae
684 2732 888 2767 consolatio
917 2733 1014 2766 crit?
1043 2733 1101 2776 qui
1130 2747 1177 2765 z
1204 2733 1344 2779 quippe
1371 2732 1450 2777 qui,
1476 2730 1522 2764 da
1546 2728 1634 2764 wir,
