1795 3086
522 75 831 119 EPISTULA
870 75 1075 119 DCCIX.
1475 78 1535 124 97

62 189 222 231 ihi-oto.
294 186 392 228 Non
423 187 537 228 onim
569 187 651 227 tibi
682 200 732 228 ea
763 198 833 228 res
871 189 1030 229 maiori
1069 199 1202 229 curae
1239 192 1313 229 aut
1353 193 1420 230 est
1459 194 1535 231 aut

59 245 143 285 erit
171 254 302 297 quam
332 242 454 285 mihi.
531 241 606 283 SIc
636 244 750 283 enim
781 243 906 283 decet
935 248 978 283 te
1007 256 1103 285 mea
1131 256 1309 296 curare,
1345 248 1423 285 -tua
1450 256 1533 285 me.

59 298 357 350 Quamobrem
387 298 432 339 id
463 298 639 352 quidem
669 298 736 339 sic
762 301 1014 350 susceptum
1051 304 1119 340 est
1158 298 1294 353 mihi,
1334 303 1382 341 ut
1417 299 1530 341 nihil

58 357 142 396 sim
171 354 405 395 habiturus
433 354 668 409 antiquius.
734 352 786 394 L.
826 353 1066 394 Antonium
1096 356 1406 397 concionatum
1435 368 1532 397 esse

58 411 246 465 cognovi
274 411 361 451 tuis
391 409 533 451 literis
561 414 606 450 et
637 410 734 450 aliis
764 408 970 450 sordide:
1011 408 1114 459 sed,
1152 411 1199 450 id
1227 412 1352 466 quale
1381 411 1532 465 suerit,

57 466 222 507 nescio.
291 465 417 507 Nihil
455 466 573 506 enim
608 465 846 519 scripsisti.
924 464 995 504 De
1044 462 1330 518 Menedemo,
1376 467 1528 521 probe.

0 525 3 572 ξ
59 522 248 572 Quintus
276 525 392 562 certe
420 533 474 562 ea
501 520 703 573 dictitat,
741 533 853 574 quae
882 519 1053 562 scribis.
1113 519 1359 563 Consilium
1387 535 1533 564 meum

0 574 3 601 ἵ
57 591 84 618 a
114 582 157 617 te
186 577 390 631 probari,
419 577 536 630 quod
567 589 620 618 ea
648 590 736 616 non
766 576 984 627 scribam,
1016 587 1125 630 quae
1153 579 1202 615 tu
1231 588 1257 616 a
1286 589 1356 618 me
1384 583 1532 634 postu-

57 633 188 684 laris,
217 631 350 673 facile
379 633 551 686 patior:
591 633 815 686 multoque
845 632 988 685 magis
1018 631 1065 672 id
1094 631 1322 684 probabis,
1366 634 1405 673 si
1434 647 1532 675 ora-

56 688 223 728 tionem
252 699 374 738 eam,
413 687 470 728 de
499 699 586 742 qua
613 686 747 729 hodie
777 687 835 728 ad
864 691 908 728 te
936 687 1124 741 scripsi,
1164 687 1338 740 legeris.
1407 688 1534 737 Quae
1596 710 1598 712 ·

56 742 111 783 de
140 742 389 796 legionibus
418 743 604 795 scribis,
642 756 696 784 ea
733 756 842 785 vera
879 747 993 783 sunt.
1063 742 1153 783 Sed
1195 756 1282 784 non
1312 743 1421 784 satis
1449 741 1534 784 hoc

56 797 167 839 mihi
196 798 366 840 videris
395 800 477 840 tibi
509 799 806 853 persuasisse,
836 802 862 849 †
884 798 992 852 quid
1012 798 1069 839 de
1087 796 1339 840 Buthrotiis
1360 799 1534 841 [nostris

1 926 3 969 ἵ
57 967 100 973 -
125 952 322 992 susceptum
348 951 398 980 est
422 945 525 989 milti,
552 945 617 980 ioh
641 946 740 980 habe
765 947 869 981 mich
896 947 964 980 der
978 948 1096 981 Sache
1112 958 1397 992 angenommen.
1431 939 1536 983 Uber

56 998 129 1030 den
155 997 279 1029 Dativ.
306 997 440 1029 Graec.
467 1006 496 1031 s,
524 994 678 1029 Ramsh.
706 995 739 1038 §.
770 997 848 1030 124.
876 1012 917 1019 —-
946 996 1145 1039 antiquius,
1171 997 1339 1031 theut-er.

149 1045 182 1079 2.
207 1043 249 1078 L.
275 1044 430 1082 Antan„
456 1042 649 1078 triumviri
673 1044 844 1077 fratrem.
871 1042 904 1076 S.
921 1055 979 1088 ep,
1007 1044 1089 1084 704,
1116 1045 1151 1079 5,
1175 1062 1223 1069 -
1247 1043 1418 1086 sordide,
1442 1042 1536 1077 iam-

58 1092 225 1127 mertich.
254 1112 297 1119 —
325 1090 450 1135 quale,
477 1091 636 1125 welches
663 1090 819 1128 Inhalts,
842 1109 886 1115 —
914 1091 970 1124 De
995 1091 1221 1132 „Menedemm
1248 1093 1370 1135 probe.
1420 1092 1535 1134 „Was

57 1142 117 1172 Du
140 1151 225 1173 vom
251 1141 307 1176 M.
335 1138 538 1182 schreibst‚
565 1139 630 1172 hat
656 1140 803 1171 meinen
831 1149 974 1183 ganzen
992 1140 1165 1172 Beifall.‘⁴
1201 1140 1443 1174 Menedemus
1459 1139 1536 1172 sine

57 1188 172 1221 dubio
199 1187 263 1221 hic
297 1195 376 1228 est,
419 1198 532 1231 quem
568 1187 744 1220 Antonius
769 1186 958 1231 hospitem
986 1187 1152 1221 Caesaris
1176 1194 1214 1220 et
1240 1188 1394 1221 civitate
1418 1187 1465 1220 ab
1491 1197 1537 1220 eo

58 1236 240 1269 donatum
267 1236 468 1278 scripserat
493 1237 531 1268 in
557 1235 673 1268 literis
701 1236 747 1267 ad
773 1235 936 1268 Hirtium
965 1240 1002 1266 et
1018 1235 1235 1275 Octavium,
1264 1247 1373 1281 quam
1402 1235 1536 1268 Cicero

55 1285 93 1317 in
119 1283 282 1329 Philipp.
308 1284 410 1316 XIII.
438 1284 474 1315 in
501 1289 630 1316 senatu
663 1283 864 1315 recitatam
896 1282 1132 1326 perstringit.
1194 1282 1251 1316 Ibi
1284 1294 1369 1317 eum
1401 1283 1537 1317 Cicero

56 1331 301 1375 nequissimum
328 1331 543 1364 Graeculum
571 1338 688 1364 vocat.
741 1330 920 1363 Antonius
955 1336 1078 1363 eutem
1111 1341 1195 1363 eum
1227 1332 1349 1364 securi
1383 1341 1537 1375 percus-

0 1404 1 1407 *
56 1392 139 1413 sum
171 1391 249 1413 esse
281 1385 431 1424 questus
457 1386 550 1414 erat.
605 1379 766 1412 Videtur
790 1378 904 1422 igitur
930 1378 1003 1410 iam
1029 1378 1157 1422 paullo
1173 1384 1276 1422 ante,
1304 1390 1415 1425 quam
1440 1379 1536 1412 lianc

0 1423 1 1466 Ϋ
58 1428 253 1473 epistolam
280 1428 416 1464 Cicero
442 1428 649 1468 scriberet,
683 1426 826 1472 aliquid
860 1426 903 1459 de
929 1427 1001 1458 hoc
1027 1427 1256 1460 IVIenedemo
1291 1428 1442 1471 eiusque
1472 1437 1537 1459 ne-

0 1953 8 2279 1‹-2-w-›.-—r2-—›-*---.⁷-*
0 1919 3 1943 „-.
0 1874 3 1907 „fi

58 1477 178 1520 quitia
203 1476 312 1520 eique
339 1475 527 1508 intentata
554 1475 666 1508 caede
703 1475 986 1520 percrebuisse,
1026 1474 1124 1519 quod
1159 1474 1293 1508 Cicero
1326 1475 1384 1508 his
1417 1474 1539 1507 verbis

57 1530 97 1557 ut
122 1525 268 1556 bonum
294 1524 439 1556 factum
474 1523 633 1568 probatx,
670 1524 826 1567 epistola
863 1528 985 1556 autem
1012 1525 1093 1564 711,
1118 1523 1150 1557 4.
1187 1534 1298 1568 quum
1328 1523 1369 1556 id
1402 1523 1539 1556 falsum

58 1572 172 1605 fuisse
204 1571 397 1610 rescisset,
433 1571 585 1604 scribit:
623 1570 665 1602 de
695 1571 901 1604 Menedemo
934 1570 1057 1604 vellem
1094 1580 1215 1604 verum
1239 1571 1391 1613 fitis-vet.
1426 1569 1538 1605 SCH.

56 1621 128 1653 Ein
153 1618 349 1653 'zihnliches
374 1619 530 1652 Subiect
566 1629 641 1651 war
673 1619 899 1663 Herophilus
935 1618 1261 1653 Pseudo-Marius
1296 1629 1353 1664 ep.
1386 1619 1470 1660 579,
1504 1620 1537 1652 1.

57 1668 140 1708 685,
169 1669 200 1701 l.
251 1685 294 1691 —-
344 1667 510 1707 dictitat,
547 1673 631 1711 sagt
655 1667 731 1700 Das
759 1668 928 1708 iiberall;
961 1667 1149 1708 1151n1ich‚
1183 1668 1263 1700 dass
1293 1678 1334 1700 er
1368 1667 1430 1699 des
1466 1667 1540 1699 An-

58 1716 183 1748 tonius
209 1714 338 1748 rechte
364 1715 472 1747 Hand
499 1715 562 1748 sei.
589 1717 628 1748 S.
657 1726 714 1760 ep·
745 1716 827 1758 704,
853 1717 887 1750 5.
925 1733 967 1739 -
1001 1726 1090 1758 quae
1124 1719 1162 1748 tu
1195 1727 1218 1748 a
1253 1725 1308 1747 me
1335 1714 1542 1758 postularis

58 1765 82 1798 i.
111 1775 141 1796 e.
169 1762 345 1797 historias
381 1764 434 1796 sui
474 1762 658 1807 temporis
693 1762 791 1804 (vid.
824 1775 879 1808 ep.
911 1763 994 1804 694,
1026 1764 1076 1803 5).
1113 1763 1230 1796 ERN.
1263 1780 1307 1787 -
1342 1762 1539 1795 orationem

58 1811 175 1846 Bruti.
203 1830 247 1836 —
273 1811 419 1855 scripsi.
445 1822 503 1856 ep.
531 1814 612 1854 7023,
638 1813 670 1846 2.
699 1829 742 1835 —-
775 1811 819 1844 de
843 1810 1048 1853 legionibus
1079 1810 1126 1842 ab
1158 1809 1322 1843 Antonio
1355 1821 1375 1841 e
1410 1809 1539 1843 Mace-

57 1859 168 1893 donia
192 1859 230 1893 in
256 1859 400 1893 Italiam
425 1861 577 1894 vocatis.
609 1859 720 1892 ERN.
744 1859 780 1892 S.
806 1871 862 1904 ep.
891 1859 970 1899 765,
996 1857 1028 1892 2.
1079 1859 1194 1892 czisar
1219 1858 1323 1892 hatte
1349 1857 1436 1890 dem
1461 1856 1539 1889 An-

56 1908 180 1942 tonius
203 1908 262 1940 die
289 1907 524 1952 Verwaltung
539 1919 610 1940 von
631 1907 882 1941 Macedonien
910 1907 1124 1949 bestimmt3
1152 1906 1274 1939 dieser
1299 1906 1424 1939 wollte
1450 1905 1539 1938 aber

57 1957 150 1989 ietzt
175 1955 323 1989 Gallien
350 1967 415 1988 zur
440 1957 599 1989 Provinz
624 1955 700 1988 und
726 1955 809 1988 liess
840 1954 1014 1988 desshalb
1050 1954 1110 1986 die
1142 1955 1335 1999 Legionen
1362 1964 1428 1986 aus
1453 1955 1538 1987 Ma·

59 2005 240 2037 cedonien
266 2004 601 2038 zuriickkommen.
653 2004 728 2036 Das
747 2004 842 2037 hielt
860 2015 932 2037 nun
954 2001 1106 2036 Attikus
1122 2003 1188 2036 fiir
1213 2003 1274 2035 ein
1302 2000 1540 2047 gliickliches

58 2052 248 2097 Ereigniss
274 2052 311 2085 in
338 2053 482 2085 Betreff
504 2054 625 2085 seines
649 2050 919 2091 Buthrotums‚
952 2052 1016 2084 das
1048 2050 1155 2083 einen
1179 2050 1290 2085 'rheil
1316 2050 1380 2084 des
1404 2051 1540 2084 Mace-

60 2101 263 2134 donischen
296 2101 726 2145 Verwaltungsdistricts
761 2099 992 2140 ausmachte,
1030 2098 1103 2131 und
1134 2099 1172 2131 in
1200 2098 1386 2132 walchem
1426 2099 1540 2132 Cfisar

59 2148 130 2181 den
156 2149 333 2182 Soldaten
357 2149 589 2183 L'aeindereien
616 2149 849 2193 angewiesen
882 2149 998 2182 hatte.
1030 2165 1073 2171 —
1106 2147 1171 2180 sed
1199 2157 1269 2180 non
1293 2146 1388 2180 satis
1414 2171 1423 2180 .
1451 2171 1460 2180 .
1489 2170 1500 2181 .
1529 2170 1537 2178 .

60 2200 95 2229 te
120 2207 190 2229 mm
207 2197 336 2239 fallet.
386 2197 515 2238 „Aber
541 2198 636 2229 eben
664 2197 855 2236 dadurch,
896 2198 979 2230 dass
1011 2196 1070 2229 Du
1095 2205 1164 2229 von
1190 2195 1275 2229 dem
1300 2194 1447 2239 Abzuge
1472 2193 1538 2226 der

59 2245 252 2292 Legionen
278 2256 341 2278 aus
367 2245 613 2279 Macedonian
640 2256 680 2278 so
708 2245 780 2278 viel
807 2246 927 2279 Gutes
954 2245 1019 2278 fiir
1044 2244 1105 2276 die
1131 2242 1339 2277 Buthroter
1365 2243 1434 2276 Dii·
1457 2253 1538 2274 ver-

8 2317 9 2322 ,
60 2293 245 2337 spriclist,
273 2293 438 2326 scheinst
463 2295 521 2326 Du
548 2305 593 2328 zu
618 2292 836 2334 vei-rathen,
863 2293 945 2326 dass
971 2293 1031 2325 Du
1059 2292 1158 2324 noch
1186 2290 1326 2324 keinen
1355 2292 1539 2324 iiberzeu-

60 2340 202 2383 genden
229 2341 382 2374 rechten
409 2342 581 2374 Glauben
616 2353 660 2374 an
693 2342 768 2374 Das
802 2342 905 2379 han,
942 2352 1012 2374 was
1049 2340 1108 2373 Du
1134 2339 1233 2373 doch
1262 2338 1361 2372 wohl
1388 2340 1453 2372 sur
1479 2337 1538 2369 die

60 2389 262 2422 Buthroter
288 2390 339 2423 als
377 2389 498 2423 durch
534 2390 603 2422 den
632 2390 745 2423 Senot
769 2390 978 2422 erwirkbar
998 2394 1183 2421 erwarten
1208 2388 1394 2421 konntest.
1445 2386 1538 2418 Dass

61 2437 152 2470 aber
177 2436 237 2469 ihr
263 2437 416 2471 Gesuch
441 2437 560 2472 durch
586 2438 655 2471 den
682 2437 793 2471 senat
808 2438 926 2471 kenne
946 2436 1101 2470 erwirkt
1115 2437 1267 2470 werden
1294 2435 1356 2475 (de
1374 2432 1538 2468 Buthro-

62 2484 124 2516 tiis
152 2485 289 2517 confici
312 2487 455 2530 posse),
484 2487 607 2530 glaub'
633 2487 696 2520 ich
724 2487 822 2520 noch
849 2487 992 2519 immet.
1044 2485 1154 2517 Denn
1181 2495 1220 2518 so
1237 2484 1323 2516 Viel
1347 2482 1437 2514 sehe
1462 2481 1536 2522 ich,

61 2533 186 2576 siegen
214 2533 360 2565 werden
387 2535 456 2566 wir
481 2535 632 2568 freilich
658 2535 784 2573 nicht3
816 2536 927 2575 aber,
961 2544 1068 2567 weun
1093 2531 1191 2565 auch
1218 2532 1318 2564 diese
1345 2531 1537 2574 Hoffnung

62 2581 125 2613 des
151 2581 273 2624 Sieges
300 2582 394 2613 iiber
415 2581 593 2616 Antonius
617 2582 864 2627 felnlschlfigt.
893 2594 932 2615 so
958 2581 1054 2615 wird
1081 2580 1179 2614 doch
1207 2579 1327 2612 Deine
1348 2578 1538 2621 Hoffnung

62 2632 98 2661 in
125 2629 302 2662 Hinsicht
336 2629 402 2662 der
433 2631 637 2664 Buthroter
672 2631 781 2664 nicht
816 2630 1080 2677 sehlschldgen.
1116 2626 1198 2672 vgl.
1225 2628 1306 2661 694.
1334 2636 1367 2659 u.
1396 2627 1474 2661 737.
1501 2637 1537 2658 u.

64 2679 142 2716 71¹9
168 2679 186 2711 l
212 2688 270 2710 am
292 2677 408 2710 Ende.
459 2679 579 2713 Locus
605 2685 816 2724 corruptus,
843 2679 903 2712 Sic
933 2679 1019 2711 cdd.
1048 2676 1215 2722 plerique
1241 2673 1351 2717 (Md.)
1375 2681 1413 2707 et
1437 2673 1533 2707 Edd.

62 2731 209 2768 praeter
242 2725 331 2758 Lall.
366 2725 516 2763 etse-11.
567 2728 773 2761 Distinctio
801 2733 926 2760 nostra
959 2734 1013 2759 est
1052 2726 1091 2756 in
1123 2725 1229 2760 Crat.
1256 2729 1295 2756 ct
1319 2723 1470 2756 Ernest.
1502 2723 1532 2755 I.

132 2804 190 2830 Cic.
209 2805 310 2832 Briefe
332 2815 358 2831 ν.
381 2805 494 2831 Billcrb
525 2805 570 2829 IV.
1114 2777 1141 2817 7
