1795 3086
194 91 256 137 42
472 94 534 137 Μ.
566 93 620 137 Τ.
654 94 991 139 CICERONIS
1018 95 1399 140 EPISTOLAE.

196 206 347 249 roibus
377 208 545 249 nostris
575 221 657 261 pro
687 221 735 248 re
765 211 870 249 nata
899 222 986 250 non
1008 209 1352 252 incommodum.
1413 209 1503 251 Sed
1534 214 1680 254 tamen

196 263 348 304 adhuc
384 277 454 304 me
497 263 614 304 nihil
655 262 854 306 delectat
900 269 1080 319 praeter
1121 266 1232 307 Idus
1272 264 1476 307 Martias.
1546 266 1679 319 Nam,

197 319 407 374 quoniam
446 319 618 360 Fundis
665 333 762 361 sum
810 334 909 361 011111
955 321 1128 375 Ligure
1178 325 1361 374 nostro,
1411 322 1681 370 discrucior,

198 375 386 417 Sextilii
424 374 612 416 fundum
656 388 683 416 a
718 377 965 418 verberone
1011 378 1207 419 Curtilio
1259 378 1509 432 possideri:
1559 380 1680 434 quod

194 447 328 487 quum
359 430 478 483 dico,
519 431 574 473 de
604 435 698 472 toto
739 446 900 487 genere
941 433 1058 475 dico.
1130 433 1253 484 Quid
1299 434 1418 474 enim
1456 435 1680 487 miserius,

195 501 327 543 quam
357 500 409 527 ea
437 499 518 529 nos
548 487 680 539 tueri,
710 492 895 544 propter
923 503 1037 544 quae
1060 490 1191 530 illum
1212 490 1478 531 oderamus?
1507 491 1679 532 Etiam-

195 558 250 584 ne
280 543 487 585 consules
518 547 562 585 et
592 543 795 586 tribunos
824 546 884 599 pl.
915 545 963 585 in
991 545 1232 598 biennium,
1263 559 1375 600 quos
1405 545 1486 586 ille
1507 547 1679 588 voluit?

195 599 336 641 Nullo
365 599 499 640 modo
541 601 732 654 reperio,
770 601 1144 655 quemadmodum
1182 602 1350 656 possim
1389 600 1679 642 πολιτεύεσθαι.

194 655 329 697 Nihil
360 656 479 696 enim
508 659 599 697 tam
629 654 815 703 σόλοικον,
845 670 976 710 quam
997 656 1325 707 τυραννοκτόνους
1346 657 1393 698 in
1415 658 1543 700 caelo
1568 672 1679 711 esse,

194 712 380 769 tyranni
420 711 542 753 facta
581 711 780 753 defendi.
849 713 939 754 Sed
979 713 1108 755 vides
1148 713 1370 766 0011511165,
1412 713 1541 755 vides
1572 715 1678 755 reli-

193 782 306 823 quos
343 767 655 823 magistratus,
699 768 739 809 si
778 768 856 809 isti
898 769 1209 823 magistratus:
1249 769 1380 810 vides
1420 770 1679 824 languorem

193 827 421 866 bonorum.
488 823 731 865 Exsultant
768 823 944 866 laetitia
983 825 1031 866 in
1071 823 1343 878 municipiis.
1411 824 1520 866 Dici
1559 826 1679 866 enim

192 895 282 922 non
310 882 471 935 potest,
501 884 666 935 quanto
697 894 832 935 opere
862 881 1100 936 gaudeant,
1132 884 1183 922 ut
1212 880 1268 921 ad
1298 894 1368 921 me
1398 886 1680 934 concurrant,

151 934 154 938 ’
192 941 241 979 ut
270 935 426 978 audire
458 936 641 991 cupiant
679 938 817 978 verba
844 951 943 978 mea
970 951 1024 979 ea
1052 937 1108 980 de
1138 951 1212 986 re3
1251 949 1335 976 nec
1374 936 1471 977 ulla
1507 936 1681 979 interea

192 994 390 1034 decreta.
451 991 528 1033 Sic
568 992 687 1034 enim
725 991 1070 1042 πεπολιτεύμεθα,
1108 997 1158 1033 ut
1194 992 1341 1035 victos
1370 996 1678 1035 metueremus.

191 1050 321 1091 Haec
359 1048 416 1090 ad
463 1053 508 1090 te
550 1048 715 1103 scripsi
760 1050 965 1103 apposita
1004 1048 1200 1090 secunda
1240 1060 1416 1090 mensa:
1465 1049 1596 1103 plura
1636 1053 1681 1090 et

190 1105 474 1154 πολιτικώτερα
502 1110 679 1160 postea:
711 1108 756 1145 et
784 1109 845 1157 tu,
876 1105 986 1159 quid
1017 1118 1122 1159 agas
1152 1104 1351 1163 quidque
1383 1109 1554 1158 agatur.

189 1215 365 1261 ger'aumt
390 1212 454 1246 sei.
506 1231 549 1236 -—
599 1222 668 1255 pro
696 1221 735 1245 re
758 1215 859 1253 nata,
884 1211 983 1245 nach
1009 1211 1156 1246 Gestalt
1193 1211 1261 1245 der
1285 1212 1451 1255 Sachen‚
1487 1212 1586 1247 nach
1613 1212 1680 1246 der

189 1264 292 1310 Lage
318 1261 386 1294 der
410 1261 549 1308 Dinge.
577 1279 620 1284 —
648 1259 926 1301 incommodum,
953 1260 1204 1306 ungerathen.
1251 1279 1293 1285 -
1344 1263 1438 1297 nihil
1463 1262 1530 1298 del,
1568 1263 1678 1296 Denn

190 1323 228 1345 es
253 1322 338 1345 war
362 1309 462 1342 noch
487 1309 626 1344 Nichts
659 1309 725 1341 fiir
751 1308 812 1342 die
838 1307 1248 1353 Wiederherstellung
1273 1309 1342 1344 der
1367 1309 1560 1355 Republik
1588 1322 1623 1343 u.
1650 1322 1677 1342 5.

189 1372 238 1394 w.
264 1357 488 1403 geschehen.
531 1375 575 1382 —-
616 1355 740 1398 Ligur
765 1356 962 1390 Ciceronis
988 1356 1204 1390 familiaris.
1256 1359 1341 1406 Vgl.
1370 1371 1428 1405 ep.
1457 1359 1540 1401 315,
1566 1359 1599 1392 4.
1634 1375 1676 1380 —

189 1407 358 1448 Sextilis,
393 1406 496 1441 eines
522 1404 752 1439 R’csmischen
778 1405 921 1438 Ritters
958 1416 1031 1439 von
1064 1405 1135 1439 der
1159 1406 1503 1451 Pompeianischen
1536 1405 1676 1447 Partei,
1739 1446 1742 1449 x

189 1456 324 1489 ‹lessen
350 1454 428 1488 Gut
453 1465 542 1488 vom
568 1454 681 1488 C'asar
706 1453 901 1486 confiscirt
926 1453 1003 1487 und
1029 1454 1115 1487 dem
1141 1453 1461 1502 Freigelassenen
1487 1453 1676 1488 Curtilius

188 1503 425 1550 geschenkt,
468 1502 558 1536 aber
590 1502 674 1535 dem
708 1501 1014 1550 rechtm‘dssigen
1048 1501 1218 1535 Besitzer
1251 1503 1353 1537 noch
1390 1503 1500 1538 nicht
1530 1501 1678 1537 wieder

189 1552 338 1587 zuriick
363 1551 536 1599 gegeben
561 1562 655 1585 war.
704 1568 745 1575 -
795 1550 991 1584 verberone
1015 1550 1052 1583 h.
1081 1561 1109 1582 e.
1137 1550 1200 1583 vel
1223 1551 1444 1585 verberibus
1471 1550 1589 1598 (ligno
1614 1549 1677 1585 vel

187 1601 295 1643 olim,
333 1612 448 1645 quum
481 1611 612 1634 servus
646 1604 756 1637 esset,
796 1598 1018 1632 verberibus
1057 1596 1205 1632 affecto.
1257 1618 1300 1623 —
1352 1601 1395 1634 de
1427 1604 1504 1633 toto
1540 1608 1678 1641 genere

187 1649 505 1694 Pompeianorum
531 1647 684 1682 scilicet
709 1658 825 1691 aeque
850 1653 962 1691 atque
994 1647 1067 1680 ille
1092 1646 1201 1680 bonis
1226 1648 1476 1682 multatorum
1503 1646 1674 1681 omnino-

189 1708 261 1742 que
289 1697 336 1730 de
362 1697 526 1731 consilio
561 1695 731 1730 Caesaris
763 1695 918 1730 decreta
951 1700 1032 1728 rata
1056 1694 1234 1731 habendi.
1282 1696 1390 1731 SCH.
1430 1707 1571 1739 „wenn
1609 1693 1676 1728 ich

187 1746 319 1780 diesen
344 1745 546 1780 einzelnen
571 1743 658 1778 Fau
683 1742 858 1786 anffihre,
895 1754 935 1778 so
973 1743 1085 1779 deute
1116 1743 1182 1777 ich
1215 1744 1335 1779 damit
1367 1747 1436 1779 auf
1465 1744 1529 1779 des
1555 1753 1675 1792 ganze

189 1795 330 1841 ietzige
355 1792 573 1829 Verfahren
597 1792 712 1826 hin.“

283 1845 317 1878 2.
349 1853 390 1876 ea
414 1853 480 1876 nos
505 1841 604 1875 tueri
627 1841 710 1875 scil.
738 1851 784 1874 ex
809 1840 902 1874 actis
929 1839 1112 1884 Caesaris,
1137 1840 1272 1887 quibus
1298 1841 1483 1875 Antonius
1509 1846 1591 1874 tum
1618 1840 1673 1873 in-

186 1890 445 1925 tolerabiliter
469 1889 702 1924 abutebatur.
759 1888 976 1923 Postulabat
1002 1889 1118 1932 enim,
1144 1895 1198 1929 ut,
1227 1889 1413 1935 quidquid
1437 1889 1479 1922 in
1505 1888 1674 1922 Caesaris

186 1938 518 1973 commentariolis
544 1944 582 1972 61
607 1937 878 1985 chirographis
915 1944 952 1972 et
987 1937 1134 1972 libellis
1168 1949 1208 1971 se
1233 1949 1308 1972 uno
1332 1944 1487 1972 auctore
1513 1936 1674 1982 prolatis

185 1999 230 2022 ac
255 1999 304 2022 ne
332 1987 489 2033 prolatis
515 1986 683 2032 quidem,
722 1986 788 2020 sed
821 1986 1080 2020 tantummodo
1116 1985 1227 2020 dictis
1261 1992 1437 2029 exstaret,
1470 1984 1510 2018 id
1549 1991 1673 2018 ratum

187 2043 298 2071 esset.
324 2036 493 2082 Philipp.
520 2036 551 2077 1,
578 2037 610 2070 7.
661 2034 770 2069 SCII.
812 2033 921 2077 „dass
952 2034 1030 2069 wir
1063 2034 1289 2075 (wirkliche
1322 2035 1400 2068 und
1434 2033 1673 2078 angebliche)

185 2085 408 2120 Beschliisse
433 2084 498 2117 des
524 2083 654 2117 Casars
681 2082 782 2117 noch
805 2084 870 2116 fiir
894 2082 1025 2130 giiltig
1049 2082 1295 2117 anerkennen
1319 2083 1511 2116 uniissenf‘
1551 2101 1596 2106 -
1635 2081 1674 2114 in

185 2133 368 2167 biennium
391 2133 474 2167 scil.
500 2131 733 2166 habebimus.
760 2150 808 2155 —
833 2131 948 2164 voluit
975 2131 998 2164 i.
1013 2142 1042 2164 6.
1070 2142 1162 2175 quos
1183 2132 1320 2166 Caesar
1344 2129 1558 2179 designavit
1583 2141 1672 2164 con-

185 2189 246 2217 tra
272 2181 431 2216 Parthos
457 2181 713 2227 profecturus.
740 2179 821 2213 Vid.
839 2179 911 2214 Dio
931 2179 1056 2213 XLIII
1076 2186 1170 2213 extr.
1199 2199 1242 2205 —
1266 2180 1380 2214 Nullo
1408 2179 1530 2227 igitur
1554 2179 1674 2211 modo.

186 2252 231 2258 —
264 2230 437 2272 πολιτ.,
463 2228 613 2263 versari
647 2228 687 2261 in
715 2239 756 2261 re
781 2226 949 2272 publica,
974 2227 1081 2261 mich
1105 2228 1206 2262 noch
1231 2228 1303 2262 mit
1327 2226 1674 2272 staatsgeschzifteu

186 2281 390 2328 befangen,
416 2277 597 2326 abgeben.
626 2297 669 2303 —
696 2273 943 2318 σόλοικον,
968 2276 1162 2320 vitiosum,
1188 2276 1401 2311 absurdum.
1430 2295 1473 2300 —
1507 2275 1546 2308 z'n
1571 2274 1674 2308 caelo

187 2339 275 2373 csse,
313 2327 459 2362 laudari
493 2337 514 2360 a
540 2325 719 2371 plurimis
748 2331 784 2359 et
808 2324 853 2358 ad
888 2325 1037 2358 caelum
1072 2325 1218 2364 extolli,
1258 2325 1486 2372 vergiittert‚
1525 2323 1565 2355 in
1599 2323 1673 2356 den

187 2377 360 2413 Himmel
394 2374 562 2410 erhoben
596 2373 764 2409 werden.
814 2391 857 2398 —-
909 2373 1074 2416 defendi,
1106 2373 1146 2406 in
1171 2372 1313 2407 Schutz
1339 2382 1570 2421 genommen
1596 2371 1673 2404 und

185 2425 429 2474 gehandhabt
452 2422 621 2458 werden.
661 2441 704 2446 —
753 2421 787 2455 si
808 2421 882 2465 ipsi
906 2431 1004 2464 mag.
1054 2422 1139 2467 vgl.
1166 2421 1239 2455 den
1265 2422 1293 2465 §.
1320 2423 1343 2457 2
1369 2421 1432 2454 (165
1459 2419 1584 2468 vox-ig.
1609 2420 1673 2453 ΒΓ.

188 2496 232 2501 -
258 2477 297 2510 in
321 2472 531 2517 municipiis
555 2471 730 2514 latentes,
755 2480 833 2511 non
858 2470 1007 2504 Romae.
1058 2489 1101 2495 —-
1153 2474 1189 2504 ut
1215 2470 1265 2504 ad
1287 2481 1346 2503 me
1371 2479 1479 2512 cona,
1515 2469 1592 2503 wie
1618 2467 1673 2501 sie

187 2525 266 2559 mir
290 2524 480 2558 zulaufen.
531 2540 573 2546 —
623 2530 705 2557 mea
736 2518 848 2556 verba
883 2517 983 2554 Vict.
1008 2519 1044 2555 2.
1089 2519 1178 2554 Non
1211 2518 1389 2565 displicet
1421 2517 1515 2552 ordo
1541 2515 1671 2550 vocab.

186 2584 269 2608 mea
290 2574 418 2607 verba.
456 2570 529 2606 oR.
582 2588 624 2594 —
677 2570 824 2602 decreta
853 2574 1002 2602 senatus
1030 2568 1191 2610 scilicet,
1218 2579 1313 2613 quae
1336 2568 1496 2601 Brutum
1522 2570 1559 2598 et
1587 2564 1671 2598 cas-

187 2622 287 2656 sium
319 2620 535 2655 defendant.
577 2616 851 2667 „gleichwohl
886 2616 935 2651 ist
967 2617 1090 2651 indess
1125 2616 1218 2650 kein
1251 2616 1420 2662 einziges
1446 2616 1585 2649 Decrct
1611 2622 1671 2645 er-

187 2671 391 2719 folgt.“—
416 2667 623 2702 πεπολιτ.
638 2692 649 2710 ,
674 2666 771 2700 (161111
797 2677 836 2700 50
855 2665 1030 2700 wackerc
1046 2665 1327 2700 Staatsm'a‘nner
1352 2663 1437 2697 sind
1462 2661 1552 2706 wir,
1577 2659 1669 2694 dass.

191 2738 233 2744 —
261 2719 375 2753 victos
400 2718 655 2757 Caesarianos,
684 2714 889 2749 Antonium
915 2714 1151 2760 praesertim.
1192 2733 1233 2738 —
1285 2724 1352 2747 sec.
1379 2722 1515 2752 mensa,
1542 2707 1671 2743 Nach-

188 2766 301 2802 lisch.
355 2785 397 2791 -
451 2765 626 2807 nolit,
652 2764 861 2798 accuratius
885 2762 1076 2809 disputata
1100 2762 1146 2797 de
1173 2774 1214 2797 rc
1242 2761 1406 2808 publica.
1455 2780 1494 2786 —
1547 2760 1674 2802 postca

190 2815 371 2852 scribam:
399 2820 431 2849 et
459 2819 496 2849 tu
523 2813 676 2849 scribes,
