1795 3086
436 57 753 103 EPISTOLA
794 56 1135 100 DCCCXLIV.
1296 90 1300 93 >
1450 52 1542 102 359

0 177 1 198 ³
60 170 305 212 obtineant:
349 182 459 223 rogo
488 172 547 217 te,
577 171 703 223 petas
732 170 786 211 ab
817 169 890 220 iis,
930 173 978 210 ut
1007 167 1124 209 hanc
1166 163 1430 220 dignitatem
1461 180 1537 221 po-

0 233 1 272 ]
61 226 282 267 tissimum
311 226 438 265 nobis
468 224 663 265 tribuant
692 230 738 266 et
765 224 876 264 milii
906 225 1012 266 dent
1041 223 1279 277 negotium,
1308 226 1356 264 ut
1385 222 1536 263 Asiam

59 283 296 332 obtineam,
328 280 433 321 dum
463 280 662 334 ipsorum
691 281 906 321 alteruter
935 282 1069 321 venit.
1126 277 1254 330 Nam,
1295 278 1414 333 quod
1445 275 1535 317 huc

0 389 1 392 Ἴ
59 342 298 391 properent
335 335 381 376 in
429 334 694 389 magistratu
744 336 896 377 venire
945 340 1020 376 aut
1057 334 1304 375 exercitum
1344 333 1535 383 mittere,

0 397 1 442 j
57 406 237 433 causam
265 405 352 432 non
383 390 558 431 habent.
618 390 859 432 Dolabella
888 392 1004 431 enim
1034 391 1080 430 in
1111 389 1248 445 Syria
1276 392 1365 430 est:
1411 391 1455 429 et
1481 410 1534 417 -

0 470 2 478 ›
60 452 109 488 ut
137 453 186 489 tu
215 447 369 489 divina
396 451 473 486 tua
500 451 646 487 mente
675 446 950 501 prospexisti
980 450 1024 487 et
1051 445 1319 499 praedicasti
1348 466 1401 474 --
1431 443 1535 484 dum

57 503 136 544 isti
164 503 361 547 veniunt,
399 501 582 542 Cassius
620 515 718 543 euin
742 502 972 557 opprimet.
1056 500 1284 542 Exclusus
1325 500 1441 541 enim
1481 499 1548 539 ab*

56 559 308 600 Antiochea
345 557 591 598 Dolabella
641 563 686 599 et
730 557 778 598 in
822 556 1116 612 oppugnando
1156 556 1271 596 male
1313 558 1536 609 acceptus,

55 614 183 655 nulla
211 615 303 655 alia
331 611 526 654 confisus
567 614 690 666 urbe,
728 613 1017 665 Laodiceam,
1065 623 1178 665 quae
1217 615 1285 651 est
1324 612 1369 651 in
1400 610 1539 666 Syria

56 670 114 710 ad
152 683 291 721 mare,
338 681 386 708 se
424 668 625 710 contulit.
703 669 774 710 Ibi
812 683 942 722 spero
983 667 1195 709 celeriter
1233 679 1333 707 eum
1373 678 1537 720 poenas

58 726 280 766 daturum.
337 723 456 765 Nam
484 737 640 780 neque,
669 738 758 780 quo
788 725 994 778 refugiat,
1022 722 1177 763 habett
1207 735 1348 776 neque
1369 721 1539 761 diutius

0 782 2 829 ᾗ
55 782 120 822 ibi
161 780 327 835 poterit
370 783 540 821 tantum
585 782 837 821 exercitum
883 778 1033 820 Cassii
1079 779 1313 819 sustinere.
1395 776 1536 830 Spero

56 836 191 877 etiam
237 834 488 877 confectum
535 848 633 877 esse
690 836 778 875 iam
838 838 883 876 et
930 846 1187 889 oppressum
1235 833 1534 874 Dolabellam.

0 945 1 950 1
55 891 208 942 Quare
236 905 325 933 non
353 896 461 945 puto
490 890 686 932 Pansam
716 894 760 931 et
788 890 991 931 Hirtium
1027 890 1075 929 in
1105 889 1338 931 consulatu
1378 901 1536 942 prope-

0 964 1 967 *
56 952 234 989 raturos
262 947 309 987 in
338 946 596 1000 provincias
626 945 770 998 exire,
800 946 881 987 sed
910 945 1084 987 Romae
1113 948 1292 986 acturos
1332 943 1536 985 consula-

55 1009 163 1045 tum.
220 1003 394 1057 Itaque,
420 1001 462 1043 si
490 1001 546 1042 ab
573 1001 632 1042 iis
661 1001 859 1055 petieris,
892 1005 940 1042 ut
968 1001 1140 1043 interea
1166 1001 1294 1042 nobis
1324 1012 1537 1053 procura-

54 1058 221 1100 tionem
249 1057 383 1098 Asiae
413 1057 535 1103 dent,
572 1070 704 1111 spero
742 1061 786 1098 te
814 1070 944 1111 posse
979 1056 1234 1111 impetrare.
1293 1055 1539 1097 Praeterea

53 1113 167 1155 mihi
196 1113 496 1168 promiserunt
523 1112 673 1154 Pansa
700 1116 746 1154 et
765 1113 944 1153 Hirtius
973 1126 1125 1154 coram
1154 1117 1201 1153 et
1229 1111 1398 1153 absenti
1426 1109 1539 1151 mihi

0 1187 2 1214 ;
54 1170 343 1224 scripserunt,
381 1167 638 1222 Verrioque
667 1172 822 1210 nostro
850 1169 1002 1209 Pansa
1032 1168 1278 1210 affirmavit
1318 1181 1366 1208 se
1406 1166 1537 1206 datu-

54 1238 152 1267 rum
181 1237 375 1279 operam,
413 1237 469 1264 ne
498 1225 546 1265 in
575 1237 656 1265 suo
685 1224 921 1265 consulatu
957 1223 1071 1264 mihi
1100 1224 1380 1266 succedatur.
1437 1221 1539 1274 Ego

53 1293 190 1336 porro
217 1293 322 1330 non,
350 1279 524 1319 medius
563 1278 716 1332 fidius,
764 1280 1013 1334 cupiditate
1050 1280 1311 1334 provinciae
1350 1277 1539 1333 produci

54 1336 234 1390 longius
264 1334 456 1390 spatium
484 1333 597 1375 mihi
624 1335 751 1376 volo:
781 1347 884 1375 nam
928 1335 1046 1376 mihi
1073 1333 1162 1376 suit
1189 1336 1279 1376 ista
1309 1333 1540 1389 provincia

54 1393 187 1447 plena
214 1389 400 1442 laboris,
429 1390 639 1445 periculi,
669 1390 942 1433 detrimenti,
1014 1389 1142 1441 Quae
1171 1404 1255 1444 ego
1285 1403 1339 1431 ne
1368 1388 1542 1429 frustra

55 1447 270 1490 subierim
317 1459 430 1487 neve
475 1445 617 1500 prius,
665 1459 798 1501 quam
839 1446 1058 1502 reliquias
1106 1459 1230 1487 meae
1275 1444 1541 1499 diligentiae

53 1515 318 1557 consequar,
365 1501 586 1543 decedere
626 1515 776 1556 cogar,
814 1501 946 1544 valde
984 1502 1155 1543 laboro.
1214 1500 1347 1552 Nam,
1386 1500 1426 1540 si
1464 1512 1541 1552 ρο,

56 1560 255 1614 ίιιὶεεθηι,
304 1571 437 1611 quam
479 1570 719 1611 exegeram
759 1556 1006 1611 pecuniam,
1051 1557 1308 1599 universam
1348 1555 1540 1605 mittere,

55 1615 345 1670 postularem,
391 1617 442 1654 ut
489 1611 607 1653 mihi
649 1612 989 1654 succederetur:
1042 1626 1172 1666 nunc,
1211 1611 1333 1667 quod
1381 1611 1541 1652 Cassio

55 1721 1543 1743 Μ

54 1796 373 1843 vollm'aichtigten
398 1805 469 1828 zur
494 1791 751 1839 Verwaltung
775 1799 848 1823 von
871 1788 987 1822 Asien
1013 1797 1060 1821 zu
1085 1795 1291 1821 ernennen.
1324 1802 1371 1809 —
1412 1783 1457 1817 ab
1482 1781 1543 1835 iis,

55 1847 130 1881 Md.
156 1846 258 1880 Crat.
283 1844 380 1877 vict.
409 1845 443 1877 l.
467 1843 500 1877 2.
528 1841 573 1874 ab
599 1838 664 1872 his.
689 1856 735 1863 —-
761 1837 869 1870 venie.
911 1837 1006 1869 Ern.
1039 1845 1120 1868 con.
1154 1833 1240 1868 sch.
1268 1833 1363 1866 Liin.
1390 1834 1541 1864 venerat.

0 1917 1 1922 =
55 1893 255 1929 ORELLI.
304 1891 341 1926 S.
368 1889 522 1925 Ramsh.
549 1888 579 1930 ξ.
608 1888 689 1927 189,
719 1888 753 1928 l,
779 1887 811 1920 3.
851 1884 994 1918 Grotef.
1021 1882 1051 1925 §.
1077 1883 1158 1916 411.
1184 1882 1265 1916 422.
1296 1880 1408 1914 Anm.
1434 1880 1467 1913 2.
1493 1895 1541 1903 —-

53 1944 92 1976 in
117 1942 354 1984 magistratu,
378 1936 563 1973 wahrend
590 1934 693 1968 ihres
720 1933 939 1973 Consulats;
966 1931 1006 1963 in
1034 1929 1246 1971 consulatu,
1272 1928 1301 1970 ἓ.
1327 1929 1362 1962 5.
1400 1944 1443 1950 -—-
1483 1926 1540 1958 di-

54 1992 140 2024 vina
166 2014 174 2021 .
200 2013 208 2022 .
234 1991 352 2020 mente
387 1987 411 2020 i.
445 1997 476 2019 e.
510 1983 749 2020 divinatrioe,
790 1992 882 2014 vera
916 1978 1190 2031 praesagiente,
1232 1976 1303 2009 mit
1339 1973 1541 2020 propheti-

55 2038 187 2073 schem
213 2035 357 2070 Geiste.
385 2052 428 2059 —
472 2030 712 2077 praedicasti,
737 2027 866 2062 Lamb.
889 2026 1123 2072 praedixzsti.
1163 2043 1206 2050 —
1247 2023 1322 2063 isti,
1349 2021 1541 2063 consules,

5 2095 9 2107 ¹
59 2105 99 2111 —-
127 2084 283 2118 veniunt.
309 2082 372 2116 Sic
404 2081 476 2114 Md.
512 2080 613 2114 Crat.
647 2078 743 2111 Vict.
781 2079 812 2111 l.
838 2078 871 2111 2.
912 2075 1050 2109 GraeV.
1091 2072 1189 2106 Lall.
1224 2070 1362 2106 Bened.
1400 2070 1541 2103 venient

56 2133 147 2168 edd.
175 2132 270 2176 aliq.
294 2131 412 2175 Neap.
440 2129 523 2162 Asc.
550 2130 581 2162 1.
608 2125 736 2159 Lamb.
764 2123 853 2159 Sch.
881 2123 976 2156 Lan.
1012 2121 1213 2156 ORELLI.
1254 2138 1302 2145 -
1341 2119 1380 2152 in
1404 2117 1541 2161 Syria;

54 2182 129 2216 alia
156 2180 258 2214 enim
283 2178 466 2212 Laodicea
492 2181 547 2209 est
573 2175 614 2207 in
639 2173 739 2207 Asia.
788 2190 836 2197 —
884 2170 1074 2212 sustinere,
1107 2166 1356 2204 Widerstand
1381 2165 1541 2207 leisten5

56 2240 190 2275 parem
216 2238 309 2261 esse.
357 2225 455 2261 Was
477 2222 562 2258 sich
586 2221 684 2256 auch
708 2220 806 2253 nach
830 2219 995 2253 Velleius
1021 2218 1071 2257 ΙΙ,
1099 2218 1154 2253 69.
1180 2215 1269 2250 bald
1294 2214 1506 2262 best‘a'tigte.

149 2296 188 2331 5.
237 2297 399 2336 acturos,
422 2290 612 2333 finituros,
636 2294 865 2334 peracturos.
901 2307 942 2312 —
984 2286 1029 2319 ab
1053 2286 1113 2319 iis.
1159 2282 1224 2318 Sic
1255 2283 1376 2327 Neap.
1412 2280 1457 2314 ab
1483 2278 1540 2333 Ῑιξε

56 2343 197 2379 Ceteri.
223 2341 422 2376 ORELLL
464 2357 507 2363 —
563 2337 711 2372 Verrio.
760 2335 796 2370 S.
823 2335 867 2369 ad
893 2334 1028 2368 Famil.
1054 2334 1120 2376 lx,
1145 2334 1204 2368 20.
1231 2333 1288 2367 26.
1337 2348 1384 2354 —
1434 2338 1477 2361 ne
1501 2338 1539 2361 tn

58 2403 122 2427 suo
148 2391 285 2425 consul.
312 2400 361 2422 m·
385 2387 536 2426 succed„
574 2385 655 2419 dass
694 2381 759 2416 ich
795 2382 977 2417 wahrend
1015 2381 1120 2415 ihren
1150 2378 1344 2415 Consulate
1376 2376 1418 2409 in
1442 2375 1538 2409 mei-

8 2433 9 2437 *
59 2451 146 2474 nem
171 2439 284 2473 Amte
316 2435 429 2470 nicht
459 2434 556 2469 solle
587 2430 780 2479 abgeloset
811 2430 976 2465 werden.
1030 2448 1071 2455 --
1121 2426 1294 2473 produci,
1336 2423 1537 2471 prorogari

59 2490 159 2530 long.
184 2490 295 2530 spat„
319 2484 400 2518 dass
424 2482 549 2516 meine
574 2478 771 2514 Amtsfrist
794 2479 1012 2523 verl'a‘ngert
1036 2477 1180 2511 werde.
1231 2492 1273 2499 -
1327 2474 1424 2508 Quae
1449 2471 1535 2504 scil.

59 2535 223 2575 labores,
249 2532 434 2578 pericula,
460 2529 745 2568 detrimentum,
778 2538 822 2560 ne
839 2527 996 2569 frustra
1020 2525 1204 2566 subierim,
1246 2520 1396 2556 Diesem
1420 2519 1536 2553 Allen

58 2581 165 2616 mich
189 2581 301 2614 nicht
325 2579 426 2613 ohne
451 2577 561 2612 Dank
586 2582 819 2620 unterzogen
844 2598 853 2607 .
881 2599 889 2607 .
918 2600 926 2607 .
952 2586 999 2607 zu
1032 2571 1168 2611 haben,
1199 2570 1316 2604 daran
1342 2569 1439 2615 liegt
1462 2567 1537 2599 mir

60 2630 159 2664 viel.
185 2647 231 2654 —-
256 2627 433 2671 reliquias
455 2635 560 2659 meae
583 2624 707 2665 dilig„
729 2622 805 2656 wie
831 2621 858 2663 §.
888 2624 918 2656 1.
944 2621 1017 2655 mei
1040 2620 1194 2662 laboris,
1219 2617 1281 2651 die
1299 2614 1538 2650 Riickst'ande

61 2678 206 2711 meiner
228 2673 554 2710 Betriebsamkeit.
603 2672 788 2713 Quaenam
822 2668 893 2702 hae
931 2670 1020 2710 sint,
1053 2667 1180 2701 statim
1213 2665 1426 2710 explicatur
1450 2674 1536 2696 ver-

62 2726 129 2769 bis,
155 2735 249 2770 quae
275 2729 493 2767 sequuntur.
522 2720 629 2754 SCH.
665 2740 706 2745 --
740 2728 948 2762 consequar,
976 2715 1171 2762 colligam.
1207 2732 1248 2738 —-
1282 2716 1322 2746 ut
1345 2711 1434 2746 mihi
1457 2721 1539 2745 euc-
