1795 3086
537 93 849 137 EPISTOLA
885 96 1140 138 DCXCIV.
1511 96 1572 143 65

89 208 240 246 noster
287 203 546 245 Parilibus!
596 205 842 246 Parilibus.
915 208 1129 250 Solusne?
1173 204 1385 262 [Solus]
1464 208 1565 249 Etsi

87 260 217 300 addis
246 259 473 307 Lamiam3
520 262 641 315 quod
671 260 867 300 demiror
898 265 1127 315 equidem3
1165 260 1241 304 sed
1273 263 1388 305 seire
1419 264 1564 317 cupio,

84 315 164 370 qui
202 315 369 357 suerint
419 315 524 356 alii:
578 329 844 371 quamquam
895 318 1004 358 satis
1043 320 1138 359 scio
1178 319 1265 361 nisi
1312 319 1559 374 improbum

84 372 313 412 neminem.
381 371 660 425 Explanabis
702 371 844 426 igitur
885 370 972 412 hoc
1011 373 1288 427 diligentius.
1348 375 1446 430 Ego
1486 388 1561 414 au-

83 431 172 467 tem
202 441 304 469 casu
334 440 465 481 quum
494 425 720 469 dedissem
752 427 807 467 ad
849 431 892 467 te
933 427 1088 468 literas
1129 443 1185 471 vi.
1218 431 1409 472 Kalend.
1450 430 1560 476 satis

83 483 235 523 multis
264 484 425 528 verbis,
453 483 598 524 tribus
629 483 722 523 sere
752 482 878 524 horis
908 487 1008 538 post
1039 485 1192 538 accepi
1224 491 1322 527 tuas
1347 492 1389 528 et
1410 486 1558 541 magni

19 542 25 575 i
81 538 259 592 quidem
300 537 523 592 ponderis.
582 538 740 592 Itaque
779 539 882 580 ioca
918 544 995 580 tua
1032 539 1160 593 plena
1198 538 1469 583 facetiarum
1503 543 1560 583 de

80 594 257 635 haeresi
286 594 556 635 Vestoriana
585 599 630 636 et
659 595 715 635 de
744 594 1023 636 Pherionum
1063 608 1187 635 more
1216 594 1467 638 Puteolano
1497 597 1559 639 ri-

80 651 189 691 sisse
217 663 287 691 me
316 650 426 691 satis
464 649 584 691 nihil
625 655 693 691 est
732 663 913 691 necesse
952 651 1214 691 rescribere.
1274 652 1561 703 Πολιτικώτερα

78 794 284 828 lebrabant.
321 794 404 827 Vid.
431 794 570 829 Athen.
597 794 778 840 Deipnos.
806 794 907 828 VIII.
950 792 1152 828 MANUT.
1205 793 1274 828 Die
1311 794 1473 828 Parilien
1500 797 1557 829 od.

19 859 22 867 2
77 842 239 876 Palilien
272 842 431 876 wurden
475 854 545 888 pro
579 841 698 888 ‘partu
740 842 887 887 pecoris
921 840 988 874 der
1021 841 1179 875 Gb'ttinn
1214 842 1317 875 Pales
1344 854 1390 875 zu
1424 842 1557 876 Ehren

18 913 22 925 ε
76 902 136 924 am
162 892 221 933 21,
249 890 348 924 nach
375 890 481 925 ovid.
512 882 614 924 Fasjt.
641 890 705 932 lv,
734 891 801 925 721
828 888 869 924 ff.
905 889 1042 923 Drack.
1071 889 1116 923 ad
1141 890 1222 923 Liv.
1248 889 1322 924 XL.
1351 893 1384 924 1.
1417 902 1476 923 am
1500 893 1557 927 20.

15 1087 17 1102 ³
73 1082 149 1115 und
174 1081 379 1115 diessmahl
404 1082 474 1126 gab
500 1081 569 1115 der
605 1082 721 1130 iunge

19 926 21 930 Ι
77 939 188 983 April
205 939 378 986 gefeiert.
430 938 557 972 Allein
583 936 699 971 sehon
728 937 782 970 im
808 937 965 985 vorigen
993 937 1105 971 Iahre
1146 937 1250 972 hatte
1287 949 1373 971 man
1409 938 1465 972 sie
1491 951 1555 972 zu-

73 985 203 1032 gleich
228 998 275 1018 zu
300 986 434 1019 Ehren
459 986 524 1020 des
550 985 681 1019 essars
706 996 845 1033 wegen
870 985 938 1018 der
963 985 1112 1020 Abends
1141 996 1261 1020 zuvor
1285 985 1554 1034 angekomme-

74 1046 148 1068 nen
174 1033 389 1068 Nachricht
412 1044 486 1068 von
511 1034 654 1067 seinem
690 1033 803 1116 Siege
840 1033 934 1067 iiber
967 1033 1029 1066 die
1061 1032 1307 1080 Pompeianer
1344 1034 1553 1076 celebrirt;

779 1082 922 1115 ctavius
958 1081 1140 1116 wbihrend
1175 1082 1296 1116 dieses
1331 1082 1459 1117 Festes
1491 1088 1559 1116 auf

15 1143 17 1151 ⁴
73 1130 175 1164 seine
208 1129 346 1164 Kosten
380 1142 450 1163 zur
482 1129 588 1163 Ehre
624 1129 754 1166 C'aisars
791 1129 868 1163 und
900 1141 948 1163 zu
982 1129 1140 1176 eigener
1172 1129 1438 1176 Empfehlung
1468 1131 1553 1165 dem

72 1178 193 1212 Volke
215 1177 439 1211 &ffentliche
465 1177 591 1222 Spiele
617 1178 660 1218 (s.
687 1178 757 1212 Dio
783 1177 871 1211 libr.
898 1177 1036 1222 XLV).
1088 1178 1179 1211 Dass
1213 1178 1303 1211 aber
1335 1179 1415 1212 sein
1442 1179 1553 1236 Neffe

14 1255 17 1265 .
72 1227 230 1269 Quintus
256 1236 366 1271 sogar
390 1225 573 1259 bekr'a‘nzt
599 1225 720 1258 einem
747 1225 905 1259 solchen
931 1237 1001 1258 zur
1025 1225 1131 1259 Ehre
1158 1226 1221 1259 des
1248 1226 1553 1262 Unterdriiekers

15 1287 18 1292 ·
71 1273 295 1307 Riimischer
319 1273 493 1306 Freiheit
519 1272 869 1321 gemissbrauchten
905 1272 1013 1307 Feste
1047 1272 1276 1315 beiwohnte‚
1310 1274 1373 1308 das
1410 1274 1553 1309 konnte

14 1327 18 1358 ὲ
72 1322 194 1355 einem
221 1321 353 1355 Cicero
379 1320 568 1354 durchaus
594 1321 703 1355 nicht
729 1321 910 1368 gefallen.
959 1320 1046 1368 Vgl.
1087 1321 1147 1354 ‹lie
1173 1320 1363 1361 Antwort.
1403 1322 1465 1356 die
1499 1324 1553 1356 ie-

13 1388 15 1416 i
71 1381 140 1404 ner
165 1369 306 1403 seinem
333 1370 445 1403 Vater
469 1369 554 1416 gab,
593 1369 648 1402 als
675 1369 798 1402 dieser
824 1368 889 1401 ihn
917 1367 1078 1402 dariiber
1109 1380 1178 1402 zur
1203 1369 1305 1403 Rede
1333 1370 1477 1413 stellte‚
1512 1371 1551 1403 in

13 1418 15 1431 ¹
71 1429 128 1462 ep.
156 1419 238 1458 701,
261 1418 295 1451 3.
333 1435 375 1441 -
413 1416 560 1461 {Solus}
607 1417 745 1462 Recepi
773 1416 1007 1464 ingeniosum
1036 1417 1159 1450 Lamb.
1192 1417 1318 1462 suppl.
1352 1428 1426 1452 om.
1451 1419 1553 1452 solus

69 1466 164 1499 Cett.
191 1464 386 1499 ORELLI.
415 1483 455 1488 ——
486 1465 526 1498 L.
552 1465 705 1499 Aelium
732 1465 912 1498 Lamiam.
962 1464 1018 1497 Er
1052 1465 1203 1498 bewarb
1239 1465 1320 1499 sich
1362 1467 1454 1500 ietzt
1487 1478 1549 1499 um

14 1518 15 1523 ’
68 1513 129 1547 die
156 1514 299 1547 Pr'eitur.
336 1512 374 1546 S.
401 1512 495 1545 Plin.
523 1513 607 1556 VII,
633 1515 688 1548 52.
718 1513 844 1547 valer.
872 1515 964 1546 Max.
994 1513 1023 1553 I,
1049 1514 1083 1548 8.
1118 1513 1280 1548 Warum
1308 1514 1444 1548 Cicero
1470 1514 1550 1548 sich

69 1561 258 1604 wumlert,
284 1560 410 1607 ergibt
435 1559 518 1594 sich
544 1572 608 1594 aus
634 1572 689 1604 ep.
719 1560 764 1594 ad
791 1561 902 1594 Attic.
930 1561 1033 1597 xlll,
1060 1561 1118 1595 45.
1155 1561 1291 1595 Famil.
1318 1563 1382 1604 XI,
1413 1565 1465 1598 16.
1495 1566 1550 1598 17.

69 1610 152 1650 XII,
177 1610 235 1644 29.
277 1626 323 1634 -
366 1608 439 1641 nisi
469 1609 580 1652 impr.
609 1609 780 1642 neminem
805 1608 980 1649 adfuisse,
1013 1608 1094 1641 dass
1133 1608 1223 1642 kein
1250 1610 1550 1644 Guidenkender

68 1658 250 1690 ‹larunter
273 1656 353 1690 sein
376 1655 530 1690 konnte.
559 1674 601 1681 —
630 1656 867 1700 Explanabz‘s.
900 1656 1036 1698 „Aliw
1061 1657 1101 1689 in
1127 1668 1176 1690 m.
1202 1659 1290 1693 1584
1328 1659 1548 1703 explorabis.

15 1706 18 1740 ἕ,
70 1704 264 1739 ORELLI.
294 1721 335 1727 -
366 1703 431 1738 VI.
460 1704 559 1745 Kal„
584 1715 643 1738 am
669 1706 724 1740 26.
750 1704 875 1750 April.
917 1703 954 1738 S.
984 1704 1056 1738 den
1082 1706 1162 1741 692.
1191 1706 1253 1739 Br.
1278 1706 1307 1748 §.
1336 1708 1369 1740 3.
1419 1724 1460 1730 -
1509 1708 1551 1740 de

69 1753 213 1785 haeresi
251 1752 488 1794 Vestorium,
527 1752 651 1794 „iiber
688 1753 750 1786 die
791 1762 887 1785 neue
921 1752 1229 1786 Vestorianische
1266 1753 1437 1788 Schule“
1480 1754 1550 1788 der

16 1826 17 1829 η
67 1799 311 1834 Geldm'aikler
338 1800 519 1839 n'aimlich,
556 1800 617 1834 die
648 1800 711 1834 das
745 1799 1036 1833 arithmetische
1072 1800 1222 1841 Talem,
1266 1801 1396 1835 kleine
1430 1802 1549 1836 Geld-

67 1848 175 1882 s'a'cke
201 1849 240 1881 in
266 1858 399 1896 grosse
426 1860 473 1881 zu
499 1848 758 1891 verwandeln,
793 1848 888 1880 nach
914 1849 984 1881 Art
1021 1847 1128 1882 einer
1153 1848 1549 1894 Philosophenschule

67 1896 284 1930 ordentlich
319 1896 359 1928 in
394 1897 555 1930 formam
594 1897 686 1931 artis
723 1895 907 1943 gebracht
938 1895 1067 1929 h'zitten
1100 1896 1174 1929 und
1200 1908 1247 1930 an
1275 1897 1390 1931 deren
1418 1897 1547 1943 Spitze

10 1932 16 1952 ²
67 1944 259 1978 Vestorius
283 1943 427 1986 statute,
464 1945 540 1978 wie
575 1945 636 1978 ein
669 1944 776 1978 Plato
814 1956 860 1977 an
899 1943 967 1977 der
1002 1944 1132 1988 Spitze
1166 1945 1292 1978 seiner
1326 1946 1544 1980 Akademie.

68 1993 172 2035 Quia,
187 2003 300 2036 quum
313 2003 381 2036 ego
401 1992 446 2025 ad
464 1999 500 2026 te
514 1992 759 2037 scripsissem,
775 1992 986 2026 Vestorium
1008 2003 1027 2025 a
1047 1992 1258 2027 dialecticis
1274 2000 1477 2037 remotum,
1504 1995 1542 2027 in

15 2056 16 2065 π
64 2040 318 2074 arithmeticis
344 2041 430 2073 satis
458 2041 721 2082 exercitatum,
741 2043 812 2086 (ep.
835 2042 931 2080 692.)
959 2041 1038 2085 ipse
1063 2051 1137 2080 eos,
1167 2042 1229 2085 qui
1257 2042 1439 2086 pecuniae
1465 2049 1543 2077 stu-

64 2088 241 2122 diosiores
268 2095 389 2121 essent
422 2101 534 2133 quam
570 2088 778 2130 doctrinae,
817 2088 1002 2122 haeresim
1038 2089 1295 2122 vestorianam
1332 2091 1543 2135 appellasti.

66 2136 264 2170 MANUT.
299 2157 336 2162 —
364 2137 406 2170 de
433 2136 653 2170 Plterz'onwn
678 2147 776 2171 more
801 2136 1013 2170 Puteolano.
1064 2136 1127 2170 Sic
1154 2137 1228 2171 Md.
1254 2137 1369 2171 Oxon.
1402 2142 1431 2172 1.
1459 2140 1543 2181 isen

13 2222 15 2227 Ι
66 2185 204 2218 rionum
229 2184 344 2218 Oxon.
372 2185 423 2226 2.)
448 2184 542 2218 Edd.
572 2191 725 2229 praeter
752 2185 847 2218 Oliv.
876 2190 912 2218 et
939 2183 1047 2223 Lau„
1082 2185 1146 2228 qui
1172 2184 1217 2219 de
1244 2186 1365 2220 Iacob.
1393 2186 1542 2220 Grono<

65 2232 117 2264 vii
143 2244 261 2278 susp.:
290 2232 530 2266 Plzetriorum.
561 2233 588 2266 Ι.
616 2233 658 2268 F.
687 2233 854 2269 Gronov.
882 2244 979 2277 susp.
1005 2231 1223 2275 pharz'onum
1247 2234 1328 2267 sive
1347 2235 1542 2276 sariorum

65 2280 193 2325 (piscis
228 2280 266 2313 id
301 2282 451 2327 genus).
506 2280 701 2314 ORELLI.
751 2280 900 2314 Phetria
935 2294 983 2311 :-
1019 2279 1192 2325 phratria
1233 2281 1255 2313 i.
1296 2294 1326 2316 e.
1369 2283 1461 2316 loca.
1504 2284 1543 2314 in

64 2328 210 2372 quibus,
236 2328 300 2373 qui
327 2334 412 2361 sunt
440 2328 605 2361 eiusdem
633 2329 760 2362 curiae
781 2340 844 2362 seu
868 2328 1085 2370 sodalitatis,
1112 2329 1356 2364 conveniunt.
1384 2331 1543 2363 maximo

64 2387 254 2409 sacrorum
276 2387 393 2409 causa.
437 2376 518 2410 Vid.
547 2377 722 2421 Inscript.
757 2389 815 2422 ap.
843 2376 996 2410 Gruter.
1021 2387 1056 2420 p.
1081 2378 1163 2412 214.
1190 2379 1270 2412 215.
1321 2378 1544 2412 1’lmrz'onum

63 2422 325 2463 (Rheinlachs.
363 2424 444 2457 Vid.
472 2425 610 2458 Auson.
639 2424 784 2460 Mosen.
811 2435 844 2458 v.
874 2425 969 2465 128.)
1001 2425 1032 2457 si
1061 2424 1175 2472 leg-215,
1208 2432 1338 2470 agatur
1362 2426 1407 2458 de
1433 2436 1541 2459 more

65 2482 194 2505 eorum
221 2471 464 2505 emendorum
492 2479 528 2506 et
553 2472 847 2506 vendendorum.
882 2472 1065 2506 Graevius
1087 2473 1319 2511 ‚conficiebat
1342 2474 1384 2506 de
1415 2473 1536 2507 Vesto-

61 2519 250 2552 rianorum
275 2519 475 2553 Puteolano
508 2520 736 2566 putabatque
772 2520 940 2554 Atticum
972 2520 1144 2555 allusisse
1175 2521 1423 2555 similitudine
1458 2521 1539 2554 soni

62 2566 107 2600 ad
137 2567 262 2610 puteal
302 2567 571 2602 feneratorum.
620 2568 839 2615 Legendum
873 2568 1039 2613 putarim
1073 2569 1116 2602 de
1148 2570 1406 2611 feneratorum
1439 2580 1541 2603 more

63 2614 274 2655 Puteolano,
310 2615 413 2659 quasi
449 2626 468 2648 e
494 2615 627 2650 schola
651 2616 814 2650 Vestorii
840 2616 1036 2650 Puteolani
1063 2627 1158 2650 nova
1186 2626 1314 2649 eorum
1339 2616 1539 2663 disciplina

61 2662 206 2695 exierit.
245 2681 284 2686 -
329 2662 538 2698 rescribere.
584 2664 650 2698 Sic
676 2664 749 2697 Md.
776 2664 892 2698 Oxon.
921 2667 950 2698 1.
979 2666 1013 2700 2.
1049 2665 1146 2697 Vict.
1175 2664 1267 2698 1.22.
1303 2665 1428 2697 Lamb.
1459 2666 1540 2698 Bos.

63 2720 133 2742 nec.
171 2721 226 2743 me
252 2711 453 2744 rescribere
477 2712 562 2745 Asc.
591 2723 664 2746 sec.
699 2713 753 2745 Iu.
782 2712 882 2746 Crat.
928 2722 994 2745 nec
1018 2712 1179 2745 scribere
1213 2711 1294 2744 Asc.
1330 2724 1387 2758 pr.
1431 2712 1543 2746 Grut.

11 2784 13 2789 ,
64 2758 197 2791 Graev.
226 2758 318 2791 Ern.
347 2758 433 2792 Sch.
460 2759 554 2791 Liin.
582 2759 793 2796 ‘ORELLL
841 2780 880 2785 -
926 2760 1045 2793 Πολιτ.
1069 2760 1136 2791 illa
1164 2759 1249 2797 rich,
1290 2762 1363 2792 wir
1398 2761 1541 2794 wellen

128 2804 187 2832 Cic.
209 2804 310 2833 Briefo
331 2814 358 2831 v.
380 2804 504 2832 Billerb.
525 2805 575 2830 XV.
1109 2812 1134 2853 5
