<?xml version="1.0" encoding="UTF-8"?>
<!DOCTYPE html PUBLIC "-//W3C//DTD XHTML 1.0 Transitional//EN"
    "http://www.w3.org/TR/xhtml1/DTD/xhtml1-transitional.dtd">
<html xmlns="http://www.w3.org/1999/xhtml" xml:lang="en" lang="en">
 <head>
  <title>
</title>
<meta http-equiv="Content-Type" content="text/html;charset=utf-8" />
  <meta name='ocr-system' content='tesseract 3.04.00' />
  <meta name='ocr-capabilities' content='ocr_page ocr_carea ocr_par ocr_line ocrx_word'/>
</head>
<body>
  <div class='ocr_page' id='page_1' title='image "./epistolaeadattic04ciceuoft_0090.png"; bbox 0 0 1795 3086; ppageno 0'>
   <div class='ocr_carea' id='block_1_1' title="bbox 208 99 1414 146">
    <p class='ocr_par' dir='ltr' id='par_1_1' title="bbox 208 99 1414 146">
     <span class='ocr_line' id='line_1_1' title="bbox 208 99 1414 146; baseline -0.001 0"><span class='ocrx_word' id='word_1_1' title='bbox 208 100 270 146; x_wconf 74' lang='lat' dir='ltr'>So</span> <span class='ocrx_word' id='word_1_2' title='bbox 490 101 553 143; x_wconf 89' lang='grc' dir='ltr'>Μ.</span> <span class='ocrx_word' id='word_1_3' title='bbox 583 101 639 143; x_wconf 91' lang='grc' dir='ltr'>Τ.</span> <span class='ocrx_word' id='word_1_4' title='bbox 672 99 1010 144; x_wconf 88' lang='lat' dir='ltr'><strong>CICERONIS</strong></span> <span class='ocrx_word' id='word_1_5' title='bbox 1041 101 1414 145; x_wconf 84' lang='lat' dir='ltr'><strong>EPISTOLAE.</strong></span> 
     </span>
    </p>
   </div>
   <div class='ocr_carea' id='block_1_2' title="bbox 141 212 1715 884">
    <p class='ocr_par' dir='ltr' id='par_1_2' title="bbox 141 212 1715 884">
     <span class='ocr_line' id='line_1_2' title="bbox 208 212 1689 270; baseline -0.001 -16"><span class='ocrx_word' id='word_1_6' title='bbox 208 215 326 255; x_wconf 89' lang='lat' dir='ltr'>bere.</span> <span class='ocrx_word' id='word_1_7' title='bbox 386 212 535 255; x_wconf 86' lang='lat' dir='ltr'>Servii</span> <span class='ocrx_word' id='word_1_8' title='bbox 574 213 823 254; x_wconf 86' lang='lat' dir='ltr'>orationem</span> <span class='ocrx_word' id='word_1_9' title='bbox 864 227 1107 268; x_wconf 83' lang='lat' dir='ltr'>cognosco:</span> <span class='ocrx_word' id='word_1_10' title='bbox 1156 216 1201 255; x_wconf 92' lang='lat' dir='ltr'>in</span> <span class='ocrx_word' id='word_1_11' title='bbox 1248 227 1337 270; x_wconf 81' lang='lat' dir='ltr'>qua</span> <span class='ocrx_word' id='word_1_12' title='bbox 1376 214 1473 268; x_wconf 84' lang='lat' dir='ltr'>plus</span> <span class='ocrx_word' id='word_1_13' title='bbox 1512 213 1689 255; x_wconf 82' lang='lat' dir='ltr'>timoris</span> 
     </span>
     <span class='ocr_line' id='line_1_3' title="bbox 207 267 1688 326; baseline -0.001 -15"><span class='ocrx_word' id='word_1_14' title='bbox 207 270 342 311; x_wconf 85' lang='lat' dir='ltr'>video</span> <span class='ocrx_word' id='word_1_15' title='bbox 371 282 503 323; x_wconf 87' lang='lat' dir='ltr'>quam</span> <span class='ocrx_word' id='word_1_16' title='bbox 532 267 728 309; x_wconf 86' lang='lat' dir='ltr'>consilii.</span> <span class='ocrx_word' id='word_1_17' title='bbox 786 268 889 317; x_wconf 87' lang='lat' dir='ltr'>Sed,</span> <span class='ocrx_word' id='word_1_18' title='bbox 926 271 1134 325; x_wconf 84' lang='lat' dir='ltr'>quoniam</span> <span class='ocrx_word' id='word_1_19' title='bbox 1165 269 1397 326; x_wconf 81' lang='lat' dir='ltr'>perterriti</span> <span class='ocrx_word' id='word_1_20' title='bbox 1437 282 1588 311; x_wconf 86' lang='lat' dir='ltr'>omnes</span> <span class='ocrx_word' id='word_1_21' title='bbox 1617 283 1688 310; x_wconf 88' lang='lat' dir='ltr'>su-</span> 
     </span>
     <span class='ocr_line' id='line_1_4' title="bbox 208 324 1715 378; baseline -0.001 -12"><span class='ocrx_word' id='word_1_22' title='bbox 208 340 319 378; x_wconf 83' lang='lat' dir='ltr'>mus,</span> <span class='ocrx_word' id='word_1_23' title='bbox 370 324 599 365; x_wconf 79' lang='lat' dir='ltr'>assentior</span> <span class='ocrx_word' id='word_1_24' title='bbox 647 324 819 367; x_wconf 86' lang='lat' dir='ltr'>Servio.</span> <span class='ocrx_word' id='word_1_25' title='bbox 907 326 1134 367; x_wconf 84' lang='lat' dir='ltr'><strong>Publilius</strong></span> <span class='ocrx_word' id='word_1_26' title='bbox 1181 332 1328 368; x_wconf 87' lang='lat' dir='ltr'>tecum</span> <span class='ocrx_word' id='word_1_27' title='bbox 1373 324 1561 367; x_wconf 83' lang='lat' dir='ltr'>tricatus</span> <span class='ocrx_word' id='word_1_28' title='bbox 1608 329 1715 366; x_wconf 79' lang='lat' dir='ltr'>est.‘</span> 
     </span>
     <span class='ocr_line' id='line_1_5' title="bbox 209 380 1688 437; baseline -0.001 -15"><span class='ocrx_word' id='word_1_29' title='bbox 209 383 312 422; x_wconf 90' lang='lat' dir='ltr'>Huc</span> <span class='ocrx_word' id='word_1_30' title='bbox 342 381 460 421; x_wconf 89' lang='lat' dir='ltr'>enim</span> <span class='ocrx_word' id='word_1_31' title='bbox 490 380 718 422; x_wconf 83' lang='lat' dir='ltr'>Caerellia</span> <span class='ocrx_word' id='word_1_32' title='bbox 746 382 882 422; x_wconf 85' lang='lat' dir='ltr'>missa</span> <span class='ocrx_word' id='word_1_33' title='bbox 911 383 965 422; x_wconf 82' lang='lat' dir='ltr'>ab</span> <span class='ocrx_word' id='word_1_34' title='bbox 996 383 1097 423; x_wconf 83' lang='lat' dir='ltr'>istis</span> <span class='ocrx_word' id='word_1_35' title='bbox 1128 387 1196 423; x_wconf 84' lang='lat' dir='ltr'>est</span> <span class='ocrx_word' id='word_1_36' title='bbox 1226 384 1374 437; x_wconf 83' lang='lat' dir='ltr'>legata</span> <span class='ocrx_word' id='word_1_37' title='bbox 1403 381 1458 422; x_wconf 85' lang='lat' dir='ltr'>ad</span> <span class='ocrx_word' id='word_1_38' title='bbox 1490 393 1581 422; x_wconf 73' lang='lat' dir='ltr'>met</span> <span class='ocrx_word' id='word_1_39' title='bbox 1614 380 1688 421; x_wconf 89' lang='lat' dir='ltr'>cui</span> 
     </span>
     <span class='ocr_line' id='line_1_6' title="bbox 210 436 1689 492; baseline -0.001 -14"><span class='ocrx_word' id='word_1_40' title='bbox 210 438 346 478; x_wconf 81' lang='lat' dir='ltr'>facile</span> <span class='ocrx_word' id='word_1_41' title='bbox 377 437 576 490; x_wconf 81' lang='lat' dir='ltr'>persuasi</span> <span class='ocrx_word' id='word_1_42' title='bbox 605 436 718 477; x_wconf 86' lang='lat' dir='ltr'>mihi</span> <span class='ocrx_word' id='word_1_43' title='bbox 747 438 810 490; x_wconf 77' lang='lat' dir='ltr'>id,</span> <span class='ocrx_word' id='word_1_44' title='bbox 850 437 971 492; x_wconf 90' lang='lat' dir='ltr'>quod</span> <span class='ocrx_word' id='word_1_45' title='bbox 1002 443 1197 492; x_wconf 80' lang='lat' dir='ltr'>rogaret,</span> <span class='ocrx_word' id='word_1_46' title='bbox 1240 453 1295 479; x_wconf 89' lang='lat' dir='ltr'>ne</span> <span class='ocrx_word' id='word_1_47' title='bbox 1326 439 1465 478; x_wconf 84' lang='lat' dir='ltr'>licere</span> <span class='ocrx_word' id='word_1_48' title='bbox 1493 436 1689 492; x_wconf 84' lang='lat' dir='ltr'>quidem,</span> 
     </span>
     <span class='ocr_line' id='line_1_7' title="bbox 208 492 1690 546; baseline -0.001 -13"><span class='ocrx_word' id='word_1_49' title='bbox 208 507 294 534; x_wconf 91' lang='lat' dir='ltr'>non</span> <span class='ocrx_word' id='word_1_50' title='bbox 331 492 463 533; x_wconf 87' lang='lat' dir='ltr'>modo</span> <span class='ocrx_word' id='word_1_51' title='bbox 503 505 590 532; x_wconf 86' lang='lat' dir='ltr'>non</span> <span class='ocrx_word' id='word_1_52' title='bbox 631 493 800 535; x_wconf 84' lang='lat' dir='ltr'>lubere.</span> <span class='ocrx_word' id='word_1_53' title='bbox 878 493 1120 534; x_wconf 88' lang='lat' dir='ltr'>Antonium</span> <span class='ocrx_word' id='word_1_54' title='bbox 1171 495 1210 535; x_wconf 88' lang='lat' dir='ltr'>si</span> <span class='ocrx_word' id='word_1_55' title='bbox 1259 494 1433 546; x_wconf 80' lang='lat' dir='ltr'>videro,</span> <span class='ocrx_word' id='word_1_56' title='bbox 1481 496 1690 534; x_wconf 82' lang='lat' dir='ltr'>accurate</span> 
     </span>
     <span class='ocr_line' id='line_1_8' title="bbox 141 547 1689 604; baseline 0.001 -17"><span class='ocrx_word' id='word_1_57' title='bbox 141 575 152 587; x_wconf 40' lang='grc' dir='ltr'>ι</span> <span class='ocrx_word' id='word_1_58' title='bbox 206 563 334 604; x_wconf 84' lang='lat' dir='ltr'>agam</span> <span class='ocrx_word' id='word_1_59' title='bbox 364 548 422 589; x_wconf 89' lang='lat' dir='ltr'>de</span> <span class='ocrx_word' id='word_1_60' title='bbox 450 547 687 590; x_wconf 87' lang='lat' dir='ltr'>Buthroto.</span> <span class='ocrx_word' id='word_1_61' title='bbox 745 549 895 590; x_wconf 89' lang='lat' dir='ltr'>Venio</span> <span class='ocrx_word' id='word_1_62' title='bbox 924 549 982 590; x_wconf 90' lang='lat' dir='ltr'>ad</span> <span class='ocrx_word' id='word_1_63' title='bbox 1012 551 1283 592; x_wconf 82' lang='lat' dir='ltr'>recentiores</span> <span class='ocrx_word' id='word_1_64' title='bbox 1314 550 1497 599; x_wconf 87' lang='lat' dir='ltr'>literas;</span> <span class='ocrx_word' id='word_1_65' title='bbox 1537 561 1689 604; x_wconf 82' lang='lat' dir='ltr'>quam-</span> 
     </span>
     <span class='ocr_line' id='line_1_9' title="bbox 205 604 1689 660; baseline -0.001 -15"><span class='ocrx_word' id='word_1_66' title='bbox 205 618 336 659; x_wconf 87' lang='lat' dir='ltr'>quam</span> <span class='ocrx_word' id='word_1_67' title='bbox 385 605 441 645; x_wconf 84' lang='lat' dir='ltr'>‹le</span> <span class='ocrx_word' id='word_1_68' title='bbox 491 604 652 646; x_wconf 88' lang='lat' dir='ltr'>Servio</span> <span class='ocrx_word' id='word_1_69' title='bbox 697 605 786 646; x_wconf 83' lang='lat' dir='ltr'>iam</span> <span class='ocrx_word' id='word_1_70' title='bbox 835 605 1061 659; x_wconf 86' lang='lat' dir='ltr'>rescripsi.</span> <span class='ocrx_word' id='word_1_71' title='bbox 1137 605 1249 658; x_wconf 84' lang='lat' dir='ltr'>„Me</span> <span class='ocrx_word' id='word_1_72' title='bbox 1296 604 1448 647; x_wconf 87' lang='lat' dir='ltr'>facere</span> <span class='ocrx_word' id='word_1_73' title='bbox 1485 617 1689 660; x_wconf 84' lang='lat' dir='ltr'>magnam</span> 
     </span>
     <span class='ocr_line' id='line_1_10' title="bbox 204 658 1689 711; baseline 0.001 -12"><span class='ocrx_word' id='word_1_74' title='bbox 204 658 344 711; x_wconf 66' lang='grc' dir='ltr'><em>πρᾶξίν</em></span> <span class='ocrx_word' id='word_1_75' title='bbox 382 659 694 702; x_wconf 82' lang='lat' dir='ltr'>Dolabellae.“</span> <span class='ocrx_word' id='word_1_76' title='bbox 769 660 888 701; x_wconf 87' lang='lat' dir='ltr'>Mihi</span> <span class='ocrx_word' id='word_1_77' title='bbox 938 660 1195 702; x_wconf 88' lang='lat' dir='ltr'>mehercule</span> <span class='ocrx_word' id='word_1_78' title='bbox 1236 662 1303 703; x_wconf 84' lang='lat' dir='ltr'>ita</span> <span class='ocrx_word' id='word_1_79' title='bbox 1343 661 1548 703; x_wconf 87' lang='lat' dir='ltr'>videtur:</span> <span class='ocrx_word' id='word_1_80' title='bbox 1599 673 1689 700; x_wconf 87' lang='lat' dir='ltr'>non</span> 
     </span>
     <span class='ocr_line' id='line_1_11' title="bbox 207 717 1685 771; baseline -0.002 -13"><span class='ocrx_word' id='word_1_81' title='bbox 207 718 427 771; x_wconf 87' lang='lat' dir='ltr'>potuisset</span> <span class='ocrx_word' id='word_1_82' title='bbox 474 717 619 757; x_wconf 85' lang='lat' dir='ltr'>maior</span> <span class='ocrx_word' id='word_1_83' title='bbox 668 717 751 758; x_wconf 85' lang='lat' dir='ltr'>tali</span> <span class='ocrx_word' id='word_1_84' title='bbox 793 730 840 758; x_wconf 83' lang='lat' dir='ltr'>re</span> <span class='ocrx_word' id='word_1_85' title='bbox 879 717 1050 771; x_wconf 83' lang='lat' dir='ltr'>talique</span> <span class='ocrx_word' id='word_1_86' title='bbox 1092 722 1305 771; x_wconf 82' lang='lat' dir='ltr'>tempore.</span> <span class='ocrx_word' id='word_1_87' title='bbox 1392 717 1482 758; x_wconf 85' lang='lat' dir='ltr'>Sed</span> <span class='ocrx_word' id='word_1_88' title='bbox 1524 721 1685 766; x_wconf 84' lang='lat' dir='ltr'>tamen,</span> 
     </span>
     <span class='ocr_line' id='line_1_12' title="bbox 206 772 1687 828; baseline -0.002 -14"><span class='ocrx_word' id='word_1_89' title='bbox 206 773 427 828; x_wconf 88' lang='lat' dir='ltr'>quidquid</span> <span class='ocrx_word' id='word_1_90' title='bbox 459 774 503 812; x_wconf 83' lang='lat' dir='ltr'>ei</span> <span class='ocrx_word' id='word_1_91' title='bbox 533 772 698 825; x_wconf 73' lang='lat' dir='ltr'>tribuo,</span> <span class='ocrx_word' id='word_1_92' title='bbox 731 773 882 814; x_wconf 87' lang='lat' dir='ltr'>tribuo</span> <span class='ocrx_word' id='word_1_93' title='bbox 912 787 971 813; x_wconf 84' lang='lat' dir='ltr'>ex</span> <span class='ocrx_word' id='word_1_94' title='bbox 1001 773 1092 814; x_wconf 88' lang='lat' dir='ltr'>tuis</span> <span class='ocrx_word' id='word_1_95' title='bbox 1118 774 1283 814; x_wconf 85' lang='lat' dir='ltr'>literis.</span> <span class='ocrx_word' id='word_1_96' title='bbox 1340 774 1450 815; x_wconf 89' lang='lat' dir='ltr'>Tibi</span> <span class='ocrx_word' id='word_1_97' title='bbox 1479 786 1587 815; x_wconf 77' lang='lat' dir='ltr'>vero</span> <span class='ocrx_word' id='word_1_98' title='bbox 1617 785 1687 813; x_wconf 89' lang='lat' dir='ltr'>as-</span> 
     </span>
     <span class='ocr_line' id='line_1_13' title="bbox 203 828 1687 884; baseline -0.002 -14"><span class='ocrx_word' id='word_1_99' title='bbox 203 830 376 870; x_wconf 85' lang='lat' dir='ltr'>sentior</span> <span class='ocrx_word' id='word_1_100' title='bbox 406 829 619 869; x_wconf 86' lang='lat' dir='ltr'>maiorem</span> <span class='ocrx_word' id='word_1_101' title='bbox 647 828 788 878; x_wconf 79' lang='grc' dir='ltr'><em>πρᾶξιν</em></span> <span class='ocrx_word' id='word_1_102' title='bbox 816 830 911 870; x_wconf 88' lang='lat' dir='ltr'>eius</span> <span class='ocrx_word' id='word_1_103' title='bbox 949 828 1062 881; x_wconf 78' lang='lat' dir='ltr'>fore,</span> <span class='ocrx_word' id='word_1_104' title='bbox 1114 829 1153 869; x_wconf 88' lang='lat' dir='ltr'>si</span> <span class='ocrx_word' id='word_1_105' title='bbox 1191 828 1318 880; x_wconf 79' lang='lat' dir='ltr'>mihi,</span> <span class='ocrx_word' id='word_1_106' title='bbox 1359 829 1480 884; x_wconf 90' lang='lat' dir='ltr'>quod</span> <span class='ocrx_word' id='word_1_107' title='bbox 1518 829 1687 879; x_wconf 84' lang='lat' dir='ltr'>debuit,</span> 
     </span>
    </p>
   </div>
   <div class='ocr_carea' id='block_1_3' title="bbox 138 881 1687 934">
    <p class='ocr_par' dir='ltr' id='par_1_3' title="bbox 138 881 1687 934">
     <span class='ocr_line' id='line_1_14' title="bbox 138 881 1687 934; baseline -0.001 -8"><span class='ocrx_word' id='word_1_108' title='bbox 138 881 164 921; x_wconf 83' lang='grc'><strong>6</strong></span> <span class='ocrx_word' id='word_1_109' title='bbox 202 886 478 927; x_wconf 85' lang='lat' dir='ltr'>dissolverit.</span> <span class='ocrx_word' id='word_1_110' title='bbox 536 883 703 925; x_wconf 87' lang='lat' dir='ltr'>Brutus</span> <span class='ocrx_word' id='word_1_111' title='bbox 732 886 868 926; x_wconf 83' lang='lat' dir='ltr'>velim</span> <span class='ocrx_word' id='word_1_112' title='bbox 897 886 958 925; x_wconf 87' lang='lat' dir='ltr'>sit</span> <span class='ocrx_word' id='word_1_113' title='bbox 986 886 1190 927; x_wconf 83' lang='lat' dir='ltr'>Asturae.</span> <span class='ocrx_word' id='word_1_114' title='bbox 1250 884 1385 934; x_wconf 86' lang='lat' dir='ltr'>Quod</span> <span class='ocrx_word' id='word_1_115' title='bbox 1415 888 1562 926; x_wconf 83' lang='lat' dir='ltr'>autem</span> <span class='ocrx_word' id='word_1_116' title='bbox 1592 885 1687 925; x_wconf 83' lang='lat' dir='ltr'>lau-</span> 
     </span>
    </p>
   </div>
   <div class='ocr_carea' id='block_1_4' title="bbox 199 940 1687 1164">
    <p class='ocr_par' dir='ltr' id='par_1_4' title="bbox 199 940 1687 1164">
     <span class='ocr_line' id='line_1_15' title="bbox 199 940 1687 995; baseline -0.001 -14"><span class='ocrx_word' id='word_1_117' title='bbox 199 942 281 983; x_wconf 82' lang='lat' dir='ltr'>das</span> <span class='ocrx_word' id='word_1_118' title='bbox 310 955 395 993; x_wconf 81' lang='lat' dir='ltr'>me,</span> <span class='ocrx_word' id='word_1_119' title='bbox 424 941 545 995; x_wconf 88' lang='lat' dir='ltr'>quod</span> <span class='ocrx_word' id='word_1_120' title='bbox 575 940 692 980; x_wconf 88' lang='lat' dir='ltr'>nihil</span> <span class='ocrx_word' id='word_1_121' title='bbox 723 945 824 982; x_wconf 85' lang='lat' dir='ltr'>ante</span> <span class='ocrx_word' id='word_1_122' title='bbox 847 941 902 981; x_wconf 92' lang='lat' dir='ltr'>de</span> <span class='ocrx_word' id='word_1_123' title='bbox 925 941 1206 995; x_wconf 83' lang='lat' dir='ltr'>profectione</span> <span class='ocrx_word' id='word_1_124' title='bbox 1228 942 1511 994; x_wconf 81' lang='lat' dir='ltr'>constituam,</span> <span class='ocrx_word' id='word_1_125' title='bbox 1540 954 1687 994; x_wconf 81' lang='lat' dir='ltr'>quam,</span> 
     </span>
     <span class='ocr_line' id='line_1_16' title="bbox 202 996 1686 1052; baseline -0.001 -14"><span class='ocrx_word' id='word_1_126' title='bbox 202 999 290 1038; x_wconf 82' lang='lat' dir='ltr'>ista</span> <span class='ocrx_word' id='word_1_127' title='bbox 318 1011 405 1052; x_wconf 89' lang='lat' dir='ltr'>quo</span> <span class='ocrx_word' id='word_1_128' title='bbox 436 1010 627 1039; x_wconf 83' lang='lat' dir='ltr'>evasura</span> <span class='ocrx_word' id='word_1_129' title='bbox 654 997 761 1048; x_wconf 80' lang='lat' dir='ltr'>sint,</span> <span class='ocrx_word' id='word_1_130' title='bbox 792 997 976 1038; x_wconf 86' lang='lat' dir='ltr'>videro:</span> <span class='ocrx_word' id='word_1_131' title='bbox 1025 1002 1148 1038; x_wconf 89' lang='lat' dir='ltr'>muto</span> <span class='ocrx_word' id='word_1_132' title='bbox 1188 999 1466 1039; x_wconf 82' lang='lat' dir='ltr'>sententiam.</span> <span class='ocrx_word' id='word_1_133' title='bbox 1526 996 1686 1051; x_wconf 87' lang='lat' dir='ltr'>Neque</span> 
     </span>
     <span class='ocr_line' id='line_1_17' title="bbox 201 1053 1686 1108; baseline -0.001 -14"><span class='ocrx_word' id='word_1_134' title='bbox 201 1053 443 1108; x_wconf 84' lang='lat' dir='ltr'>quidquam</span> <span class='ocrx_word' id='word_1_135' title='bbox 475 1057 620 1093; x_wconf 82' lang='lat' dir='ltr'>tamen</span> <span class='ocrx_word' id='word_1_136' title='bbox 651 1057 767 1105; x_wconf 78' lang='lat' dir='ltr'>ante,</span> <span class='ocrx_word' id='word_1_137' title='bbox 798 1067 929 1107; x_wconf 85' lang='lat' dir='ltr'>quam</span> <span class='ocrx_word' id='word_1_138' title='bbox 978 1058 1022 1093; x_wconf 90' lang='lat' dir='ltr'>te</span> <span class='ocrx_word' id='word_1_139' title='bbox 1052 1053 1223 1094; x_wconf 79' lang='lat' dir='ltr'>videro,</span> <span class='ocrx_word' id='word_1_140' title='bbox 1299 1053 1497 1094; x_wconf 80' lang='lat' dir='ltr'>Atticam</span> <span class='ocrx_word' id='word_1_141' title='bbox 1543 1066 1686 1094; x_wconf 82' lang='lat' dir='ltr'>meam</span> 
     </span>
     <span class='ocr_line' id='line_1_18' title="bbox 203 1108 1686 1164; baseline -0.001 -14"><span class='ocrx_word' id='word_1_142' title='bbox 203 1111 374 1164; x_wconf 79' lang='lat' dir='ltr'>gratias</span> <span class='ocrx_word' id='word_1_143' title='bbox 405 1108 520 1150; x_wconf 90' lang='lat' dir='ltr'>mihi</span> <span class='ocrx_word' id='word_1_144' title='bbox 550 1121 684 1163; x_wconf 82' lang='lat' dir='ltr'>agere</span> <span class='ocrx_word' id='word_1_145' title='bbox 714 1108 769 1149; x_wconf 90' lang='lat' dir='ltr'>de</span> <span class='ocrx_word' id='word_1_146' title='bbox 799 1113 940 1150; x_wconf 83' lang='lat' dir='ltr'>matre</span> <span class='ocrx_word' id='word_1_147' title='bbox 970 1109 1169 1163; x_wconf 80' lang='lat' dir='ltr'>gaudeo:</span> <span class='ocrx_word' id='word_1_148' title='bbox 1201 1110 1274 1149; x_wconf 86' lang='lat' dir='ltr'>cui</span> <span class='ocrx_word' id='word_1_149' title='bbox 1305 1109 1487 1164; x_wconf 90' lang='lat' dir='ltr'>quidem</span> <span class='ocrx_word' id='word_1_150' title='bbox 1516 1123 1600 1164; x_wconf 87' lang='lat' dir='ltr'>ego</span> <span class='ocrx_word' id='word_1_151' title='bbox 1619 1113 1686 1150; x_wconf 91' lang='lat' dir='ltr'>to-</span> 
     </span>
    </p>
   </div>
   <div class='ocr_carea' id='block_1_5' title="bbox 217 1221 352 1225">
    <p class='ocr_par' dir='ltr' id='par_1_5' title="bbox 217 1221 352 1225">
     <span class='ocr_line' id='line_1_19' title="bbox 217 1221 352 1225; baseline 0 0"><span class='ocrx_word' id='word_1_152' title='bbox 217 1221 352 1225; x_wconf 95' lang='lat' dir='ltr'> </span> 
     </span>
    </p>
   </div>
   <div class='ocr_carea' id='block_1_6' title="bbox 197 1284 1686 2148">
    <p class='ocr_par' dir='ltr' id='par_1_6' title="bbox 197 1284 1686 2148">
     <span class='ocr_line' id='line_1_20' title="bbox 200 1284 1685 1333; baseline -0.001 -12"><span class='ocrx_word' id='word_1_153' title='bbox 200 1287 268 1321; x_wconf 78' lang='lat' dir='ltr'>auf</span> <span class='ocrx_word' id='word_1_154' title='bbox 291 1286 363 1319; x_wconf 85' lang='lat' dir='ltr'>den</span> <span class='ocrx_word' id='word_1_155' title='bbox 387 1285 574 1320; x_wconf 86' lang='lat' dir='ltr'>Antonius</span> <span class='ocrx_word' id='word_1_156' title='bbox 599 1284 730 1333; x_wconf 79' lang='lat' dir='ltr'>ginge.</span> <span class='ocrx_word' id='word_1_157' title='bbox 782 1285 888 1320; x_wconf 86' lang='lat' dir='ltr'>Beim</span> <span class='ocrx_word' id='word_1_158' title='bbox 915 1285 1019 1320; x_wconf 87' lang='lat' dir='ltr'>Sicca</span> <span class='ocrx_word' id='word_1_159' title='bbox 1047 1284 1150 1320; x_wconf 84' lang='lat' dir='ltr'>hatte</span> <span class='ocrx_word' id='word_1_160' title='bbox 1178 1286 1310 1320; x_wconf 81' lang='lat' dir='ltr'>Cicero</span> <span class='ocrx_word' id='word_1_161' title='bbox 1337 1286 1477 1318; x_wconf 68' lang='lat' dir='ltr'>immor</span> <span class='ocrx_word' id='word_1_162' title='bbox 1494 1286 1575 1319; x_wconf 86' lang='lat' dir='ltr'>eine</span> <span class='ocrx_word' id='word_1_163' title='bbox 1591 1286 1685 1319; x_wconf 91' lang='lat' dir='ltr'>Aus-</span> 
     </span>
     <span class='ocr_line' id='line_1_21' title="bbox 199 1334 1684 1379; baseline 0 -11"><span class='ocrx_word' id='word_1_164' title='bbox 199 1334 321 1368; x_wconf 83' lang='lat' dir='ltr'>flucht</span> <span class='ocrx_word' id='word_1_165' title='bbox 354 1334 556 1379; x_wconf 85' lang='lat' dir='ltr'>gefunden.</span> <span class='ocrx_word' id='word_1_166' title='bbox 600 1352 642 1357; x_wconf 89' lang='lat'>—</span> <span class='ocrx_word' id='word_1_167' title='bbox 689 1343 883 1375; x_wconf 75' lang='lat' dir='ltr'>cognosco.</span> <span class='ocrx_word' id='word_1_168' title='bbox 937 1335 991 1367; x_wconf 88' lang='lat' dir='ltr'>De</span> <span class='ocrx_word' id='word_1_169' title='bbox 1018 1334 1111 1367; x_wconf 90' lang='lat' dir='ltr'>Ern.</span> <span class='ocrx_word' id='word_1_170' title='bbox 1139 1346 1237 1379; x_wconf 82' lang='lat' dir='ltr'>susp.</span> <span class='ocrx_word' id='word_1_171' title='bbox 1272 1334 1357 1367; x_wconf 89' lang='lat' dir='ltr'>Sch.</span> <span class='ocrx_word' id='word_1_172' title='bbox 1385 1334 1481 1367; x_wconf 82' lang='lat' dir='ltr'>Liin.</span> <span class='ocrx_word' id='word_1_173' title='bbox 1508 1345 1684 1376; x_wconf 79' lang='lat' dir='ltr'>agnosco,</span> 
     </span>
     <span class='ocr_line' id='line_1_22' title="bbox 199 1381 1684 1429; baseline -0.001 -12"><span class='ocrx_word' id='word_1_174' title='bbox 199 1383 284 1417; x_wconf 84' lang='lat' dir='ltr'>Nisi</span> <span class='ocrx_word' id='word_1_175' title='bbox 310 1389 436 1416; x_wconf 77' lang='lat' dir='ltr'>tamen</span> <span class='ocrx_word' id='word_1_176' title='bbox 463 1381 554 1416; x_wconf 89' lang='lat' dir='ltr'>Cdd.</span> <span class='ocrx_word' id='word_1_177' title='bbox 582 1381 696 1415; x_wconf 86' lang='lat' dir='ltr'>lectio</span> <span class='ocrx_word' id='word_1_178' title='bbox 722 1381 794 1415; x_wconf 83' lang='lat' dir='ltr'>hoc</span> <span class='ocrx_word' id='word_1_179' title='bbox 820 1382 1024 1429; x_wconf 81' lang='lat' dir='ltr'>significat,</span> <span class='ocrx_word' id='word_1_180' title='bbox 1057 1381 1156 1426; x_wconf 87' lang='lat' dir='ltr'>quod</span> <span class='ocrx_word' id='word_1_181' title='bbox 1183 1382 1329 1427; x_wconf 86' lang='lat' dir='ltr'>optime</span> <span class='ocrx_word' id='word_1_182' title='bbox 1354 1382 1410 1416; x_wconf 84' lang='lat' dir='ltr'>sic</span> <span class='ocrx_word' id='word_1_183' title='bbox 1436 1381 1582 1416; x_wconf 80' lang='lat' dir='ltr'>dixeris</span> <span class='ocrx_word' id='word_1_184' title='bbox 1608 1383 1684 1417; x_wconf 86' lang='lat' dir='ltr'>Ita-</span> 
     </span>
     <span class='ocr_line' id='line_1_23' title="bbox 200 1430 1686 1472; baseline -0.001 -7"><span class='ocrx_word' id='word_1_185' title='bbox 200 1433 295 1465; x_wconf 88' lang='lat' dir='ltr'>lice:</span> <span class='ocrx_word' id='word_1_186' title='bbox 324 1442 465 1472; x_wconf 85' lang='lat' dir='ltr'>„orora</span> <span class='ocrx_word' id='word_1_187' title='bbox 490 1441 555 1463; x_wconf 77' lang='lat' dir='ltr'>son</span> <span class='ocrx_word' id='word_1_188' title='bbox 583 1431 702 1463; x_wconf 75' lang='lat' dir='ltr'>dietro</span> <span class='ocrx_word' id='word_1_189' title='bbox 729 1441 751 1462; x_wconf 84' lang='grc' dir='ltr'><em>α</em></span> <span class='ocrx_word' id='word_1_190' title='bbox 777 1431 912 1472; x_wconf 78' lang='lat' dir='ltr'>legger</span> <span class='ocrx_word' id='word_1_191' title='bbox 943 1430 973 1463; x_wconf 78' lang='lat' dir='ltr'>il</span> <span class='ocrx_word' id='word_1_192' title='bbox 999 1430 1164 1464; x_wconf 77' lang='lat' dir='ltr'>discorso</span> <span class='ocrx_word' id='word_1_193' title='bbox 1198 1431 1238 1464; x_wconf 75' lang='lat' dir='ltr'>di</span> <span class='ocrx_word' id='word_1_194' title='bbox 1269 1430 1306 1465; x_wconf 91' lang='lat' dir='ltr'>S.</span> <span class='ocrx_word' id='word_1_195' title='bbox 1333 1431 1557 1464; x_wconf 80' lang='lat' dir='ltr'>mandatomi</span> <span class='ocrx_word' id='word_1_196' title='bbox 1581 1431 1626 1464; x_wconf 80' lang='lat' dir='ltr'>da</span> <span class='ocrx_word' id='word_1_197' title='bbox 1651 1435 1686 1464; x_wconf 78' lang='lat' dir='ltr'>te</span> 
     </span>
     <span class='ocr_line' id='line_1_24' title="bbox 202 1477 1683 1526; baseline -0.001 -13"><span class='ocrx_word' id='word_1_198' title='bbox 202 1482 224 1514; x_wconf 82' lang='lat' dir='ltr'>i.</span> <span class='ocrx_word' id='word_1_199' title='bbox 252 1491 281 1513; x_wconf 88' lang='lat' dir='ltr'>e.</span> <span class='ocrx_word' id='word_1_200' title='bbox 310 1490 410 1512; x_wconf 83' lang='lat' dir='ltr'>nunc</span> <span class='ocrx_word' id='word_1_201' title='bbox 435 1479 557 1523; x_wconf 82' lang='lat' dir='ltr'>ipsum</span> <span class='ocrx_word' id='word_1_202' title='bbox 585 1478 673 1526; x_wconf 82' lang='lat' dir='ltr'>lego</span> <span class='ocrx_word' id='word_1_203' title='bbox 708 1477 833 1512; x_wconf 86' lang='lat' dir='ltr'>Servii</span> <span class='ocrx_word' id='word_1_204' title='bbox 872 1477 1078 1513; x_wconf 82' lang='lat' dir='ltr'>orationem</span> <span class='ocrx_word' id='word_1_205' title='bbox 1115 1491 1133 1512; x_wconf 84' lang='lat' dir='ltr'>a</span> <span class='ocrx_word' id='word_1_206' title='bbox 1170 1485 1208 1513; x_wconf 81' lang='lat' dir='ltr'>te</span> <span class='ocrx_word' id='word_1_207' title='bbox 1244 1490 1394 1512; x_wconf 84' lang='lat' dir='ltr'>mecum</span> <span class='ocrx_word' id='word_1_208' title='bbox 1429 1479 1683 1512; x_wconf 81' lang='lat' dir='ltr'>communica-</span> 
     </span>
     <span class='ocr_line' id='line_1_25' title="bbox 199 1526 1682 1571; baseline -0.001 -10"><span class='ocrx_word' id='word_1_209' title='bbox 199 1536 290 1568; x_wconf 82' lang='lat' dir='ltr'>tam,</span> <span class='ocrx_word' id='word_1_210' title='bbox 317 1538 359 1560; x_wconf 84' lang='lat' dir='ltr'>ac</span> <span class='ocrx_word' id='word_1_211' title='bbox 385 1526 590 1571; x_wconf 87' lang='lat' dir='ltr'>perspicio,</span> <span class='ocrx_word' id='word_1_212' title='bbox 617 1537 710 1571; x_wconf 84' lang='lat' dir='ltr'>quae</span> <span class='ocrx_word' id='word_1_213' title='bbox 736 1527 816 1560; x_wconf 84' lang='lat' dir='ltr'>eius</span> <span class='ocrx_word' id='word_1_214' title='bbox 843 1527 893 1559; x_wconf 84' lang='lat' dir='ltr'>sit</span> <span class='ocrx_word' id='word_1_215' title='bbox 918 1527 1146 1560; x_wconf 86' lang='lat' dir='ltr'>sententia.“</span> <span class='ocrx_word' id='word_1_216' title='bbox 1194 1526 1307 1560; x_wconf 88' lang='lat' dir='ltr'>Nihil</span> <span class='ocrx_word' id='word_1_217' title='bbox 1333 1533 1446 1560; x_wconf 84' lang='lat' dir='ltr'>muto.</span> <span class='ocrx_word' id='word_1_218' title='bbox 1486 1527 1682 1570; x_wconf 23' lang='lat' dir='ltr'><strong><em>ORELLI*</em></strong></span> 
     </span>
     <span class='ocr_line' id='line_1_26' title="bbox 201 1573 1683 1622; baseline -0.001 -12"><span class='ocrx_word' id='word_1_219' title='bbox 201 1576 418 1610; x_wconf 81' lang='lat' dir='ltr'>Orationem</span> <span class='ocrx_word' id='word_1_220' title='bbox 452 1573 592 1617; x_wconf 90' lang='lat' dir='ltr'>Servii,</span> <span class='ocrx_word' id='word_1_221' title='bbox 638 1586 749 1618; x_wconf 84' lang='lat' dir='ltr'>quam</span> <span class='ocrx_word' id='word_1_222' title='bbox 784 1580 910 1608; x_wconf 84' lang='lat' dir='ltr'>tecum</span> <span class='ocrx_word' id='word_1_223' title='bbox 947 1574 1092 1621; x_wconf 68' lang='lat' dir='ltr'>habuit,</span> <span class='ocrx_word' id='word_1_224' title='bbox 1131 1574 1314 1622; x_wconf 85' lang='lat' dir='ltr'>intelligo</span> <span class='ocrx_word' id='word_1_225' title='bbox 1351 1575 1562 1608; x_wconf 71' lang='lat' dir='ltr'>consentire</span> <span class='ocrx_word' id='word_1_226' title='bbox 1597 1587 1683 1609; x_wconf 87' lang='lat' dir='ltr'>cum</span> 
     </span>
     <span class='ocr_line' id='line_1_27' title="bbox 201 1621 1681 1672; baseline -0.001 -15"><span class='ocrx_word' id='word_1_227' title='bbox 201 1623 357 1672; x_wconf 80' lang='lat' dir='ltr'>ingenio</span> <span class='ocrx_word' id='word_1_228' title='bbox 390 1623 469 1656; x_wconf 86' lang='lat' dir='ltr'>eius</span> <span class='ocrx_word' id='word_1_229' title='bbox 503 1623 739 1657; x_wconf 85' lang='lat' dir='ltr'>meticuloso.</span> <span class='ocrx_word' id='word_1_230' title='bbox 784 1621 999 1657; x_wconf 80' lang='lat' dir='ltr'><strong><em>GRONOV.</em></strong></span> <span class='ocrx_word' id='word_1_231' title='bbox 1050 1623 1154 1657; x_wconf 87' lang='lat' dir='ltr'>Uber</span> <span class='ocrx_word' id='word_1_232' title='bbox 1187 1622 1316 1656; x_wconf 87' lang='lat' dir='ltr'>diesen</span> <span class='ocrx_word' id='word_1_233' title='bbox 1350 1622 1457 1657; x_wconf 87' lang='lat' dir='ltr'>Serv.</span> <span class='ocrx_word' id='word_1_234' title='bbox 1490 1622 1681 1669; x_wconf 86' lang='lat' dir='ltr'>Sulpicius</span> 
     </span>
     <span class='ocr_line' id='line_1_28' title="bbox 200 1670 1682 1716; baseline -0.001 -10"><span class='ocrx_word' id='word_1_235' title='bbox 200 1674 318 1706; x_wconf 78' lang='lat' dir='ltr'>Rufus</span> <span class='ocrx_word' id='word_1_236' title='bbox 345 1683 372 1704; x_wconf 89' lang='lat' dir='ltr'>s.</span> <span class='ocrx_word' id='word_1_237' title='bbox 400 1683 447 1704; x_wconf 90' lang='lat' dir='ltr'>zu</span> <span class='ocrx_word' id='word_1_238' title='bbox 473 1682 529 1716; x_wconf 87' lang='lat' dir='ltr'>ep.</span> <span class='ocrx_word' id='word_1_239' title='bbox 557 1672 627 1707; x_wconf 83' lang='lat'>365</span> <span class='ocrx_word' id='word_1_240' title='bbox 653 1671 706 1703; x_wconf 88' lang='lat' dir='ltr'>im</span> <span class='ocrx_word' id='word_1_241' title='bbox 730 1670 816 1704; x_wconf 87' lang='lat' dir='ltr'>Ans.</span> <span class='ocrx_word' id='word_1_242' title='bbox 867 1671 933 1704; x_wconf 84' lang='lat' dir='ltr'>Als</span> <span class='ocrx_word' id='word_1_243' title='bbox 960 1670 1059 1705; x_wconf 79' lang='lat' dir='ltr'>nach</span> <span class='ocrx_word' id='word_1_244' title='bbox 1085 1671 1215 1704; x_wconf 83' lang='lat' dir='ltr'>C&#39;a&#39;sars</span> <span class='ocrx_word' id='word_1_245' title='bbox 1242 1670 1347 1704; x_wconf 88' lang='lat' dir='ltr'>Tode</span> <span class='ocrx_word' id='word_1_246' title='bbox 1372 1671 1556 1705; x_wconf 82' lang='lat' dir='ltr'>Antonius</span> <span class='ocrx_word' id='word_1_247' title='bbox 1582 1671 1682 1706; x_wconf 85' lang='lat' dir='ltr'>noch</span> 
     </span>
     <span class='ocr_line' id='line_1_29' title="bbox 197 1718 1683 1767; baseline -0.001 -13"><span class='ocrx_word' id='word_1_248' title='bbox 197 1721 298 1756; x_wconf 86' lang='lat' dir='ltr'>viele</span> <span class='ocrx_word' id='word_1_249' title='bbox 325 1721 486 1754; x_wconf 84' lang='lat' dir='ltr'>Decrete</span> <span class='ocrx_word' id='word_1_250' title='bbox 520 1730 595 1753; x_wconf 90' lang='lat' dir='ltr'>von</span> <span class='ocrx_word' id='word_1_251' title='bbox 629 1719 753 1752; x_wconf 74' lang='lat' dir='ltr'>ionem</span> <span class='ocrx_word' id='word_1_252' title='bbox 778 1718 1007 1753; x_wconf 68' lang='lat' dir='ltr'>vorbi-achre</span> <span class='ocrx_word' id='word_1_253' title='bbox 1039 1719 1116 1753; x_wconf 88' lang='lat' dir='ltr'>und</span> <span class='ocrx_word' id='word_1_254' title='bbox 1164 1719 1292 1767; x_wconf 71' lang='lat' dir='ltr'>gultig</span> <span class='ocrx_word' id='word_1_255' title='bbox 1331 1718 1490 1754; x_wconf 83' lang='lat' dir='ltr'>inachen</span> <span class='ocrx_word' id='word_1_256' title='bbox 1533 1721 1683 1757; x_wconf 85' lang='lat' dir='ltr'>wollte‚</span> 
     </span>
     <span class='ocr_line' id='line_1_30' title="bbox 199 1767 1683 1812; baseline -0.001 -9"><span class='ocrx_word' id='word_1_257' title='bbox 199 1770 367 1803; x_wconf 72' lang='lat' dir='ltr'>stimmte</span> <span class='ocrx_word' id='word_1_258' title='bbox 393 1767 518 1801; x_wconf 81' lang='lat' dir='ltr'>dieser</span> <span class='ocrx_word' id='word_1_259' title='bbox 543 1767 677 1801; x_wconf 84' lang='lat' dir='ltr'>dahin:</span> <span class='ocrx_word' id='word_1_260' title='bbox 717 1778 764 1800; x_wconf 87' lang='lat' dir='ltr'>ne</span> <span class='ocrx_word' id='word_1_261' title='bbox 799 1779 870 1812; x_wconf 81' lang='lat' dir='ltr'>qua</span> <span class='ocrx_word' id='word_1_262' title='bbox 902 1767 1028 1801; x_wconf 82' lang='lat' dir='ltr'>tabula</span> <span class='ocrx_word' id='word_1_263' title='bbox 1068 1774 1154 1812; x_wconf 83' lang='lat' dir='ltr'>post</span> <span class='ocrx_word' id='word_1_264' title='bbox 1186 1767 1275 1801; x_wconf 89' lang='lat' dir='ltr'>Idus</span> <span class='ocrx_word' id='word_1_265' title='bbox 1300 1767 1451 1801; x_wconf 78' lang='lat' dir='ltr'>Martias</span> <span class='ocrx_word' id='word_1_266' title='bbox 1476 1768 1592 1801; x_wconf 82' lang='lat' dir='ltr'>ullius</span> <span class='ocrx_word' id='word_1_267' title='bbox 1619 1769 1683 1802; x_wconf 89' lang='lat' dir='ltr'>de-</span> 
     </span>
     <span class='ocr_line' id='line_1_31' title="bbox 200 1814 1683 1863; baseline -0.001 -12"><span class='ocrx_word' id='word_1_268' title='bbox 200 1817 297 1851; x_wconf 78' lang='lat' dir='ltr'>creti</span> <span class='ocrx_word' id='word_1_269' title='bbox 324 1816 492 1850; x_wconf 83' lang='lat' dir='ltr'>Caesaris</span> <span class='ocrx_word' id='word_1_270' title='bbox 520 1822 584 1850; x_wconf 88' lang='lat' dir='ltr'>aut</span> <span class='ocrx_word' id='word_1_271' title='bbox 607 1816 783 1849; x_wconf 85' lang='lat' dir='ltr'>beneficii</span> <span class='ocrx_word' id='word_1_272' title='bbox 809 1816 1006 1863; x_wconf 76' lang='lat' dir='ltr'>figeretur.</span> <span class='ocrx_word' id='word_1_273' title='bbox 1040 1814 1076 1849; x_wconf 87' lang='lat' dir='ltr'>S.</span> <span class='ocrx_word' id='word_1_274' title='bbox 1103 1815 1273 1861; x_wconf 85' lang='lat' dir='ltr'>Philipp.</span> <span class='ocrx_word' id='word_1_275' title='bbox 1301 1816 1330 1856; x_wconf 87' lang='grc' dir='ltr'>Ι,</span> <span class='ocrx_word' id='word_1_276' title='bbox 1360 1818 1389 1849; x_wconf 93' lang='lat' dir='ltr'>l.</span> <span class='ocrx_word' id='word_1_277' title='bbox 1420 1834 1460 1839; x_wconf 91' lang='lat'><em>-</em></span> <span class='ocrx_word' id='word_1_278' title='bbox 1489 1816 1683 1858; x_wconf 80' lang='lat' dir='ltr'>Publilius,</span> 
     </span>
     <span class='ocr_line' id='line_1_32' title="bbox 200 1863 1680 1899; baseline -0.001 -1"><span class='ocrx_word' id='word_1_279' title='bbox 200 1866 268 1899; x_wconf 79' lang='lat' dir='ltr'>der</span> <span class='ocrx_word' id='word_1_280' title='bbox 304 1864 449 1898; x_wconf 88' lang='lat' dir='ltr'>Bruder</span> <span class='ocrx_word' id='word_1_281' title='bbox 480 1863 549 1898; x_wconf 89' lang='lat' dir='ltr'>der</span> <span class='ocrx_word' id='word_1_282' title='bbox 584 1864 747 1898; x_wconf 84' lang='lat' dir='ltr'>zweiten</span> <span class='ocrx_word' id='word_1_283' title='bbox 785 1864 924 1897; x_wconf 80' lang='lat' dir='ltr'>bereits</span> <span class='ocrx_word' id='word_1_284' title='bbox 968 1863 1112 1898; x_wconf 87' lang='lat' dir='ltr'>wieder</span> <span class='ocrx_word' id='word_1_285' title='bbox 1146 1870 1407 1898; x_wconf 73' lang='lat' dir='ltr'>verstossenen</span> <span class='ocrx_word' id='word_1_286' title='bbox 1444 1864 1680 1898; x_wconf 82' lang='lat' dir='ltr'>Gemahlinn</span> 
     </span>
     <span class='ocr_line' id='line_1_33' title="bbox 199 1911 1682 1960; baseline -0.001 -12"><span class='ocrx_word' id='word_1_287' title='bbox 199 1913 375 1948; x_wconf 74' lang='lat' dir='ltr'>Cicero’s.</span> <span class='ocrx_word' id='word_1_288' title='bbox 427 1912 477 1945; x_wconf 87' lang='lat' dir='ltr'>Es</span> <span class='ocrx_word' id='word_1_289' title='bbox 514 1912 680 1954; x_wconf 80' lang='lat' dir='ltr'>scheint‚</span> <span class='ocrx_word' id='word_1_290' title='bbox 723 1912 785 1946; x_wconf 84' lang='lat' dir='ltr'>die</span> <span class='ocrx_word' id='word_1_291' title='bbox 814 1911 978 1947; x_wconf 82' lang='lat' dir='ltr'>Familie</span> <span class='ocrx_word' id='word_1_292' title='bbox 1021 1911 1090 1945; x_wconf 89' lang='lat' dir='ltr'>der</span> <span class='ocrx_word' id='word_1_293' title='bbox 1122 1911 1308 1960; x_wconf 81' lang='lat' dir='ltr'>iiingeren</span> <span class='ocrx_word' id='word_1_294' title='bbox 1347 1912 1446 1945; x_wconf 84' lang='lat' dir='ltr'>Frau</span> <span class='ocrx_word' id='word_1_295' title='bbox 1480 1912 1587 1947; x_wconf 81' lang='lat' dir='ltr'>h&#39;a&#39;tte</span> <span class='ocrx_word' id='word_1_296' title='bbox 1626 1913 1682 1946; x_wconf 89' lang='lat' dir='ltr'>sie</span> 
     </span>
     <span class='ocr_line' id='line_1_34' title="bbox 198 1959 1683 2010; baseline -0.001 -15"><span class='ocrx_word' id='word_1_297' title='bbox 198 1974 294 2010; x_wconf 80' lang='lat' dir='ltr'>gern</span> <span class='ocrx_word' id='word_1_298' title='bbox 320 1960 464 1995; x_wconf 83' lang='lat' dir='ltr'>wieder</span> <span class='ocrx_word' id='word_1_299' title='bbox 490 1960 561 1994; x_wconf 88' lang='lat' dir='ltr'>mit</span> <span class='ocrx_word' id='word_1_300' title='bbox 587 1960 668 1994; x_wconf 83' lang='lat' dir='ltr'>ihm</span> <span class='ocrx_word' id='word_1_301' title='bbox 695 1960 936 2008; x_wconf 76' lang='lat' dir='ltr'>ausgesb&#39;hnt.</span> <span class='ocrx_word' id='word_1_302' title='bbox 979 1959 1015 1993; x_wconf 91' lang='lat' dir='ltr'>S.</span> <span class='ocrx_word' id='word_1_303' title='bbox 1043 1971 1100 2005; x_wconf 86' lang='lat' dir='ltr'>ep.</span> <span class='ocrx_word' id='word_1_304' title='bbox 1126 1962 1209 2001; x_wconf 81' lang='lat'>633,</span> <span class='ocrx_word' id='word_1_305' title='bbox 1235 1961 1267 1994; x_wconf 87' lang='lat'>2.</span> <span class='ocrx_word' id='word_1_306' title='bbox 1297 1972 1329 1993; x_wconf 88' lang='lat' dir='ltr'>u.</span> <span class='ocrx_word' id='word_1_307' title='bbox 1358 1972 1385 1993; x_wconf 89' lang='lat' dir='ltr'>s.</span> <span class='ocrx_word' id='word_1_308' title='bbox 1411 1972 1461 1994; x_wconf 80' lang='lat' dir='ltr'>w.</span> <span class='ocrx_word' id='word_1_309' title='bbox 1489 1978 1534 1987; x_wconf 91' lang='lat'>-</span> <span class='ocrx_word' id='word_1_310' title='bbox 1568 1961 1683 1995; x_wconf 80' lang='lat' dir='ltr'>trica·</span> 
     </span>
     <span class='ocr_line' id='line_1_35' title="bbox 200 2007 1681 2055; baseline -0.001 -11"><span class='ocrx_word' id='word_1_311' title='bbox 200 2016 257 2044; x_wconf 75' lang='lat' dir='ltr'>lus</span> <span class='ocrx_word' id='word_1_312' title='bbox 283 2014 335 2042; x_wconf 78' lang='lat' dir='ltr'>est</span> <span class='ocrx_word' id='word_1_313' title='bbox 362 2008 387 2044; x_wconf 82' lang='lat' dir='ltr'>i.</span> <span class='ocrx_word' id='word_1_314' title='bbox 414 2020 445 2042; x_wconf 84' lang='lat' dir='ltr'>e.</span> <span class='ocrx_word' id='word_1_315' title='bbox 475 2009 659 2054; x_wconf 79' lang='lat' dir='ltr'>perplexe</span> <span class='ocrx_word' id='word_1_316' title='bbox 691 2009 836 2042; x_wconf 84' lang='lat' dir='ltr'>locutus</span> <span class='ocrx_word' id='word_1_317' title='bbox 873 2007 1136 2055; x_wconf 72' lang='lat' dir='ltr'>(verstinglich</span> <span class='ocrx_word' id='word_1_318' title='bbox 1170 2008 1357 2055; x_wconf 80' lang='lat' dir='ltr'>geredet).</span> <span class='ocrx_word' id='word_1_319' title='bbox 1408 2009 1546 2055; x_wconf 80' lang='lat' dir='ltr'>Egisse</span> <span class='ocrx_word' id='word_1_320' title='bbox 1579 2009 1681 2043; x_wconf 88' lang='lat' dir='ltr'>enim</span> 
     </span>
     <span class='ocr_line' id='line_1_36' title="bbox 199 2055 1681 2101; baseline -0.001 -9"><span class='ocrx_word' id='word_1_321' title='bbox 199 2059 351 2092; x_wconf 81' lang='lat' dir='ltr'>videtur</span> <span class='ocrx_word' id='word_1_322' title='bbox 377 2057 424 2090; x_wconf 84' lang='lat' dir='ltr'>de</span> <span class='ocrx_word' id='word_1_323' title='bbox 450 2068 579 2091; x_wconf 84' lang='lat' dir='ltr'>sorore</span> <span class='ocrx_word' id='word_1_324' title='bbox 605 2070 668 2090; x_wconf 82' lang='lat' dir='ltr'>sua</span> <span class='ocrx_word' id='word_1_325' title='bbox 694 2057 869 2097; x_wconf 82' lang='lat' dir='ltr'>Publilia,</span> <span class='ocrx_word' id='word_1_326' title='bbox 897 2068 1006 2101; x_wconf 79' lang='lat' dir='ltr'>quam</span> <span class='ocrx_word' id='word_1_327' title='bbox 1033 2056 1170 2090; x_wconf 88' lang='lat' dir='ltr'>Cicero</span> <span class='ocrx_word' id='word_1_328' title='bbox 1197 2055 1404 2100; x_wconf 78' lang='lat' dir='ltr'>dimiserat,</span> <span class='ocrx_word' id='word_1_329' title='bbox 1430 2057 1470 2089; x_wconf 88' lang='lat' dir='ltr'>in</span> <span class='ocrx_word' id='word_1_330' title='bbox 1499 2057 1577 2091; x_wconf 88' lang='lat' dir='ltr'>eius</span> <span class='ocrx_word' id='word_1_331' title='bbox 1604 2069 1681 2091; x_wconf 80' lang='lat' dir='ltr'>ma-</span> 
     </span>
     <span class='ocr_line' id='line_1_37' title="bbox 200 2103 1681 2148; baseline 0.001 -9"><span class='ocrx_word' id='word_1_332' title='bbox 200 2105 423 2141; x_wconf 83' lang='lat' dir='ltr'>trimonium</span> <span class='ocrx_word' id='word_1_333' title='bbox 452 2105 671 2148; x_wconf 55' lang='lat' dir='ltr'>redimenda.</span> <span class='ocrx_word' id='word_1_334' title='bbox 708 2105 817 2139; x_wconf 84' lang='lat' dir='ltr'><strong><em>SCH.</em></strong></span> <span class='ocrx_word' id='word_1_335' title='bbox 853 2123 894 2129; x_wconf 90' lang='lat'>—</span> <span class='ocrx_word' id='word_1_336' title='bbox 931 2105 1125 2138; x_wconf 79' lang='lat' dir='ltr'>Caerellia.</span> <span class='ocrx_word' id='word_1_337' title='bbox 1174 2103 1211 2139; x_wconf 90' lang='lat' dir='ltr'>S.</span> <span class='ocrx_word' id='word_1_338' title='bbox 1238 2106 1320 2146; x_wconf 80' lang='lat'>513,</span> <span class='ocrx_word' id='word_1_339' title='bbox 1349 2108 1378 2139; x_wconf 92' lang='lat' dir='ltr'>l.</span> <span class='ocrx_word' id='word_1_340' title='bbox 1419 2107 1502 2146; x_wconf 77' lang='lat'>581,</span> <span class='ocrx_word' id='word_1_341' title='bbox 1529 2106 1562 2140; x_wconf 83' lang='lat'>3.</span> <span class='ocrx_word' id='word_1_342' title='bbox 1597 2108 1681 2147; x_wconf 83' lang='lat'><strong>613,</strong></span> 
     </span>
    </p>
   </div>
   <div class='ocr_carea' id='block_1_7' title="bbox 198 2151 1680 2297">
    <p class='ocr_par' dir='ltr' id='par_1_7' title="bbox 198 2151 1680 2297">
     <span class='ocr_line' id='line_1_38' title="bbox 199 2151 1679 2195; baseline -0.002 -6"><span class='ocrx_word' id='word_1_343' title='bbox 199 2158 232 2192; x_wconf 83' lang='lat'>5.</span> <span class='ocrx_word' id='word_1_344' title='bbox 260 2157 343 2194; x_wconf 77' lang='lat'>614,</span> <span class='ocrx_word' id='word_1_345' title='bbox 370 2155 404 2188; x_wconf 83' lang='lat'>3.</span> <span class='ocrx_word' id='word_1_346' title='bbox 453 2153 515 2187; x_wconf 87' lang='lat' dir='ltr'>Sie</span> <span class='ocrx_word' id='word_1_347' title='bbox 541 2165 624 2187; x_wconf 79' lang='lat' dir='ltr'>war</span> <span class='ocrx_word' id='word_1_348' title='bbox 650 2153 734 2187; x_wconf 84' lang='lat' dir='ltr'>eine</span> <span class='ocrx_word' id='word_1_349' title='bbox 760 2152 1022 2187; x_wconf 83' lang='lat' dir='ltr'>Verehrerinn</span> <span class='ocrx_word' id='word_1_350' title='bbox 1053 2152 1116 2186; x_wconf 84' lang='lat' dir='ltr'>des</span> <span class='ocrx_word' id='word_1_351' title='bbox 1142 2151 1292 2187; x_wconf 85' lang='lat' dir='ltr'>Cicero.</span> <span class='ocrx_word' id='word_1_352' title='bbox 1321 2173 1363 2178; x_wconf 88' lang='lat'><em>—</em></span> <span class='ocrx_word' id='word_1_353' title='bbox 1391 2154 1525 2195; x_wconf 75' lang='lat' dir='ltr'>legata.</span> <span class='ocrx_word' id='word_1_354' title='bbox 1552 2153 1679 2187; x_wconf 86' lang='lat' dir='ltr'>Lamb.</span> 
     </span>
     <span class='ocr_line' id='line_1_39' title="bbox 198 2200 1680 2246; baseline -0.001 -9"><span class='ocrx_word' id='word_1_355' title='bbox 198 2204 374 2246; x_wconf 79' lang='lat' dir='ltr'>allegata.</span> <span class='ocrx_word' id='word_1_356' title='bbox 424 2201 498 2235; x_wconf 88' lang='lat' dir='ltr'>Sed</span> <span class='ocrx_word' id='word_1_357' title='bbox 523 2207 603 2235; x_wconf 86' lang='lat' dir='ltr'>tum</span> <span class='ocrx_word' id='word_1_358' title='bbox 630 2201 831 2236; x_wconf 80' lang='lat' dir='ltr'>delendum</span> <span class='ocrx_word' id='word_1_359' title='bbox 859 2207 939 2234; x_wconf 83' lang='lat' dir='ltr'>erat</span> <span class='ocrx_word' id='word_1_360' title='bbox 964 2201 1084 2234; x_wconf 77' lang='lat' dir='ltr'>missa.</span> <span class='ocrx_word' id='word_1_361' title='bbox 1135 2200 1317 2235; x_wconf 84' lang='lat' dir='ltr'>Consulto</span> <span class='ocrx_word' id='word_1_362' title='bbox 1355 2207 1478 2235; x_wconf 75' lang='lat' dir='ltr'>autem</span> <span class='ocrx_word' id='word_1_363' title='bbox 1514 2201 1589 2235; x_wconf 87' lang='lat' dir='ltr'>hoc</span> <span class='ocrx_word' id='word_1_364' title='bbox 1613 2213 1680 2237; x_wconf 86' lang='lat' dir='ltr'>ve-</span> 
     </span>
     <span class='ocr_line' id='line_1_40' title="bbox 199 2249 1680 2297; baseline -0.001 -12"><span class='ocrx_word' id='word_1_365' title='bbox 199 2251 271 2285; x_wconf 81' lang='lat' dir='ltr'>luti</span> <span class='ocrx_word' id='word_1_366' title='bbox 300 2250 465 2283; x_wconf 87' lang='lat' dir='ltr'>ridiculo</span> <span class='ocrx_word' id='word_1_367' title='bbox 492 2261 576 2283; x_wconf 86' lang='lat' dir='ltr'>usus</span> <span class='ocrx_word' id='word_1_368' title='bbox 604 2256 676 2283; x_wconf 76' lang='lat' dir='ltr'>est:</span> <span class='ocrx_word' id='word_1_369' title='bbox 704 2250 872 2292; x_wconf 80' lang='lat' dir='ltr'>„femina</span> <span class='ocrx_word' id='word_1_370' title='bbox 898 2249 1009 2282; x_wconf 84' lang='lat' dir='ltr'>missa</span> <span class='ocrx_word' id='word_1_371' title='bbox 1034 2249 1160 2297; x_wconf 82' lang='lat' dir='ltr'>legata</span> <span class='ocrx_word' id='word_1_372' title='bbox 1187 2251 1282 2283; x_wconf 84' lang='lat' dir='ltr'>est.“</span> <span class='ocrx_word' id='word_1_373' title='bbox 1310 2269 1352 2274; x_wconf 90' lang='lat'>—-</span> <span class='ocrx_word' id='word_1_374' title='bbox 1380 2260 1424 2281; x_wconf 81' lang='lat' dir='ltr'>ne</span> <span class='ocrx_word' id='word_1_375' title='bbox 1451 2276 1457 2283; x_wconf 87' lang='lat'><strong>.</strong></span> <span class='ocrx_word' id='word_1_376' title='bbox 1488 2276 1495 2283; x_wconf 91' lang='lat'><strong><em>.</em></strong></span> <span class='ocrx_word' id='word_1_377' title='bbox 1524 2249 1680 2293; x_wconf 82' lang='lat' dir='ltr'>quidem,</span> 
     </span>
    </p>
   </div>
   <div class='ocr_carea' id='block_1_8' title="bbox 197 2296 1679 2728">
    <p class='ocr_par' dir='ltr' id='par_1_8' title="bbox 199 2296 1678 2342">
     <span class='ocr_line' id='line_1_41' title="bbox 199 2296 1678 2342; baseline -0.002 -10"><span class='ocrx_word' id='word_1_378' title='bbox 199 2310 270 2332; x_wconf 80' lang='lat' dir='ltr'>non</span> <span class='ocrx_word' id='word_1_379' title='bbox 294 2299 412 2332; x_wconf 82' lang='lat' dir='ltr'>modo.</span> <span class='ocrx_word' id='word_1_380' title='bbox 442 2297 478 2331; x_wconf 89' lang='lat' dir='ltr'>S.</span> <span class='ocrx_word' id='word_1_381' title='bbox 491 2297 642 2331; x_wconf 82' lang='lat' dir='ltr'>Ramsh.</span> <span class='ocrx_word' id='word_1_382' title='bbox 670 2297 795 2340; x_wconf 72' lang='lat'><em>§.1815</em></span> <span class='ocrx_word' id='word_1_383' title='bbox 817 2298 859 2340; x_wconf 88' lang='lat' dir='ltr'>B,</span> <span class='ocrx_word' id='word_1_384' title='bbox 878 2298 1006 2336; x_wconf 88' lang='lat' dir='ltr'>1,Not.</span> <span class='ocrx_word' id='word_1_385' title='bbox 1046 2316 1087 2322; x_wconf 94' lang='lat'>-—</span> <span class='ocrx_word' id='word_1_386' title='bbox 1121 2298 1164 2330; x_wconf 84' lang='lat' dir='ltr'>de</span> <span class='ocrx_word' id='word_1_387' title='bbox 1190 2296 1387 2331; x_wconf 74' lang='lat' dir='ltr'>Buthroto.</span> <span class='ocrx_word' id='word_1_388' title='bbox 1415 2296 1618 2342; x_wconf 83' lang='lat' dir='ltr'>S.ep.692,</span> <span class='ocrx_word' id='word_1_389' title='bbox 1647 2301 1678 2333; x_wconf 72' lang='lat' dir='ltr'>l.</span> 
     </span>
    </p>

    <p class='ocr_par' dir='ltr' id='par_1_9' title="bbox 197 2343 1679 2728">
     <span class='ocr_line' id='line_1_42' title="bbox 295 2343 1679 2390; baseline -0.001 -10"><span class='ocrx_word' id='word_1_390' title='bbox 295 2348 327 2384; x_wconf 83' lang='lat'>5.</span> <span class='ocrx_word' id='word_1_391' title='bbox 379 2346 472 2389; x_wconf 83' lang='lat' dir='ltr'>„Me</span> <span class='ocrx_word' id='word_1_392' title='bbox 498 2346 637 2388; x_wconf 81' lang='lat' dir='ltr'>facere</span> <span class='ocrx_word' id='word_1_393' title='bbox 670 2371 678 2378; x_wconf 89' lang='lat'>.</span> <span class='ocrx_word' id='word_1_394' title='bbox 717 2343 1020 2390; x_wconf 57' lang='lat' dir='ltr'>.„Dolaleae.“</span> <span class='ocrx_word' id='word_1_395' title='bbox 1068 2344 1162 2379; x_wconf 90' lang='lat' dir='ltr'>Scil.</span> <span class='ocrx_word' id='word_1_396' title='bbox 1194 2345 1247 2378; x_wconf 79' lang='lat' dir='ltr'>ais</span> <span class='ocrx_word' id='word_1_397' title='bbox 1285 2345 1346 2379; x_wconf 82' lang='lat' dir='ltr'>vel</span> <span class='ocrx_word' id='word_1_398' title='bbox 1381 2345 1529 2379; x_wconf 85' lang='lat' dir='ltr'>scribis.</span> <span class='ocrx_word' id='word_1_399' title='bbox 1582 2345 1679 2388; x_wconf 86' lang='lat' dir='ltr'>„Ich</span> 
     </span>
     <span class='ocr_line' id='line_1_43' title="bbox 198 2382 1679 2474; baseline 0 -46"><span class='ocrx_word' id='word_1_400' title='bbox 198 2395 332 2429; x_wconf 81' lang='lat' dir='ltr'>mache</span> <span class='ocrx_word' id='word_1_401' title='bbox 357 2393 452 2428; x_wconf 83' lang='lat' dir='ltr'>auch</span> <span class='ocrx_word' id='word_1_402' title='bbox 480 2405 550 2442; x_wconf 83' lang='lat' dir='ltr'>gar</span> <span class='ocrx_word' id='word_1_403' title='bbox 575 2405 623 2427; x_wconf 87' lang='lat' dir='ltr'>zu</span> <span class='ocrx_word' id='word_1_404' title='bbox 648 2382 990 2474; x_wconf 45' lang='lat' dir='ltr'>Viel‘AuilrebenQ</span> <span class='ocrx_word' id='word_1_405' title='bbox 1023 2393 1164 2427; x_wconf 85' lang='lat' dir='ltr'>meinst</span> <span class='ocrx_word' id='word_1_406' title='bbox 1188 2394 1261 2435; x_wconf 89' lang='lat' dir='ltr'>Du,</span> <span class='ocrx_word' id='word_1_407' title='bbox 1299 2404 1374 2427; x_wconf 88' lang='lat' dir='ltr'>von</span> <span class='ocrx_word' id='word_1_408' title='bbox 1401 2393 1467 2426; x_wconf 83' lang='lat' dir='ltr'>der</span> <span class='ocrx_word' id='word_1_409' title='bbox 1491 2393 1593 2427; x_wconf 86' lang='lat' dir='ltr'>That</span> <span class='ocrx_word' id='word_1_410' title='bbox 1617 2394 1679 2428; x_wconf 76' lang='lat' dir='ltr'>des</span> 
     </span>
     <span class='ocr_line' id='line_1_44' title="bbox 198 2440 1679 2486; baseline -0.003 -8"><span class='ocrx_word' id='word_1_411' title='bbox 198 2443 437 2479; x_wconf 77' lang='lat' dir='ltr'>Dolabella.“</span> <span class='ocrx_word' id='word_1_412' title='bbox 479 2460 521 2467; x_wconf 92' lang='lat'>—-</span> <span class='ocrx_word' id='word_1_413' title='bbox 564 2440 637 2475; x_wconf 64' lang='grc' dir='ltr'>ηοῆ</span> <span class='ocrx_word' id='word_1_414' title='bbox 659 2441 820 2485; x_wconf 77' lang='lat' dir='ltr'>potuisse</span> <span class='ocrx_word' id='word_1_415' title='bbox 861 2457 874 2475; x_wconf 70' lang='grc' dir='ltr'><em>ι</em></span> <span class='ocrx_word' id='word_1_416' title='bbox 901 2464 942 2474; x_wconf 82' lang='grc'>.-.</span> <span class='ocrx_word' id='word_1_417' title='bbox 969 2446 1135 2486; x_wconf 79' lang='lat' dir='ltr'>tempore,</span> <span class='ocrx_word' id='word_1_418' title='bbox 1172 2441 1345 2486; x_wconf 82' lang='lat' dir='ltr'>weniger</span> <span class='ocrx_word' id='word_1_419' title='bbox 1369 2441 1464 2475; x_wconf 56' lang='lat' dir='ltr'>hatt&#39;</span> <span class='ocrx_word' id='word_1_420' title='bbox 1488 2441 1554 2475; x_wconf 87' lang='lat' dir='ltr'>ich</span> <span class='ocrx_word' id='word_1_421' title='bbox 1580 2442 1679 2476; x_wconf 89' lang='lat' dir='ltr'>doch</span> 
     </span>
     <span class='ocr_line' id='line_1_45' title="bbox 197 2477 1678 2531; baseline -0.002 -5"><span class='ocrx_word' id='word_1_422' title='bbox 197 2492 306 2526; x_wconf 89' lang='lat' dir='ltr'>wohl</span> <span class='ocrx_word' id='word_1_423' title='bbox 341 2492 381 2524; x_wconf 90' lang='lat' dir='ltr'>in</span> <span class='ocrx_word' id='word_1_424' title='bbox 407 2489 586 2524; x_wconf 85' lang='lat' dir='ltr'>Betracht</span> <span class='ocrx_word' id='word_1_425' title='bbox 618 2490 686 2523; x_wconf 87' lang='lat' dir='ltr'>der</span> <span class='ocrx_word' id='word_1_426' title='bbox 718 2489 839 2524; x_wconf 84' lang='lat' dir='ltr'>sache</span> <span class='ocrx_word' id='word_1_427' title='bbox 878 2477 992 2531; x_wconf 57' lang='lat' dir='ltr'>{oibst</span> <span class='ocrx_word' id='word_1_428' title='bbox 1024 2490 1100 2523; x_wconf 91' lang='lat' dir='ltr'>und</span> <span class='ocrx_word' id='word_1_429' title='bbox 1132 2489 1201 2523; x_wconf 86' lang='lat' dir='ltr'>der</span> <span class='ocrx_word' id='word_1_430' title='bbox 1236 2490 1325 2524; x_wconf 85' lang='lat' dir='ltr'>Zeit</span> <span class='ocrx_word' id='word_1_431' title='bbox 1357 2489 1434 2523; x_wconf 93' lang='lat' dir='ltr'>und</span> <span class='ocrx_word' id='word_1_432' title='bbox 1469 2489 1678 2523; x_wconf 83' lang='lat' dir='ltr'>Umst&#39;a‘nde</span> 
     </span>
     <span class='ocr_line' id='line_1_46' title="bbox 198 2535 1678 2581; baseline -0.001 -8"><span class='ocrx_word' id='word_1_433' title='bbox 198 2539 309 2573; x_wconf 86' lang='lat' dir='ltr'>nicht</span> <span class='ocrx_word' id='word_1_434' title='bbox 334 2551 397 2573; x_wconf 84' lang='lat' dir='ltr'>aus</span> <span class='ocrx_word' id='word_1_435' title='bbox 424 2538 489 2572; x_wconf 86' lang='lat' dir='ltr'>ihr</span> <span class='ocrx_word' id='word_1_436' title='bbox 512 2537 674 2572; x_wconf 80' lang='lat' dir='ltr'>macheu</span> <span class='ocrx_word' id='word_1_437' title='bbox 698 2537 864 2572; x_wconf 69' lang='lat' dir='ltr'>konnen.</span> <span class='ocrx_word' id='word_1_438' title='bbox 882 2535 1086 2581; x_wconf 66' lang='lat' dir='ltr'>&#39;potuisset</span> <span class='ocrx_word' id='word_1_439' title='bbox 1110 2537 1253 2580; x_wconf 87' lang='lat' dir='ltr'>Iunius,</span> <span class='ocrx_word' id='word_1_440' title='bbox 1286 2543 1329 2571; x_wconf 88' lang='lat' dir='ltr'>ut</span> <span class='ocrx_word' id='word_1_441' title='bbox 1363 2537 1508 2571; x_wconf 80' lang='lat' dir='ltr'>volebat</span> <span class='ocrx_word' id='word_1_442' title='bbox 1532 2538 1678 2572; x_wconf 89' lang='lat' dir='ltr'>Grono-</span> 
     </span>
     <span class='ocr_line' id='line_1_47' title="bbox 197 2585 1677 2629; baseline -0.001 -9"><span class='ocrx_word' id='word_1_443' title='bbox 197 2589 294 2625; x_wconf 76' lang='lat' dir='ltr'>vius,</span> <span class='ocrx_word' id='word_1_444' title='bbox 323 2587 459 2621; x_wconf 84' lang='lat' dir='ltr'>Graev.</span> <span class='ocrx_word' id='word_1_445' title='bbox 487 2587 581 2621; x_wconf 89' lang='lat' dir='ltr'>Ern.</span> <span class='ocrx_word' id='word_1_446' title='bbox 607 2586 695 2620; x_wconf 87' lang='lat' dir='ltr'>Sch.</span> <span class='ocrx_word' id='word_1_447' title='bbox 722 2587 835 2620; x_wconf 79' lang='lat' dir='ltr'>Liim·</span> <span class='ocrx_word' id='word_1_448' title='bbox 862 2587 1024 2629; x_wconf 75' lang='lat' dir='ltr'>potuisse</span> <span class='ocrx_word' id='word_1_449' title='bbox 1048 2586 1142 2620; x_wconf 77' lang='lat' dir='ltr'>cett.</span> <span class='ocrx_word' id='word_1_450' title='bbox 1168 2597 1253 2619; x_wconf 86' lang='lat' dir='ltr'>cum</span> <span class='ocrx_word' id='word_1_451' title='bbox 1281 2586 1353 2619; x_wconf 83' lang='lat' dir='ltr'>Md.</span> <span class='ocrx_word' id='word_1_452' title='bbox 1388 2585 1583 2619; x_wconf 83' lang='lat' dir='ltr'><em>ORELLI.</em></span> <span class='ocrx_word' id='word_1_453' title='bbox 1635 2606 1677 2612; x_wconf 89' lang='lat'><strong>—</strong></span> 
     </span>
     <span class='ocr_line' id='line_1_48' title="bbox 199 2632 1677 2682; baseline -0.002 -13"><span class='ocrx_word' id='word_1_454' title='bbox 199 2636 291 2680; x_wconf 75' lang='lat' dir='ltr'>quod</span> <span class='ocrx_word' id='word_1_455' title='bbox 318 2635 451 2675; x_wconf 82' lang='lat' dir='ltr'>debuit,</span> <span class='ocrx_word' id='word_1_456' title='bbox 493 2634 590 2671; x_wconf 86' lang='lat' dir='ltr'>Was</span> <span class='ocrx_word' id='word_1_457' title='bbox 623 2646 666 2668; x_wconf 86' lang='lat' dir='ltr'>er</span> <span class='ocrx_word' id='word_1_458' title='bbox 699 2634 777 2667; x_wconf 85' lang='lat' dir='ltr'>mir</span> <span class='ocrx_word' id='word_1_459' title='bbox 810 2634 911 2667; x_wconf 89' lang='lat' dir='ltr'>noch</span> <span class='ocrx_word' id='word_1_460' title='bbox 949 2634 1088 2669; x_wconf 80' lang='lat' dir='ltr'>innner</span> <span class='ocrx_word' id='word_1_461' title='bbox 1117 2633 1297 2681; x_wconf 79' lang='lat' dir='ltr'>schuldig</span> <span class='ocrx_word' id='word_1_462' title='bbox 1327 2633 1529 2682; x_wconf 80' lang='lat' dir='ltr'>gehlieben</span> <span class='ocrx_word' id='word_1_463' title='bbox 1554 2632 1605 2667; x_wconf 76' lang='lat' dir='ltr'>ist</span> <span class='ocrx_word' id='word_1_464' title='bbox 1629 2647 1677 2665; x_wconf 68' lang='lat' dir='ltr'><strong><em>z</em></strong></span> 
     </span>
     <span class='ocr_line' id='line_1_49' title="bbox 198 2680 1676 2728; baseline -0.001 -11"><span class='ocrx_word' id='word_1_465' title='bbox 198 2684 366 2717; x_wconf 83' lang='lat' dir='ltr'>debitum</span> <span class='ocrx_word' id='word_1_466' title='bbox 395 2695 513 2716; x_wconf 82' lang='lat' dir='ltr'>suum.</span> <span class='ocrx_word' id='word_1_467' title='bbox 565 2683 665 2716; x_wconf 77' lang='lat' dir='ltr'>debet</span> <span class='ocrx_word' id='word_1_468' title='bbox 692 2682 737 2717; x_wconf 90' lang='lat' dir='ltr'>de</span> <span class='ocrx_word' id='word_1_469' title='bbox 763 2682 917 2728; x_wconf 84' lang='lat' dir='ltr'>Malasp.</span> <span class='ocrx_word' id='word_1_470' title='bbox 945 2683 1040 2717; x_wconf 88' lang='lat' dir='ltr'>coni.</span> <span class='ocrx_word' id='word_1_471' title='bbox 1068 2682 1196 2715; x_wconf 86' lang='lat' dir='ltr'>Lamb.</span> <span class='ocrx_word' id='word_1_472' title='bbox 1247 2701 1294 2707; x_wconf 96' lang='lat'>—</span> <span class='ocrx_word' id='word_1_473' title='bbox 1338 2682 1509 2716; x_wconf 80' lang='lat' dir='ltr'>Asturae.</span> <span class='ocrx_word' id='word_1_474' title='bbox 1551 2680 1588 2716; x_wconf 89' lang='lat' dir='ltr'>S.</span> <span class='ocrx_word' id='word_1_475' title='bbox 1619 2692 1676 2726; x_wconf 82' lang='lat' dir='ltr'>ep.</span> 
     </span>
    </p>
   </div>
   <div class='ocr_carea' id='block_1_9' title="bbox 196 2733 1676 2824">
    <p class='ocr_par' dir='ltr' id='par_1_10' title="bbox 196 2733 1676 2824">
     <span class='ocr_line' id='line_1_50' title="bbox 196 2733 505 2774; baseline -0.01 -6"><span class='ocrx_word' id='word_1_476' title='bbox 196 2734 278 2774; x_wconf 81' lang='lat'><strong>697,</strong></span> <span class='ocrx_word' id='word_1_477' title='bbox 303 2734 336 2767; x_wconf 83' lang='grc'>4.</span> <span class='ocrx_word' id='word_1_478' title='bbox 362 2733 445 2772; x_wconf 84' lang='grc'><strong>691,</strong></span> <span class='ocrx_word' id='word_1_479' title='bbox 473 2734 505 2766; x_wconf 90' lang='lat' dir='ltr'>l.</span> 
     </span>
     <span class='ocr_line' id='line_1_51' title="bbox 292 2778 1676 2824; baseline -0.004 -8"><span class='ocrx_word' id='word_1_480' title='bbox 292 2782 323 2816; x_wconf 85' lang='lat'>6.</span> <span class='ocrx_word' id='word_1_481' title='bbox 375 2781 450 2814; x_wconf 82' lang='lat' dir='ltr'>ista</span> <span class='ocrx_word' id='word_1_482' title='bbox 485 2791 551 2824; x_wconf 84' lang='lat' dir='ltr'>quo</span> <span class='ocrx_word' id='word_1_483' title='bbox 578 2790 671 2815; x_wconf 70' lang='lat' dir='ltr'>evas.</span> <span class='ocrx_word' id='word_1_484' title='bbox 702 2779 785 2822; x_wconf 77' lang='lat' dir='ltr'>sint,</span> <span class='ocrx_word' id='word_1_485' title='bbox 822 2790 908 2822; x_wconf 86' lang='lat' dir='ltr'>„wo</span> <span class='ocrx_word' id='word_1_486' title='bbox 945 2778 1051 2813; x_wconf 81' lang='lat' dir='ltr'>Alles</span> <span class='ocrx_word' id='word_1_487' title='bbox 1090 2778 1224 2813; x_wconf 87' lang='lat' dir='ltr'>hinaus</span> <span class='ocrx_word' id='word_1_488' title='bbox 1261 2778 1416 2814; x_wconf 81' lang='lat' dir='ltr'>wolle.“</span> <span class='ocrx_word' id='word_1_489' title='bbox 1466 2778 1544 2811; x_wconf 88' lang='lat' dir='ltr'>Vor</span> <span class='ocrx_word' id='word_1_490' title='bbox 1575 2783 1676 2811; x_wconf 80' lang='lat' dir='ltr'>muto</span> 
     </span>
    </p>
   </div>
  </div>
 </body>
</html>
