1795 3086
199 47 288 96 142
464 49 526 92 M.
558 49 614 91 T.
646 45 989 91 CICERONIS
1028 18 1396 92 EPISTOLAE.

194 176 342 214 meae,
371 164 419 202 ut
447 161 516 202 vel
547 162 592 201 in
623 159 835 201 concione
874 159 1024 201 dicere
1061 159 1281 202 auderem.
1350 160 1489 202 Saran
1525 165 1668 202 autem

194 222 501 273 praeterquam
531 215 646 271 quod
676 215 896 257 nefarium
932 215 1153 257 hominem
1189 217 1401 272 cognovi,
1441 221 1670 271 praeterea

194 275 240 315 in
269 287 338 315 me
367 276 683 314 contumacem.
748 271 890 312 Semel
926 285 1023 312 eum
1053 272 1228 313 omnino
1258 273 1378 312 domi
1407 286 1529 314 meae
1558 273 1667 315 vidi.

194 330 341 379 Quum
371 327 621 379 φιλοφρόνως
649 340 702 369 ex
730 341 782 369 eo
817 340 1097 381 quaererem,
1133 329 1239 382 quid
1276 342 1382 383 opus
1421 333 1556 378 esset3
1592 329 1670 369 At-

192 387 329 428 ticum
358 397 406 425 se
437 383 550 424 dixit
579 396 800 438 quaerere.
860 382 1119 438 Superbiam
1135 388 1279 425 autem
1309 385 1447 438 ipsius
1477 384 1669 439 reginae,

192 454 324 497 quum
361 443 480 481 esset
514 443 633 481 trans
670 438 874 481 Tiberim
909 440 955 480 in
990 439 1154 492 hortis,
1193 453 1537 481 commemorare
1573 440 1669 481 sine

191 510 351 551 magno
388 496 538 537 dolore
574 508 659 536 non
696 508 887 549 possum.
952 494 1081 536 Nihil
1116 495 1255 550 igitur
1289 509 1389 536 cum
1423 496 1544 537 istist
1589 509 1670 536 nec

190 557 281 594 tam
309 551 501 594 animum
529 565 602 592 me
631 565 762 605 quam
791 550 867 592 vix
891 550 1169 592 stomachum
1197 551 1359 593 habere
1387 552 1669 593 arbitrantur.

191 607 527 651 Profectionem
555 620 720 657 meam,
751 610 798 647 ut
827 605 979 657 video,
1008 607 1165 647 Erotis
1182 607 1451 663 dispensatio
1467 607 1668 662 impedit.

190 664 307 707 Nam
335 678 467 719 quum
496 677 549 704 ex
579 661 784 718 reliquis,
813 675 926 717 quae
940 662 1085 703 Nonis
1100 663 1243 716 April.
1276 661 1405 715 fecit,
1435 664 1506 705 vel
1536 664 1670 712 abun-

190 721 297 763 dare
325 720 527 771 debeam,
564 732 700 773 cogor
727 718 939 759 mutuari:
983 718 1186 773 quodque
1222 733 1274 760 ex
1302 720 1399 761 istis
1430 719 1669 761 fructuosis

190 778 317 818 rebus
348 779 573 831 receptum
603 780 690 827 est,
719 775 767 814 id
797 788 878 828 ego
908 774 964 814 ad
992 773 1101 815 illud
1132 775 1282 815 fanum
1295 776 1533 830 sepositum
1546 779 1671 829 puta-

189 834 300 874 bam.
365 832 452 874 Sed
488 831 597 873 haec
632 830 796 873 Tironi
831 830 1058 880 mandavi,
1101 845 1233 885 quem
1269 831 1324 872 ob
1361 844 1457 872 eam
1494 843 1671 872 causam

190 888 380 932 Romam
421 887 536 929 misi.
615 888 684 929 Te
725 886 846 928 nolui
888 886 1150 939 impeditum
1194 886 1420 941 impedire.
1507 887 1669 928 Cicero

191 949 345 988 noster
380 958 464 999 quo
501 941 749 985 modestior
784 947 870 994 est,
913 957 965 983 eo
1001 956 1070 983 me
1105 944 1249 997 magis
1285 945 1543 984 commovet.
1600 941 1670 983 Ad
1729 980 1731 982 ,

190 1016 260 1043 me
290 1001 406 1042 enim
436 1001 492 1041 de
520 998 604 1040 hac
632 1013 681 1042 re
710 998 823 1039 nihil
852 998 1054 1051 scripsit,
1091 999 1147 1038 ad
1183 1013 1311 1053 quem
1347 1000 1556 1040 nimirum
1593 1012 1669 1052 po-

191 1058 409 1099 tissimum
446 1056 608 1096 debuit.
682 1055 873 1108 Scripsit
909 1053 994 1095 hoc
1030 1059 1174 1094 autem
1210 1055 1268 1095 ad
1304 1056 1538 1106 Tironem,
1585 1054 1671 1095 sibi

189 1117 290 1168 post
325 1112 427 1153 Kal.
463 1111 601 1165 April.
638 1134 692 1140 -—-
732 1110 797 1150 sic
834 1109 953 1151 enim
989 1122 1177 1149 annuum
1213 1114 1383 1165 tempus
1427 1111 1589 1152 confici
1617 1132 1672 1139 --

189 1288 248 1316 tra
274 1279 368 1314 haec
394 1276 570 1313 Ciceroni
595 1286 666 1322 pro
693 1275 816 1309 officio
843 1276 1004 1320 quodam
1033 1276 1065 1309 ei
1080 1276 1261 1321 praestito
1279 1276 1491 1320 promisisse
1508 1277 1670 1312 videtur.

188 1329 298 1364 3011.
325 1347 369 1353 -
397 1325 595 1369 dignitatis
619 1335 737 1366 meae,
765 1325 911 1357 meiner
925 1325 1081 1358 Wiirde
1108 1334 1370 1372 angemessene
1389 1325 1673 1369 Gegenstandeg

187 1377 297 1412 nicht
321 1377 507 1416 Geniisse,
548 1373 621 1407 wie
649 1373 763 1406 Ca'sar
795 1382 866 1406 von
897 1371 962 1404 ihr
995 1371 1158 1420 begehrt
1192 1370 1308 1405 hatte.
1341 1390 1388 1396 —-
1419 1372 1456 1405 in
1487 1374 1671 1416 concione,

187 1427 227 1460 in
259 1425 363 1459 einer
397 1421 644 1457 &ffentlichen
681 1420 1088 1465 Volksversainmlung.
1145 1420 1308 1453 Tantum
1346 1420 1496 1464 aberat,
1533 1427 1575 1455 ut
1610 1434 1671 1455 me

187 1475 374 1508 donorum
401 1483 420 1504 a
448 1471 647 1515 Cleopatra
673 1469 886 1502 oblatorum
913 1468 1056 1513 pudere
1083 1468 1249 1501 deberet.
1277 1486 1322 1492 -—
1348 1468 1469 1502 Sat-an
1495 1468 1572 1510 (Sic
1589 1470 1670 1504 Md.

186 1522 289 1556 Vict.
315 1522 349 1556 2.
375 1520 509 1554 Saram
536 1521 630 1552 Cett.
659 1516 889 1559 ORELLI.),
916 1516 982 1560 qui
1008 1516 1089 1550 sine
1115 1516 1228 1550 dubio
1253 1521 1335 1549 erat
1360 1527 1456 1550 unus
1481 1528 1527 1550 ex
1549 1519 1672 1552 aulico

187 1569 343 1618 reginae
369 1567 575 1607 famulitio,
602 1567 699 1599 sicut
723 1564 983 1599 Hammonius.
1009 1565 1118 1598 SCH.
1141 1581 1182 1589 -·
1210 1568 1463 1607 contumacem,
1490 1567 1543 1599 als
1561 1566 1672 1599 einen

189 1618 346 1666 groben,
373 1613 717 1664 ungeschliffenen‚
744 1613 1038 1658 impertinenten
1055 1611 1276 1646 Menschen.
1296 1632 1341 1637 —-
1368 1610 1672 1660 φιλοφρόνως,

188 1666 259 1700 mit
292 1666 388 1699 aller
418 1661 672 1701 Hoflichkeit,
707 1660 945 1704 humaniter,
984 1660 1154 1695 comiter.
1189 1679 1234 1684 —-
1274 1662 1361 1704 quid
1395 1661 1432 1695 ei
1462 1673 1553 1705 opus
1585 1667 1674 1696 esset

187 1714 346 1755 Lmnb„
372 1713 420 1747 ob
445 1712 509 1746 ich
536 1711 615 1746 ihm
641 1710 769 1743 womit
795 1710 931 1743 dienen
955 1708 1123 1743 kb‘nnte?
1150 1727 1194 1733 -—
1220 1719 1408 1752 quaerere.
1457 1710 1502 1744 Id
1527 1711 1674 1744 scilicet

189 1768 272 1797 erat
306 1761 470 1796 hominis
508 1759 707 1799 inurbani,
735 1758 799 1801 qui
825 1757 925 1790 nihil
950 1757 1054 1791 aliud
1081 1758 1341 1802 responderet,
1371 1768 1483 1801 quarn
1510 1770 1548 1792 se
1576 1758 1672 1792 Atti-
1736 1790 1739 1791 γ

189 1822 275 1845 cum
303 1819 493 1854 quaerere.
519 1827 567 1834 -—
598 1807 635 1841 in
660 1805 779 1840 hortis
804 1806 981 1840 Caesaris.
1013 1823 1061 1830 ·-
1093 1802 1173 1838 cum
1198 1805 1303 1846 istis,
1338 1804 1401 1838 ich
1436 1806 1519 1840 will
1553 1806 1673 1840 daher

159 1879 161 1881 ·
190 1859 262 1893 mit
288 1858 414 1892 diesen
441 1859 585 1891 Leuten
611 1854 748 1888 Nichts
774 1867 818 1888 zu
843 1853 939 1888 thun
965 1853 1100 1887 haben.
1150 1854 1245 1900 Erg.
1273 1863 1470 1888 commune
1489 1854 1588 1887 mihi
1613 1855 1672 1892 sit,

190 1906 507 1942 communicatum
533 1903 796 1947 haberebvolo.
828 1921 867 1927 -
896 1902 1072 1945 animum,
1099 1902 1230 1942 Muth3
1255 1900 1448 1941 stomaclt„
1476 1903 1597 1937 Galle.

285 1977 321 2011 3.
348 1975 477 2008 Erotis
502 1972 614 2017 disp„
644 1968 921 2017 die-schlechte
946 1958 1338 2013 Finanzverwaltung.
1366 1988 1408 1993 —
1437 1979 1481 2003 ex
1506 1970 1670 2014 reliquis,

189 2023 288 2058 nach
315 2023 401 2057 dem
427 2021 652 2060 Guthabem
687 2017 955 2053 Uberschusse.
981 2036 1028 2042 —
1065 2018 1159 2052 Non.
1186 2017 1298 2060 Apr.‚
1332 2029 1392 2050 am
1418 2018 1453 2052 5.
1479 2017 1600 2064 April.
1627 2037 1670 2044 —

183 2073 298 2116 fecit,
326 2071 386 2104 bei
411 2069 618 2114 Abfassung
643 2068 710 2102 der
738 2065 952 2111 Rechnung
976 2064 1298 2110 herausgebracht
1323 2066 1401 2099 und
1434 2066 1510 2099 mir
1534 2077 1672 2115 vorge-
1732 2079 1737 2089 ¹

190 2121 267 2166 legt
291 2119 410 2153 hatte.
462 2117 558 2151 Eros
585 2116 703 2151 Nonis
728 2114 919 2161 Aprilibus
945 2114 1109 2147 rationes
1142 2124 1270 2148 omnes
1303 2115 1540 2156 confecerat,
1570 2127 1672 2148 sum-

190 2178 326 2213 maque
353 2168 475 2207 facta,
503 2170 686 2209 quantum
712 2163 893 2210 pecuniae
921 2161 1097 2195 Ciceroni
1123 2162 1343 2204 deberetur,
1379 2168 1563 2206 quantum
1588 2162 1673 2196 aliis

190 2217 235 2251 ab
262 2217 362 2262 ipso,
389 2214 593 2260 apparebat
620 2210 795 2248 Ciceroni
818 2215 964 2245 tantum
988 2210 1172 2255 pecuniae
1199 2219 1396 2254 superare,
1423 2215 1465 2242 ut
1490 2220 1566 2243 non
1591 2221 1674 2244 mo-

191 2264 238 2299 do
265 2275 340 2298 non
365 2273 499 2310 egere,
533 2261 597 2295 sed
622 2260 735 2294 etiam
762 2258 950 2293 abundare
975 2258 1185 2292 videretur.
1211 2257 1410 2291 MANUT.
1437 2276 1482 2282 --
1514 2268 1557 2290 ex
1589 2258 1674 2291 istis

182 2312 391 2355 fructuosis
416 2311 539 2349 rebus,
564 2315 606 2342 ut
631 2307 866 2342 mercedibus
891 2306 1121 2350 insularum,
1155 2317 1219 2340 aus
1251 2305 1320 2339 der
1354 2305 1500 2339 Miethe
1526 2306 1673 2340 meinet

191 2363 336 2396 H‘siuser
362 2360 412 2401 (S.
437 2369 495 2403 ep.
523 2357 604 2399 729,
634 2359 653 2390 1
680 2368 739 2390 am
765 2354 906 2397 Ende),
933 2353 1099 2400 Argileti
1124 2360 1161 2388 et
1185 2353 1384 2394 Aventini,
1417 2364 1580 2397 quarum
1606 2366 1673 2387 an-

191 2420 308 2443 nuum
342 2411 572 2453 proventum
609 2414 666 2449 ep.
702 2405 784 2445 550,
816 2404 849 2438 2.
889 2403 1046 2448 putabat
1086 2401 1260 2436 Ciceroni
1302 2401 1384 2435 filio
1423 2403 1462 2436 in
1506 2412 1672 2435 annuum

192 2463 382 2502 sumptum
423 2454 604 2488 sufficere.
653 2471 695 2476 -
745 2454 924 2494 receptum
964 2454 1033 2489 est,
1075 2451 1361 2499 eingenommen
1396 2448 1454 2485 ist.
1487 2450 1674 2484 redactum

190 2504 322 2549 „Alii“
346 2505 384 2537 in
411 2515 460 2538 m.
488 2502 590 2538 1584.
618 2519 660 2524 —
690 2500 738 2533 ad
753 2499 851 2533 istud
865 2500 999 2541 sanum
1019 2499 1168 2533 Tulliae
1186 2497 1408 2546 erigendum
1426 2503 1463 2531 et
1480 2504 1673 2532 exstruen-

194 2554 281 2587 dum
308 2553 521 2596 sepositum,
560 2549 621 2583 bei
653 2548 776 2590 Seite,
817 2546 1105 2596 zuriiekgelegt.
1147 2565 1190 2572 —
1236 2546 1445 2590 impeditum
1469 2546 1573 2589 imp„
1599 2546 1671 2579 den

193 2601 270 2636 viel
296 2600 519 2648 bel'zistigten
543 2597 762 2644 bel‘astigen.

289 2669 323 2703 4.
353 2667 506 2707 Cicero,
533 2663 657 2700 Marci
673 2663 793 2705 filius,
820 2663 887 2708 qui
906 2662 1061 2698 Athenis
1079 2668 1169 2697 erat.
1199 2681 1240 2686 -—
1267 2662 1386 2696 debuit
1411 2674 1459 2692 :t
1486 2659 1670 2693 debuerit.

202 2736 239 2742 —
266 2716 320 2751 si‘c
347 2743 354 2751 .
383 2744 387 2749 ,
419 2742 425 2747 .
453 2713 600 2755 confici,
637 2713 733 2747 denn
768 2723 814 2744 an
849 2712 933 2746 dem
967 2712 1070 2760 Tage
1104 2711 1156 2746 sei
1192 2711 1271 2745 sein
1298 2711 1387 2744 Iahr
1411 2720 1456 2742 zu
1481 2708 1599 2742 Ende.
1627 2726 1671 2733 —-
