1795 3086
553 77 876 121 EPISTOLA
918 76 1138 120 DCLIX.
1537 76 1594 124 15

0 147 225 293 yturpe
255 192 345 241 est,
375 204 430 232 ne
459 189 603 232 alieno
631 187 836 243 quidem:
868 189 1015 232 sinon
1036 193 1128 243 est,
1158 203 1236 232 suo
1260 189 1418 245 potius.
1477 190 1592 232 Cau-

97 248 199 287 ‹lain
227 248 396 302 antiqui
423 259 592 301 penem
620 247 859 287 vocabant:
902 259 956 286 ex
985 261 1071 300 quo
1101 252 1167 288 est
1211 251 1393 301 propter
1437 246 1592 287 simili-

100 304 297 345 tudinem
323 303 570 358 penicillus.
627 301 689 342 At
717 301 850 342 hodie
876 303 1018 354 penis
1048 308 1116 345 cst
1142 304 1188 343 in
1218 302 1460 344 obscoenis.
1533 304 1594 344 At

100 373 206 402 vero
236 359 346 401 Piso
368 359 444 399 ille
462 357 601 413 Frugi
622 357 669 398 in
691 357 932 399 Annalibus
955 358 1045 399 suis
1066 360 1282 413 queritur,
1314 359 1593 401 adolescen-

102 418 177 458 les
203 415 319 469 peni
349 414 537 457 deditos
568 425 690 456 esse.
757 412 889 462 Quod
919 417 967 453 tu
995 414 1042 454 in
1070 416 1259 469 epistola
1288 416 1483 471 appellas
1513 428 1594 456 suo

100 473 302 524 nomine,
331 471 407 512 ille
437 471 601 512 tectius
628 481 813 524 penem.
880 469 971 510 Sed
1001 470 1106 525 quia
1133 473 1282 522 multi,
1324 472 1491 512 sactum
1529 475 1597 511 est

101 533 194 568 tam
224 529 517 579 obscoenum,
548 539 679 581 quam
708 525 756 565 id
784 525 993 573 verbum,
1023 539 1108 581 quo
1130 530 1178 566 tu
1204 541 1306 568 usus
1337 542 1394 568 es.
1454 526 1595 578 Quid,

100 583 222 637 quod
260 583 389 638 vulgo
428 583 618 634 dicitur,
673 579 789 624 Cum
824 594 914 624 uos
965 584 1013 624 le
1055 582 1283 625 voluimus
1323 582 1596 632 convenire,

103 653 208 679 num
237 640 504 680 obscoenum
534 638 629 679 est?
674 638 887 690 Memini,
932 637 977 677 in
1007 643 1161 679 senatu
1191 639 1408 680 disertum
1438 652 1597 680 consu-

101 696 242 735 larem
268 696 330 736 ita
349 695 516 750 eloqui:
546 692 691 736 Hanc
711 695 891 749 culpam
911 693 1147 748 maiorem,
1180 707 1242 737 cm
1263 695 1386 736 illam
1409 691 1599 737 dle-am?

103 751 246 805 potuit
286 750 575 792 obscoenius?
630 750 760 805 Non,
807 750 981 804 inquis:
1030 763 1118 791 non
1168 752 1287 791 enim
1335 751 1399 791 ita
1447 752 1596 792 sensit.

100 807 203 849 Non
243 821 351 862 ergo
392 808 438 848 in
475 807 610 850 verbo
650 810 730 847 est.
800 805 952 847 Docui
990 810 1138 848 autem
1176 806 1222 848 in
1262 820 1311 848 re
1350 820 1437 847 non
1476 821 1597 848 esse:

103 876 320 917 nusquam
349 863 487 918 igitur
516 867 595 904 est.
664 860 856 904 Liberis
887 861 1005 903 dare
1035 874 1225 916 operam
1254 875 1386 918 quam
1416 863 1598 904 honeste

103 919 294 961 dicitur?
345 921 479 960 etiam
516 923 665 974 patres
705 922 865 972 rogant
904 918 1048 959 filios:
1098 919 1193 959 eius
1238 933 1400 974 operae
1439 933 1599 960 nomen

103 989 191 1016 non
220 976 386 1016 audent
415 976 582 1016 dicere.
645 974 880 1016 Socratem
908 974 1073 1015 fidibus
1104 974 1258 1016 docuit
1296 975 1601 1016 nobilissimus

101 1030 279 1072 fidicen.
349 1032 394 1072 ls
437 1030 635 1074 Connus
669 1030 890 1072 vocitatus
930 1035 1009 1071 est.
1088 1030 1210 1072 Num
1250 1031 1297 1073 id
1335 1032 1602 1073 obscoenum

103 1092 230 1140 putas
244 1089 259 1129 ’ἴ
310 1085 458 1136 Quum
491 1087 716 1141 loquimur
753 1086 904 1139 terni,
948 1086 1058 1127 nihil
1099 1087 1262 1141 flagitii
1303 1087 1516 1129 dicimus:
1555 1092 1604 1129 at

105 1157 238 1197 quum
271 1141 391 1200 bini,
446 1144 714 1185 obscoenum
762 1148 844 1184 est.
934 1143 1121 1184 Graecis
1160 1144 1363 1198 quidem,
1411 1143 1601 1199 inquies.

105 1198 232 1240 Nihil
263 1205 329 1240 est
359 1213 465 1253 crgo
495 1200 542 1240 in
570 1200 734 1251 verbo,
775 1198 984 1253 quoniam
1024 1204 1068 1239 et
1107 1213 1188 1254 ego
1230 1200 1401 1241 Graece
1431 1202 1525 1241 scio
1557 1205 1602 1242 et

105 1260 254 1296 tamen
283 1255 365 1295 tibi
394 1257 522 1309 dico,
565 1253 688 1297 bz‘nz‘:
726 1253 858 1309 idque
885 1259 933 1295 tu
964 1254 1102 1307 sacis,
1140 1256 1267 1310 quasi
1296 1270 1377 1311 ego
1409 1257 1600 1309 Graece,

103 1324 193 1352 non
229 1311 389 1352 Latine
428 1311 632 1352 dixerim.
708 1308 841 1352 Ruta
880 1315 923 1352 et
959 1314 1143 1368 meula,
1191 1316 1314 1353 recte
1353 1316 1601 1367 utrumque.

104 1366 226 1408 Volo
255 1370 448 1409 mentam
479 1367 684 1421 pusillam
712 1366 777 1408 ita
805 1367 1054 1421 appellare,
1085 1373 1133 1407 ut
1160 1369 1391 1410 rutulam.-
1430 1383 1519 1409 non
1549 1369 1602 1409 li-

104 1426 190 1464 cet.
248 1422 374 1464 Bella
403 1423 676 1466 tectoriola:
713 1422 786 1462 dic
809 1437 915 1477 ergo
938 1424 1071 1463 etiam
1099 1424 1369 1477 pavimenta
1395 1425 1482 1466 isto
1507 1439 1602 1465 mo-

106 1480 190 1529 do3
231 1493 317 1520 non
356 1484 495 1533 potes,
565 1479 731 1520 Viden’
762 1479 901 1533 igitur
938 1478 1052 1519 nihil
1092 1493 1212 1532 esse,
1257 1480 1346 1521 nisi
1383 1481 1602 1535 ineptias?

106 1534 425 1589 turpitudinem
455 1548 536 1576 nec
564 1534 609 1575 in
640 1536 778 1576 verbo
807 1549 903 1576 esse
934 1549 1015 1576 nec
1044 1536 1092 1575 in
1115 1549 1184 1578 re:
1204 1535 1364 1590 *itaque
1386 1551 1601 1591 nusquam

110 1604 224 1632 esse.
283 1591 430 1645 Igitur
457 1591 502 1631 in
531 1590 679 1631 verbis
708 1590 909 1632 honestis
938 1592 1161 1632 obscoena
1191 1593 1409 1647 ponimus.
1480 1593 1602 1643 Quid

107 1647 252 1688 enim!
281 1660 368 1687 non
390 1646 625 1688 honestum
654 1648 834 1688 verbum
865 1651 931 1688 est
952 1645 1161 1690 divisio?
1200 1649 1259 1690 At
1278 1650 1393 1691 inest
1421 1650 1603 1692 obscoe-

109 1776 211 1806 esse,
236 1765 497 1810 quodcumque
524 1766 573 1798 sit
599 1764 677 1798 eius
705 1771 872 1809 etymon.
905 1765 1013 1799 SCH.
1052 1783 1098 1790 —
1131 1765 1219 1800 Piso
1253 1767 1394 1810 Frugi,
1428 1767 1491 1813 qui
1524 1767 1605 1801 sine

110 1821 249 1847 ornatu
283 1813 434 1858 scripsit
467 1813 681 1846 historiam.
720 1813 924 1848 MANUT.
960 1812 1053 1849 vid.
1089 1814 1134 1847 de
1170 1815 1274 1851 Orat.
1308 1816 1361 1853 ΙΙ,
1402 1818 1458 1851 12.
1499 1819 1603 1850 Brut.

112 1873 145 1895 c.
173 1864 234 1897 27.
261 1862 410 1895 Tuscul.
439 1861 509 1902 ΙΙΙ,
536 1863 569 1902 8,
599 1864 653 1896 16.
682 1862 740 1902 20,
768 1863 825 1897 48.
876 1862 1020 1896 Consul
1046 1861 1118 1895 fuit
1144 1874 1176 1897 a.
1203 1875 1239 1900 u.
1268 1876 1302 1900 c.
1330 1865 1414 1899 621.
1468 1865 1604 1899 Cicero

109 1910 322 1953 significat,
349 1921 460 1955 quum
488 1911 602 1943 hodie
629 1910 737 1955 penis
761 1910 812 1943 sit
837 1909 874 1942 in
902 1910 1097 1951 obscenis,
1130 1913 1299 1945 nondum
1324 1912 1378 1945 ita
1402 1913 1517 1946 fuisse
1543 1915 1606 1947 Pi-

111 1959 214 1992 sonis
241 1965 388 1997 aetate,
416 1958 552 2003 quippe
580 1959 641 2003 qui
668 1970 743 1990 non
770 1958 1000 1992 dubitaverit
1025 1959 1099 1992 hoc
1125 1961 1347 1994 vocabulum
1372 1961 1412 1994 in
1447 1962 1606 1996 historia

112 2018 265 2052 ponere.
293 2006 401 2040 SCH.
427 2026 471 2031 —
508 2007 594 2050 quia
623 2006 729 2040 multi
761 2006 894 2040 deinde
929 2008 1002 2041 hoc
1034 2008 1258 2042 vocabulum
1291 2019 1531 2054 usurparunt.
1559 2031 1605 2036 —

113 2066 180 2098 quo
207 2059 244 2088 ίιι
268 2065 353 2088 usus
378 2066 414 2088 es
438 2055 518 2091 scil.
548 2056 712 2088 menlula.
741 2073 784 2080 -
815 2056 904 2088 Cum
929 2067 1007 2092 nos.
1059 2057 1130 2089 Hic
1160 2057 1248 2090 Cum
1272 2060 1482 2092 necessario
1509 2061 1607 2093 scri-

110 2103 277 2137 bendum
305 2110 398 2137 erat.
450 2104 639 2137 Discimus
667 2103 758 2136 hinc
785 2114 865 2136 cum
891 2110 928 2137 et
954 2115 1072 2148 quom,
1101 2116 1205 2149 quum
1231 2106 1364 2139 eodem
1385 2107 1499 2140 modo
1518 2119 1606 2152 pro-

112 2153 283 2185 nuntiata
315 2163 394 2184 esse
429 2163 450 2185 a
484 2152 679 2186 Cicerone.
717 2151 790 2185 OR.
826 2153 906 2196 Vgl.
940 2153 1043 2186 Orat.
1071 2165 1104 2186 c.
1132 2154 1191 2189 45.
1226 2155 1408 2200 Quinctil.
1439 2156 1542 2197 VIII,
1569 2158 1607 2198 2,

113 2201 170 2235 45.
224 2201 301 2233 Das
329 2199 420 2232 Cum
444 2210 509 2233 nos
535 2200 645 2245 klang
671 2200 755 2232 dem
782 2211 917 2234 cunnus
943 2201 1114 2235 ahnlich.
1145 2220 1193 2226 —
1231 2204 1387 2248 culpam.
1422 2205 1484 2237 Sic
1521 2205 1606 2243 Md.

117 2251 217 2282 Crat.
256 2249 353 2281 vict.
391 2251 424 2284 l.
452 2250 489 2284 2.
527 2250 659 2282 Lamb.
699 2249 833 2282 Graev.
870 2250 1018 2293 pulpam
1051 2251 1167 2295 Neap.
1202 2251 1296 2289 Ern.
1331 2252 1475 2290 Bened.
1511 2252 1607 2292 Sch.

112 2297 209 2330 Liin.
259 2296 330 2330 Sed
356 2297 545 2341 quomodo
571 2298 644 2330 hoc
680 2303 830 2330 senator
859 2298 899 2330 in
938 2299 1069 2331 ordine
1109 2299 1340 2343 amplissimo
1376 2301 1504 2334 dicere
1535 2313 1606 2347 po-

113 2345 252 2385 tnerit,
279 2345 457 2390 equidem
483 2357 554 2378 non
581 2351 727 2390 exputo.
764 2347 850 2380 Scil.
884 2347 1132 2392 pronuntiato
1166 2347 1278 2381 lzancc
1311 2349 1454 2392 vlpam,
1496 2361 1540 2383 ac
1566 2361 1605 2394 p.

113 2393 286 2427 molliore
314 2404 427 2435 sono,
462 2401 543 2428 erat
569 2395 672 2440 quasi
701 2393 793 2427 lianc
827 2395 986 2436 ηιίιάηις
1020 2396 1059 2428 in
1094 2407 1214 2440 eoque
1250 2398 1500 2433 obscoenitas.
1530 2398 1606 2432 OR.

114 2459 161 2466 -
186 2452 255 2475 non
272 2441 361 2475 enim
386 2456 437 2474 z:
461 2449 500 2476 at
517 2455 606 2477 non.
650 2443 768 2476 oder:
794 2444 879 2477 Non
896 2445 977 2480 scil.
1000 2445 1164 2478 obscene
1182 2445 1298 2478 dixit:
1324 2456 1394 2478 non
1413 2446 1511 2479 enim
1532 2453 1605 2480 cet.

210 2509 247 2543 3.
276 2507 355 2542 Lib.
390 2509 424 2544 d.
460 2521 564 2553 oper.
591 2524 641 2542 Ξ
673 2511 909 2545 τεκνοποιεῖν.
946 2530 987 2536 -
1023 2510 1119 2545 nihil
1143 2513 1294 2555 flagilii
1318 2527 1367 2545 Ξ
1399 2520 1522 2559 turpe.
1558 2533 1607 2540 —-

114 2555 204 2590 bini.
249 2557 393 2602 Nempe
419 2559 509 2603 quia
536 2559 683 2593 Graece
707 2557 805 2603 βινεῖ
830 2566 887 2593 est
912 2560 1133 2593 obscenum.
1161 2580 1204 2585 —
1232 2561 1418 2604 quoniam,
1447 2564 1518 2596 wie
1544 2574 1605 2608 ep.

114 2606 197 2645 657,
229 2607 257 2639 1.
285 2624 329 2629 —
366 2616 435 2638 non
462 2607 566 2648 licet,
602 2607 690 2653 quia
714 2609 1026 2653 pronuntiaretur
1052 2609 1219 2642 mentula.
1254 2628 1299 2634 —-
1336 2610 1458 2645 Bella.
1509 2613 1606 2645 For-

114 2659 230 2687 tasse:
265 2654 370 2686 belle.
397 2653 591 2690 ORELLI.
619 2675 663 2681 —
689 2666 760 2689 non
781 2661 905 2699 potes,
931 2668 1016 2690 nam
1042 2663 1190 2690 sonaret
1205 2658 1466 2703 pavimenlula.
1494 2659 1605 2694 SGII.

212 2702 246 2735 4.
273 2702 410 2744 Igilur.
435 2702 556 2748 Neap.
583 2704 667 2738 Asc.
695 2707 727 2739 1.
754 2706 887 2741 Lamb,
938 2706 1043 2747 Ergo
1070 2705 1180 2739 initio
1207 2707 1358 2750 periodi
1391 2707 1513 2749 igilur
1544 2709 1604 2741 vi-

114 2751 243 2784 taturi.
272 2749 472 2786 ORELLI.
497 2769 545 2777 —·
570 2753 623 2785 Al
648 2753 848 2795 (vocabulo
874 2753 1025 2796 divisio)
1052 2753 1146 2787 inest
1172 2755 1359 2790 obscenum
1390 2756 1474 2790 scil.
1509 2756 1603 2791 risio
