1795 3086
582 88 894 132 EPISTOLA
926 86 1151 131 DCCLV.
1498 89 1580 136 191

109 204 217 244 laris
259 208 302 243 ct
332 204 440 244 bene
470 199 688 255 acceptis;
738 213 790 239 nc
830 200 876 238 in
920 214 989 240 me
1031 199 1304 242 stomachum
1342 207 1583 257 erumpant,

109 273 241 313 quum
270 260 358 299 sint
388 258 470 299 tibi
500 257 622 298 irati.
693 255 762 296 De
793 254 1025 302 Cicerone,
1064 257 1197 298 velim
1228 257 1290 296 ita
1320 257 1391 301 sit,
1430 264 1474 298 ut
1506 272 1580 298 au-

110 315 288 356 «nimus.
347 315 416 354 De
447 313 647 357 Xenone,
675 323 824 351 coram
855 323 1142 363 cognoscam:
1174 324 1436 366 quamquam
1466 313 1580 353 nihil

110 371 165 410 ab
213 384 265 410 eo
318 370 511 410 arbitror
559 381 699 422 neque
749 366 1042 420 indiligenter
1090 381 1230 421 neque
1282 366 1578 409 illiberaliter.

111 427 180 466 De
214 426 408 472 Herode,
435 424 615 470 faciam,
652 427 700 463 ut
729 421 937 462 mandas:
987 426 1032 462 et
1062 434 1128 468 ea,
1166 436 1277 475 quae
1317 423 1490 467 scribis,
1526 437 1583 465 ex

110 482 293 522 Saufeio
332 486 377 521 et
414 494 437 520 e
466 479 653 520 Xenone
688 491 965 532 cognoscam.
1044 476 1115 516 De
1153 479 1209 526 Q.
1253 477 1365 524 filio,
1414 478 1581 532 gaudeo

111 538 191 577 tibi
235 550 350 576 meas
391 536 548 576 literas
588 535 712 589 prius
749 546 776 573 a
815 531 1049 574 tabellario
1092 545 1192 573 meo
1230 546 1359 586 quam
1396 536 1451 574 ab
1488 535 1585 588 ipso

111 592 332 632 redditas:
361 604 625 645 quamquam
654 594 698 630 te
730 588 843 629 nihil
876 588 1124 630 fefellisset.
1191 588 1522 629 Verumtamen.
1546 620 1553 627 .
1575 618 1584 628 .

110 648 197 687 Sed
229 651 456 701 exspecto,
485 645 594 700 quid
625 647 706 686 ille
735 649 897 690 tecum,
925 643 1033 699 quid
1061 648 1110 684 tu
1138 643 1364 692 vicissim3
1395 658 1477 684 nec
1506 646 1585 685 du-

109 704 218 747 bito,
266 702 372 756 quin
412 715 492 742 suo
530 715 653 742 more
689 705 890 755 uterque.
950 698 1040 740 Sed
1082 711 1157 739 eas
1202 698 1356 740 literas
1400 700 1584 740 Curium

112 758 224 798 mihi
255 770 386 811 spero
415 757 718 798 redditurum:
749 756 828 810 qui
859 755 1054 809 quidem,
1083 753 1169 795 etsi
1198 768 1277 808 per
1304 767 1351 794 se
1380 759 1447 795 est
1468 768 1584 795 ama-

109 814 216 852 bilis
247 825 273 852 a
301 827 458 866 meque
499 813 722 867 diligitur,
763 817 910 853 tamen
949 810 1122 851 accedit:
1161 822 1345 864 magnus
1384 811 1585 850 cumulus

109 869 503 909 commendationis
533 873 644 910 tuae.
713 867 879 907 Literis
916 867 1005 907 tuis
1046 866 1157 907 satis
1195 879 1455 919 responsum
1496 871 1583 906 est:

110 937 224 963 nunc
254 924 372 975 audi,
403 924 536 978 quod,
575 923 660 963 etsi
701 921 909 975 intelligo
947 921 1087 962 scribi
1127 934 1306 962 necesse
1347 935 1434 962 non
1475 932 1584 972 esse,

109 981 256 1019 scribo
287 985 442 1019 tamen.
502 978 652 1019 Multa
681 992 751 1018 me
790 983 966 1019 movent
1004 977 1050 1017 in
1090 976 1308 1029 discessu,
1347 977 1394 1017 in
1431 977 1587 1030 primis

110 1034 374 1079 mehercule,
402 1035 519 1088 quod
551 1034 761 1086 ‹liiungor
789 1047 814 1073 a
841 1038 899 1074 te.
973 1032 1128 1075 Movet
1164 1032 1297 1074 etiam
1338 1033 1585 1086 navigatio—

110 1091 178 1129 nis
226 1091 361 1142 labor,
415 1091 585 1130 alienus
622 1102 708 1129 non
758 1090 811 1129 ab
850 1092 994 1129 aetate
1032 1089 1178 1129 solum
1216 1093 1382 1139 nostra,
1431 1101 1585 1129 verum

110 1146 242 1184 etiam
295 1158 320 1184 a
368 1145 608 1197 dignitate3
665 1149 925 1199 tempusque
979 1143 1201 1184 discessus
1250 1143 1581 1184 subabsurdum.

111 1199 424 1253 Relinquimus
455 1201 570 1239 enim
599 1212 764 1254 pacem,
792 1204 840 1239 ut
860 1200 916 1240 ad
934 1200 1098 1239 bellum
1117 1203 1416 1247 revertamur;
1447 1199 1584 1253 quod-

110 1269 193 1308 que
224 1253 436 1308 temporis
465 1256 511 1295 in
542 1255 785 1310 praediolis
816 1255 980 1296 nostris
1019 1260 1064 1295 et
1104 1255 1220 1294 belle
1262 1254 1513 1295 aedificatis
1541 1258 1585 1294 et

110 1312 218 1351 satis
248 1311 442 1350 amoenis
474 1311 671 1351 consumi
703 1311 862 1364 potuit,
905 1310 952 1350 in
982 1310 1339 1364 peregrinatione
1370 1311 1583 1350 consumi-

109 1380 219 1407 mus,
278 1366 578 1406 Consolantur
617 1365 753 1406 haec:
803 1370 880 1406 aut
918 1365 1199 1420 proderimus
1247 1366 1418 1420 aliquid
1456 1365 1583 1405 Cice-

108 1422 204 1461 roni
235 1426 323 1473 aut,
353 1427 560 1474 quantum
591 1421 750 1476 profici
779 1422 935 1475 possit,
967 1421 1278 1461 iudicabimus.
1332 1421 1506 1461 Deinde
1536 1426 1582 1461 tu

107 1478 208 1529 iam,
238 1482 285 1516 ut
315 1490 445 1530 spero
477 1482 522 1518 ct
560 1483 608 1517 ut
638 1477 880 1531 promittis,
920 1476 1084 1518 aderis.
1155 1476 1288 1526 Quod
1328 1477 1507 1531 quidem
1545 1476 1582 1516 si

105 1660 190 1697 gnte
224 1654 472 1701 Bewirthung
505 1654 692 1689 sr‘dhlich.
750 1655 848 1688 Eine
885 1654 1160 1702 hysterologia.
1195 1655 1232 1690 S.
1261 1655 1410 1689 Ramsh.
1444 1656 1472 1698 §.
1501 1657 1582 1691 206.

107 1704 145 1739 B,
172 1704 203 1736 3.
242 1723 282 1727 —
324 1707 425 1734 stom.
454 1714 604 1746 erump„
630 1703 717 1737 ihre
743 1703 853 1737 Galle
880 1704 1078 1737 auslassen.
1116 1724 1158 1730 —
1199 1704 1307 1746 irati,
1333 1703 1432 1747 quod
1459 1704 1582 1736 minus

106 1750 205 1783 laute
230 1761 247 1781 a
276 1756 311 1783 te
333 1750 475 1794 accepti
504 1751 592 1784 sint.
645 1751 821 1785 Suaviter
847 1752 1004 1786 iocatur.

199 1822 302 1856 2—3.
338 1821 394 1853 De
411 1822 582 1854 Cicerone
609 1822 690 1856 filio
713 1834 809 1857 meo.
837 1843 880 1848 —
909 1824 1117 1863 deXenone,
1143 1834 1264 1856 coram
1292 1824 1580 1869 cogn.(persiin-

109 1867 189 1901 lich
217 1869 502 1910 untersuchen),
529 1881 643 1913 qunm
672 1871 835 1905 Athenas
865 1883 1018 1915 venero,
1064 1871 1144 1905 scil.
1186 1882 1404 1917 cognoscam
1445 1884 1490 1904 an
1515 1883 1580 1904 ve-

107 1928 190 1949 rum
217 1917 266 1950 sit
292 1928 375 1949 euin
410 1918 489 1950 tilio
525 1929 609 1951 meo
646 1920 845 1963 pecuniam
880 1921 1052 1966 γλίσχροις
1086 1918 1309 1963 praebuisse.
1340 1920 1449 1953 SCH.
1495 1920 1577 1952 Vid.

108 1976 164 2009 ep.
192 1966 271 2005 748,
298 1966 329 1998 5.
358 1982 399 1988 --
425 1966 672 2007 illc'lteraliler‚
698 1967 1021 2015 knickerig.Erg.
1047 1969 1187 2000 sactum
1212 1977 1301 2001 esse.
1340 1985 1382 1991 —
1428 1967 1481 2000 De
1505 1968 1579 2000 He-

108 2012 193 2045 rode
221 2011 376 2045 Athenis
400 2020 583 2047 vet-santo.
630 2014 666 2047 S.
695 2026 751 2059 ep.
778 2017 859 2055 745,
881 2007 917 2049 3.
963 2034 1004 2039 ——
1043 2015 1190 2059 faciam
1214 2015 1295 2048 scil.
1322 2026 1437 2060 quum
1463 2015 1579 2049 Athe-

107 2072 170 2093 nas
198 2071 345 2093 venero.
377 2078 416 2084 —
446 2072 489 2093 cuc
513 2062 682 2104 Saufeio,
708 2064 772 2107 qui
800 2064 912 2097 etiam
940 2070 1020 2096 tum
1047 2062 1205 2096 Athenis
1233 2069 1321 2096 erat.
1356 2062 1394 2096 S.
1421 2074 1479 2107 ep.
1497 2065 1580 2104 711,

105 2109 137 2143 2.
166 2107 241 2142 bes.
269 2110 349 2149 702,
376 2110 397 2142 4
422 2120 481 2140 am
509 2109 627 2143 Ende.
657 2129 697 2134 —
726 2123 832 2155 quam
858 2113 902 2143 ab
929 2111 1021 2154 ipso.
1056 2110 1252 2157 Significat
1276 2111 1472 2156 epistolam
1499 2112 1581 2148 749,

106 2166 215 2198 quam
243 2156 282 2197 Q.
309 2155 390 2189 filio
416 2156 459 2188 ad
488 2157 652 2190 Atticum
675 2159 936 2202 perferendam
965 2158 1130 2192 dederat.
1177 2159 1253 2191 Csr.
1281 2170 1339 2203 ep.
1367 2160 1449 2201 748,
1475 2160 1508 2194 6.
1536 2177 1578 2183 -

111 2203 361 2236 Verumtamen
387 2204 467 2237 scil.
496 2205 629 2238 melius
665 2206 715 2239 ita
741 2213 807 2240 est.
858 2206 1105 2251 Aposiopesis.
1152 2224 1199 2231 —
1235 2210 1347 2239 tecum
1383 2204 1579 2240 locuturus

107 2250 166 2291 sit,
194 2250 338 2284 locutus
363 2252 492 2285 fuerit.
520 2271 565 2277 -—-
592 2254 751 2287 vicissim
778 2266 862 2288 cum
891 2267 944 2288 eo.
982 2273 1022 2277 —
1056 2265 1119 2287 suo
1148 2265 1245 2287 more
1271 2258 1429 2298 uterque,
1456 2260 1496 2288 tu
1522 2266 1579 2288 sa-

106 2297 269 2341 pienter,
295 2300 367 2345 ill-e
393 2300 519 2334 stulte.
554 2302 757 2335 MANUT.
802 2321 843 2327 —·
887 2314 947 2335 cas
974 2303 1114 2338 literas.
1155 2303 1264 2336 einen
1288 2302 1398 2335 Brief
1421 2301 1582 2335 ‹lariiber

108 2355 178 2376 von
204 2345 285 2378 Dir.
334 2346 434 2379 Uber
461 2347 596 2382 Curius
623 2361 651 2383 s.
677 2350 721 2382 ad
747 2350 885 2383 Famil.
916 2351 995 2394 Vll,
1022 2352 1078 2386 29.
1104 2352 1162 2385 30.
1195 2350 1278 2391 xll,
1307 2352 1359 2385 17.
1396 2349 1498 2392 XIII,
1526 2351 1578 2384 17.

106 2393 164 2426 50.
192 2392 286 2433 XVI,
312 2393 344 2426 4.
370 2394 402 2427 5.
428 2395 462 2428 9.
490 2395 534 2427 ad
559 2397 671 2430 Attic-
699 2399 786 2438 Vll,
812 2399 845 2432 2.

153 2507 160 2513 Ι
202 2462 235 2493 4.
284 2467 438 2502 movent,
463 2463 617 2504 riihrcn,
643 2466 902 2501 bekiimmern.
933 2485 973 2492 —
1001 2467 1038 2500 in
1065 2467 1234 2508 discessu,
1262 2468 1319 2500 bei
1346 2466 1495 2499 meiner
1508 2467 1578 2500 Ab-

108 2519 202 2540 reise
230 2508 325 2541 nach
351 2510 643 2545 Griechenland.
673 2533 713 2538 —-
741 2515 891 2557 alienus,
916 2516 1168 2549 unvereinbar
1194 2517 1276 2550 mit.
1303 2527 1335 2547 (ι.
1365 2532 1406 2538 -
1442 2515 1576 2556 dignit.

108 2556 180 2588 Ein
208 2556 390 2590 Consutax-
416 2559 482 2590 auf
503 2571 540 2593 so
567 2559 721 2593 kleinen
753 2560 1014 2607 Fahrzeugen,
1051 2571 1163 2597 unter
1201 2563 1347 2596 Gefahr
1376 2572 1451 2595 von
1488 2562 1577 2596 See-

107 2604 267 2636 rkiubern
294 2605 510 2650 angefallen
544 2619 590 2640 zu
614 2608 769 2641 werden
794 2621 829 2640 u.
854 2621 882 2642 s.
907 2613 978 2644 w.!
1021 2630 1065 2637 —-
1105 2611 1327 2649 snbabsurd.‚
1361 2610 1422 2642 ein
1448 2611 1578 2659 wenig-

107 2650 278 2703 linkisch
305 2652 483 2698 gew'a'hlt.
513 2673 556 2678 —
589 2657 705 2698 poluit
732 2669 779 2686 :s
806 2659 981 2700 potuerit.
1023 2678 1066 2683 ——
1110 2659 1349 2692 consolantur
1368 2664 1503 2692 tamen.
1532 2676 1574 2682 —

106 2700 240 2740 profici
263 2711 281 2732 a
308 2711 378 2733 me.
430 2718 470 2726 -—
521 2702 640 2745 indic„
666 2703 821 2738 werden
847 2705 922 2739 wir
949 2707 1017 2739 mit
1043 2707 1200 2751 eigenen
1227 2706 1354 2749 Augen
1379 2705 1504 2739 seben.
1531 2726 1573 2732 -—

109 2748 196 2788 iam,
225 2747 319 2787 bald,
348 2749 385 2780 in
413 2748 579 2782 kurzem.
610 2771 650 2777 —
688 2750 809 2785 aderis
834 2752 857 2785 i.
885 2764 911 2786 e.
944 2755 1068 2787 venies
1091 2748 1135 2785 ‘in
1161 2754 1324 2798 Epirum
1348 2764 1391 2786 ac
1416 2755 1574 2788 fortasse
