1795 3086
365 68 690 135 ἘΡΙΞΤΟιΑ
729 84 981 131 nchvi.
1012 84 1293 132 Dchvn.
1484 89 1572 138 195

100 205 282 249 celavit:
334 206 378 244 te
420 200 599 256 quidem
650 211 735 238 non
783 197 971 243 videtur.
1055 198 1228 241 Ventus
1270 198 1569 244 increbrescit.

100 265 246 315 Cura,
274 262 322 302 ut
349 257 510 301 ⁷valeas.
541 268 638 299 xm.
669 253 769 296 Kal.
799 254 963 296 Sextil.
1007 254 1155 300 Velia.

266 477 581 525 EPISTOLA
620 471 893 519 DcoLv‘n.
952 473 1029 526 (ad
1057 472 1161 516 Div.
1191 473 1296 515 v11.
1326 477 1411 527 19.)

263 559 353 594 Dat,
379 554 527 599 Rhegio
552 554 600 587 V.
625 552 706 586 Kal.
731 551 832 585 Sext.
859 551 899 584 A.
926 550 967 583 U.
999 551 1039 582 C.
1067 549 1147 582 710.
1200 548 1248 589 (a.
1277 549 1318 584 C.
1346 552 1418 592 44.)

152 625 329 662 Trebatio
353 623 497 659 librum
519 619 755 666 Topicorum
780 616 900 651 mittit
925 616 966 649 in
991 615 1128 649 itinere
1151 624 1173 647 a
1198 613 1311 648 Velia
1335 616 1529 660 scriptum.

580 685 766 723 CICERO
791 683 1046 718 TREBATIO
1070 681 1106 717 S.

217 759 362 811 Vide,
391 756 545 812 quanti
575 754 694 809 apud
722 767 793 794 me
822 754 908 802 sis,
938 751 1021 793 etsi
1051 752 1148 792 iure
1179 750 1227 792 id
1257 750 1461 806 quidem:
1491 765 1579 793 non

106 817 224 858 enim
253 821 297 857 te
325 828 475 856 amore
502 813 646 853 vinco.
717 809 1038 850 Verumtamen
1076 807 1195 861 quod
1233 808 1457 861 praesenti
1495 808 1579 849 tibi

106 885 242 927 prope
270 871 583 923 subnegaram,
622 879 710 906 non
748 866 990 906 tribueram
1025 868 1168 915 certe,
1207 862 1255 903 id
1295 864 1468 904 absenti
1502 864 1578 904 de-

108 930 213 969 bere
241 940 328 967 non
357 925 495 979 potui.
552 923 733 976 Itaque,
761 926 810 961 ut
838 920 1027 974 primum
1046 919 1182 960 Velia
1201 918 1409 972 navigare
1439 920 1580 973 coepi,

107 983 282 1023 institui
304 980 480 1034 Topica
497 976 768 1018 Aristotelea
785 977 1066 1017 conscribere
1080 1007 1093 1027 ‚
1122 976 1175 1015 ab
1194 975 1293 1029 ipsa
1321 976 1428 1015 urbe
1456 989 1578 1016 com-

106 1039 298 1078 monitus
326 1034 626 1077 amantissima
654 1032 736 1073 tui.
805 1033 920 1073 Eum
950 1033 1113 1072 librum
1142 1031 1223 1071 tibi
1254 1030 1357 1071 misi
1387 1030 1582 1083 Rhegio,

107 1094 345 1147 scriptum,
396 1104 526 1145 quam
564 1088 818 1143 planissime
856 1101 928 1128 res
967 1088 1051 1129 illa
1092 1086 1232 1128 scribi
1271 1087 1429 1140 potuit.
1499 1087 1583 1128 Sin

107 1149 191 1190 tibi
244 1146 459 1202 quaedam
505 1145 770 1187 videbuntur
818 1143 1104 1195 obscuriora,
1154 1142 1354 1196 cogitare
1400 1142 1583 1183 debebis

108 1204 277 1245 nullam
307 1207 449 1244 artem
477 1201 619 1242 literis
657 1201 753 1240 sine
794 1199 1038 1252 interprete
1075 1202 1122 1239 et
1149 1199 1244 1238 sine
1271 1198 1423 1252 aliqua
1452 1211 1585 1238 exer-

109 1260 322 1300 citatione
352 1258 524 1311 percipi
554 1270 697 1310 posse.
768 1254 868 1296 Non
903 1255 1032 1308 longe
1060 1253 1250 1295 abieris:
1288 1267 1391 1294 num
1420 1254 1488 1294 ius
1518 1253 1583 1294 ci-

109 1316 202 1357 vile
242 1317 436 1355 vestrum
474 1326 534 1353 ex
570 1312 697 1352 libris
737 1310 946 1364 cognosci
982 1309 1153 1363 potest!
1204 1309 1281 1363 qui
1320 1321 1584 1363 quamquam

111 1370 294 1426 plurimi
333 1372 457 1421 sunt,
502 1368 730 1409 doctorem
771 1371 916 1407 tamen
953 1378 1265 1421 nonnunquam
1314 1364 1584 1407 desiderant.

110 1523 257 1570 Ioseph.
283 1522 390 1565 XIV,
419 1525 474 1558 11.
502 1543 545 1550 -
571 1534 641 1556 non
665 1521 805 1567 videtur
830 1521 991 1561 celasse,
1025 1521 1113 1567 quia
1137 1527 1175 1555 te
1200 1520 1307 1554 video
1333 1519 1417 1553 sine
1442 1520 1587 1554 valetu-

112 1573 208 1606 dinis
235 1572 371 1605 damno
396 1571 552 1616 largiter
579 1571 710 1611 cdere,
744 1570 786 1603 ut
812 1581 854 1604 ex
880 1570 1042 1603 lectione
1066 1569 1166 1603 illius
1189 1568 1280 1602 libri
1305 1568 1463 1602 multum
1488 1568 1587 1602 mihi.

113 1620 318 1666 profecisse
344 1619 516 1652 videaris.
542 1618 648 1654 SCH.
676 1637 719 1642 —
746 1618 982 1651 increbrescit
1006 1631 1055 1649 z
1078 1617 1296 1651 increbescz't
1320 1616 1406 1650 Asc.
1426 1618 1455 1650 1.
1485 1619 1585 1650 Crat.

113 1670 248 1702 Graev.
276 1668 368 1701 Ern.
396 1669 550 1701 Lunem.
580 1666 793 1709 ORELLI„
819 1666 886 1699 der
903 1666 1019 1700 x‚Vind
1045 1665 1140 1700 wird
1164 1664 1300 1707 frisch,
1326 1664 1499 1698 schwellt
1524 1664 1589 1698 die

111 1716 240 1762 Sege13
267 1722 307 1749 ut
331 1726 419 1749 mox
443 1727 503 1749 me
529 1717 792 1761 navigaturum
817 1725 975 1760 sperem.
1008 1732 1053 1739 -
1087 1713 1206 1749 XIII.
1233 1713 1321 1748 Kal.
1346 1712 1496 1756 Sextil„
1527 1723 1589 1748 am

111 1767 174 1803 20.
199 1764 326 1801 lulius.

208 1833 243 1868 1.
274 1831 422 1873 subneg.
452 1856 463 1867 .
492 1857 499 1866 .
526 1830 733 1864 tribueram.
790 1831 938 1875 Nempe
971 1835 1014 1863 ut
1042 1839 1086 1862 ex
1124 1828 1319 1875 prooemio
1355 1828 1589 1874 Topicorum

114 1880 356 1924 intelligitur,
393 1890 505 1924 quum
539 1879 736 1912 Trebatius
770 1878 868 1924 apud
901 1878 1126 1911 Ciceronem
1159 1878 1199 1910 in
1228 1878 1444 1911 Tusculano
1476 1882 1586 1917 esset,

114 1928 252 1962 incidit
282 1927 320 1960 in
351 1927 560 1961 Aristotelis
594 1927 737 1972 Topica
770 1933 806 1959 et
830 1927 877 1959 ab
903 1937 947 1959 eo
972 1926 1124 1959 illorum
1149 1926 1334 1959 librorum
1360 1924 1588 1959 sententiam

114 1974 323 2021 requisivit.
384 1977 433 2010 Et
458 1986 571 2021 quum
598 1975 733 2009 Cicero
758 1974 794 2008 ei
823 1975 1047 2019 exposuisset
1079 1973 1318 2019 disciplinam
1342 1972 1589 2009 inveniendo—

115 2036 198 2058 rum
225 2031 534 2067 argumentorum
558 2023 664 2057 libris
689 2023 761 2056 illis
787 2023 996 2065 contineri,
1021 2022 1171 2066 rogavit
1196 2033 1282 2056 eum
1300 2021 1518 2060 Trebatius,
1543 2025 1588 2054 ut

114 2073 187 2106 sibi
212 2072 317 2106 illam
340 2072 517 2106 traderet.
577 2071 712 2104 Cicero
738 2077 883 2114 autem,
921 2072 987 2117 qui
1012 2077 1092 2104 tum
1118 2071 1223 2105 valde
1249 2077 1345 2105 esset
1371 2075 1590 2115 occupatus,

114 2121 155 2154 id
179 2120 308 2153 facere
331 2120 519 2154 recusavit
550 2119 861 2164 Trebatiumque‚
899 2127 941 2154 ut
970 2119 1027 2153 vel
1062 2119 1271 2153 Aristotelis
1303 2119 1420 2153 libros
1448 2129 1517 2164 per
1549 2127 1589 2150 se

114 2169 195 2214 ipse
219 2168 357 2214 legeret
381 2169 440 2202 vel
464 2174 583 2202 totam
607 2169 796 2202 rationem
831 2180 853 2202 a
877 2168 1098 2201 doctissimo
1123 2167 1287 2212 quodam
1312 2168 1462 2201 rhetore
1487 2165 1591 2199 acci-

115 2222 242 2261 peret,
282 2215 454 2250 hortatus
494 2222 560 2250 est.
619 2216 841 2250 Trebatium
876 2228 963 2251 vero
997 2228 1019 2249 a
1049 2215 1157 2249 libris
1192 2217 1403 2250 obscuritas
1444 2213 1590 2249 reiecit.

115 2265 259 2299 Rhetor
282 2270 407 2298 autem
436 2265 502 2298 ille
534 2263 626 2297 haec
658 2265 874 2298 Aristotelia
907 2276 946 2298 se
979 2266 1152 2309 ignorare
1186 2264 1394 2310 respondit.
1455 2264 1591 2307 Itaque

116 2312 313 2345 Trebatius
337 2313 436 2346 illius
461 2312 617 2346 rationis
651 2313 888 2358 cognitione,
924 2324 1035 2358 quam
1064 2319 1190 2346 tamen
1223 2314 1464 2347 vehementer
1491 2309 1590 2343 desi-

118 2359 292 2402 derabat,
319 2359 461 2394 diutius
488 2361 685 2401 caruisset,
721 2361 794 2394 nisi
819 2362 978 2404 Cicero,
1018 2361 1145 2394 Veliae
1177 2373 1292 2407 quum
1324 2366 1442 2399 esset,
1477 2357 1590 2391 huius

119 2408 223 2451 quasi
248 2407 345 2441 aeris
370 2408 482 2441 alieni
508 2409 724 2442 admonitus
749 2410 788 2442 in
814 2409 893 2455 ipsa
917 2409 1152 2454 navigatione
1185 2422 1224 2443 se
1249 2410 1296 2443 ad
1328 2406 1473 2452 Topica
1499 2416 1589 2438 con-

117 2454 313 2488 scribenda
339 2455 510 2490 dedisset.
535 2457 642 2491 scll.
676 2475 721 2481 --
754 2457 904 2498 debere,
937 2457 1112 2503 schuldig
1142 2458 1306 2491 bleiben.
1344 2456 1423 2500 Vgl.
1449 2453 1587 2498 Topic-

117 2513 151 2536 c·
180 2503 215 2539 l.
263 2502 377 2544 „Non
399 2505 504 2547 potui
530 2512 603 2541 cet.
638 2523 681 2528 -
716 2516 776 2538 res
808 2505 895 2549 illa,
929 2507 992 2539 ein
1030 2505 1132 2540 Stoff
1163 2506 1231 2540 der
1263 2506 1340 2538 Art.
1376 2521 1417 2527 --
1453 2499 1587 2541 literis,

117 2550 235 2582 durch
262 2550 408 2583 blossen
442 2552 703 2587 schristlichen
735 2555 917 2597 Vortrag3
954 2555 1042 2589 solis
1072 2554 1178 2587 libris
1214 2552 1395 2598 legendis.
1428 2566 1475 2573 —
1507 2548 1590 2582 Non

117 2598 226 2639 longe
251 2597 409 2642 abieris,
443 2601 559 2634 suche
584 2601 694 2635 nicht
719 2601 757 2633 in
783 2601 846 2634 der
870 2603 990 2636 Ferne
1027 2602 1136 2635 einen
1168 2603 1283 2645 Beleg
1316 2599 1424 2634 dazu.
1461 2615 1509 2622 -·-
1544 2606 1592 2629 ea:

117 2645 250 2687 libris,
283 2645 384 2679 bloss
413 2659 476 2680 aus
511 2649 697 2687 Biichern.
734 2667 776 2672 —
809 2660 1058 2695 nonnunquam
1092 2662 1135 2682 ex
1166 2650 1319 2693 antiqua
1354 2645 1592 2680 correctione

115 2693 247 2728 Lamb.
276 2695 393 2738 Beng.
422 2706 586 2740 usumque
610 2709 679 2742 pro
705 2698 798 2742 vulg.
823 2707 998 2743 unumque
1023 2699 1068 2731 de
1092 2698 1242 2741 Egnatii
1269 2694 1367 2730 coni.
1394 2695 1479 2727 Bos.
1498 2690 1591 2729 Sch.

117 2741 212 2777 Lan.
227 2742 334 2777 Falsa
356 2745 558 2787 seutentia5
582 2757 670 2780 uam
694 2746 846 2780 tametsi
869 2745 929 2779 vel
954 2747 1169 2792 paucissimi
1196 2746 1285 2779 libri
1311 2749 1443 2786 essent,
1468 2748 1594 2776 tumen

1098 2793 1195 2840 13*
