1795 3086
580 28 892 70 EPISTOLA
922 28 1128 70 DCClV.
1520 26 1580 74 87

120 141 236 194 piam
267 139 604 194 cogitationem,
645 138 854 194 quidnam
896 139 995 179 istis
1024 138 1238 192 agendum
1268 141 1438 193 putem:
1479 151 1582 178 con-

119 196 223 236 silia
261 199 505 250 temporum
542 197 667 244 sunt3
715 208 825 249 quae
867 195 909 233 in
961 194 1094 235 horas
1136 193 1399 235 commutari
1439 192 1577 233 vides.

119 251 384 292 Dolabellae
422 256 466 293 et
493 249 635 305 prima
665 250 743 290 illa
773 249 890 289 actio
921 253 966 288 et
993 248 1102 290 haee
1146 254 1301 291 contra
1341 248 1581 290 Antonium

119 307 277 347 concio
306 306 421 347 mihi
449 305 692 361 profecisse
721 304 986 359 permultum
1015 305 1202 346 videtur.
1267 305 1462 347 Prorsus
1491 303 1584 342 ibat

122 375 203 403 res.
268 361 399 403 Nunc
426 365 571 403 autem
599 360 805 403 videmur
843 358 1039 400 habituri
1083 359 1258 401 ducem:
1296 359 1415 415 quod
1453 370 1582 399 unum

118 417 360 472 municipia
388 417 578 471 bonique
607 416 875 456 desiderant.
944 413 1132 467 Epicuri
1172 417 1440 456 montionem
1470 412 1583 455 facis

117 476 163 514 et
200 473 336 514 audes
376 472 549 524 dicere,
603 475 657 521 m)
699 468 1002 511 πολιτεύεσθαιΐ
1049 468 1152 510 Non
1187 472 1231 509 te
1271 470 1402 511 Bruti
1441 468 1585 510 nostri

119 528 360 570 vulticulus
388 528 443 569 ab
472 526 559 569 ista
600 527 798 568 oratione
840 525 1062 567 deterret!
1114 524 1308 574 Quintus
1346 526 1496 577 filius,
1534 526 1586 565 ut

116 583 303 639 scribis,
332 583 515 624 Antonii
544 587 612 624 est
641 582 848 623 dextella.
917 581 1008 622 Per
1037 594 1136 621 eum
1165 580 1328 633 igitur,
1364 579 1481 634 quod
1509 593 1586 621 vo-

116 639 282 691 lemus,
332 639 467 680 facile
507 639 767 680 auferemus.
843 638 1099 691 Exspecto,
1148 635 1211 687 si,
1251 639 1301 676 ut
1341 642 1492 688 putas,
1531 634 1583 675 L.

114 694 333 736 Antonius
360 694 574 749 produxit
603 693 869 745 Octavium,
899 693 1044 747 qualis
1074 691 1228 732 concio
1250 690 1400 732 fuerit.
1461 690 1587 731 Haec

114 750 276 804 scripsi
304 749 333 802 ,ss
363 750 548 791 citatim.
610 750 771 791 Statim
800 750 915 789 enim
946 747 1092 787 Cassii
1121 746 1391 787 tabellarius.
1449 745 1587 786 Eram

118 807 329 847 continuo
358 805 527 847 Piliam
557 806 849 846 salutaturus:
890 802 1051 843 deinde
1089 802 1146 845 ad
1184 803 1337 858 epulas
1366 800 1588 853 Vestorii,

116 862 337 904 navicula.
393 861 568 902 Atticae
597 861 835 916 plurimam
864 859 1065 900 salutem.

113 1026 218 1058 cog.,
253 1017 314 1049 Du
348 1017 552 1060 verlangst‚
585 1015 649 1050 ich
681 1016 791 1050 sollte
824 1015 996 1049 darnber-
1018 1014 1282 1052 nachdenken.
1337 1012 1438 1049 Quod
1475 1021 1586 1054 rogas

111 1064 168 1097 vel
197 1064 297 1099 Quod
320 1062 484 1097 hortaris
509 1065 640 1097 Lamb.
673 1076 766 1110 susp.
829 1063 868 1098 Si
902 1064 992 1109 quid
1022 1062 1265 1105 mutandum,
1297 1061 1448 1095 mallem
1484 1060 1586 1105 equi-

113 1112 221 1145 dem:
258 1112 352 1147 Quid
375 1111 545 1156 quaeris!
569 1112 771 1156 Suscipiunt
790 1134 798 1145 .
818 1137 826 1145 .
845 1111 881 1146 ..7
909 1111 1102 1145 ORELLI.
1127 1129 1171 1136 —
1205 1110 1333 1143 consil.
1359 1113 1467 1153 temp.
1492 1112 1587 1150 cunt,

114 1165 224 1204 guter
249 1160 350 1194 Rath
375 1161 492 1204 hiingt
517 1172 585 1193 von
617 1160 688 1193 den
721 1160 1018 1193 Zeitumstzinden
1044 1159 1105 1195 ab.
1135 1177 1178 1182 —
1212 1158 1251 1191 in
1275 1156 1405 1200 horas,
1437 1156 1509 1190 mit
1531 1158 1584 1190 ie—

115 1208 183 1242 der
207 1206 367 1246 Stunde‚
400 1208 601 1241 stondlich.
637 1228 678 1233 -
712 1207 802 1241 haec
833 1211 960 1241 contra
993 1208 1036 1241 L.
1070 1205 1273 1240 Antonium
1304 1205 1450 1246 concio,
1483 1204 1586 1237 seina

113 1255 289 1289 neuliche
314 1255 416 1290 Rede
442 1266 559 1301 gegen
585 1256 628 1288 L.
655 1255 849 1289 Antonius.
874 1255 907 1288 S.
934 1267 978 1288 zu
1004 1256 1036 1300 ἕ.
1063 1255 1100 1291 2.
1126 1272 1173 1278 -—
1205 1254 1359 1287 ridetur.
1406 1252 1461 1285 An
1487 1251 1587 1287 vide-

113 1302 246 1336 batur-⁷
280 1302 475 1338 ORELLI.
508 1320 552 1329 —
593 1303 688 1346 ibat,
728 1303 815 1349 ging
849 1306 1048 1344 vorwfirts,
1082 1301 1215 1335 bekam
1251 1301 1360 1335 einen
1391 1300 1586 1346 tiichtigen

109 1351 304 1395 Schwung.

204 1400 236 1434 5.
264 1397 321 1443 μὴ
347 1395 712 1441 πολιτεύεσθαι,
738 1411 852 1442 „man
869 1401 992 1432 miisse
1019 1398 1097 1432 sicli
1124 1396 1230 1431 nicht
1254 1397 1294 1429 in
1321 1395 1585 1430 Staatssachen

113 1446 340 1486 einlassen3“
377 1447 445 1480 wie
478 1447 624 1492 Epikur
656 1447 817 1481 anrieth.
854 1466 897 1472 —
935 1451 988 1480 est
1019 1447 1195 1486 dexteHa,
1229 1445 1277 1479 ist
1310 1445 1374 1478 des
1407 1445 1586 1478 Antonius

111 1495 244 1528 rechte
270 1495 388 1527 Hand.
437 1494 673 1539 Significatnr
699 1496 877 1541 Quintum
904 1496 1022 1528 filium
1048 1495 1140 1528 adeo
1166 1504 1204 1527 se
1228 1494 1270 1526 in
1295 1492 1449 1527 Antonii
1473 1493 1587 1526 fami·

112 1543 314 1576 liaritatem
340 1543 562 1581 insinuasse,
597 1550 638 1576 ut
661 1555 729 1588 per
755 1556 840 1577 enm
873 1543 1016 1588 quidvis
1047 1543 1093 1577 ab
1125 1542 1191 1576 illo
1226 1542 1424 1586 impetrari
1456 1541 1584 1586 possit.

112 1590 217 1624 SCH.
250 1590 332 1635 Vgl.
368 1602 425 1635 ep.
463 1592 545 1632 699,
580 1592 613 1625 3.
651 1603 723 1624 om.
759 1591 914 1624 Antonii
945 1592 1024 1624 Md.
1065 1592 1181 1624 Oxon.
1216 1593 1252 1626 l.
1286 1591 1319 1625 2.
1354 1590 1439 1623 Asc.
1465 1595 1584 1634 utraq-

111 1638 215 1671 Vict.
250 1641 280 1672 1.
316 1639 349 1673 2.
410 1638 513 1671 Unde
557 1638 653 1671 mihi
695 1646 781 1672 nata
821 1639 1111 1685 est‘aliquando
1149 1637 1313 1682 suspicio
1361 1639 1609 1681 Ciceronem

110 1686 321 1730 scripsisse:
357 1686 395 1721 Q.
422 1686 461 1719 F.
487 1685 661 1721 ILLIUS
689 1688 759 1721 VT
777 1687 977 1722 SCRIBIS
1001 1688 1097 1721 EST
1117 1685 1409 1720 DEXTELLA.
1438 1686 1510 1719 ΟΒ.
1539 1704 1583 1709 -

109 1733 152 1767 L.
178 1733 359 1767 Antonius
383 1734 557 1776 produxit
584 1735 790 1777 Octavium,
817 1747 920 1768 wenn
947 1737 986 1769 1..
1004 1736 1182 1769 Antonius
1203 1734 1272 1766 den
1289 1734 1468 1767 Octavius
1494 1733 1582 1766 dem

107 1781 227 1815 Volke
252 1782 468 1826 vorgestellt
499 1782 573 1814 und
606 1783 659 1816 als
694 1783 932 1816 Volkstribun
965 1784 1049 1817 ihm
1084 1783 1145 1816 die
1175 1782 1394 1816 Erlaubniss
1427 1781 1582 1815 ertheilt

105 1830 192 1869 hat,
219 1828 278 1862 die
303 1829 585 1864 Rednerbiihne
610 1831 675 1864 aui
702 1831 786 1864 dem
810 1833 910 1864 Foro
937 1844 980 1865 zu
1004 1828 1205 1875 besteigen.
1240 1849 1284 1854 —
1317 1829 1434 1874 qualis
1465 1830 1579 1863 Octa-

109 1878 163 1910 vii
189 1878 312 1911 concio
328 1878 472 1921 suerit,
506 1877 571 1910 ich
598 1879 660 1912 bin
686 1880 772 1913 sehr
797 1880 1013 1924 neugimig,
1048 1891 1124 1913 was
1150 1879 1212 1912 fiir
1239 1879 1320 1911 eine
1354 1878 1456 1911 Rede
1483 1878 1581 1911 dann

109 1926 292 1960 Octavius
324 1926 448 1959 helien
483 1925 587 1959 wird.
647 1928 704 1960 De
744 1928 928 1961 concione
964 1939 1032 1973 per
1069 1927 1264 1960 tribunum
1307 1927 1462 1960 Octavio
1495 1926 1580 1960 data

109 1974 250 2018 agitur,
277 1974 362 2019 quia
388 1973 608 2008 concionem
632 1975 771 2009 habere
797 1975 940 2021 privato
958 1988 1032 2009 non
1051 1976 1212 2016 licebat,
1237 1974 1309 2007 nisi
1334 1981 1429 2007 esset
1453 1986 1474 2006 a
1499 1984 1579 2006 ma-

111 2022 270 2064 gistratu
295 2023 416 2067 aliquo
443 2022 656 2067 productus.
682 2023 792 2059 SCH.
817 2042 864 2047 -
890 2024 913 2066 -Ι-
939 2024 1089 2058 citatim.
1114 2023 1175 2057 Sic
1201 2022 1285 2060 cod.
1314 2023 1469 2058 Crusell.
1497 2023 1578 2056 Bos.

109 2069 197 2115 Sqq.
229 2071 260 2104 E
286 2071 542 2115 supplemento
575 2072 775 2105 arbitrario
807 2072 956 2104 fluxisse
997 2072 1147 2105 videtur
1178 2070 1272 2105 ilhid
1304 2071 1462 2110 citatim,
1503 2081 1579 2115 quo

106 2118 287 2152 vocabulo
312 2130 493 2163 nusquam
520 2118 610 2152 alias
633 2120 751 2153 utitur
780 2120 926 2153 Cicero.
978 2120 1174 2154 Exciditne
1190 2119 1333 2164 potiust
1361 2117 1579 2152 summatim?

107 2171 149 2199 ut
172 2166 277 2200 Libr.
295 2167 352 2209 15,
370 2168 402 2200 4.
428 2167 466 2199 in
493 2167 587 2199 fine:
622 2167 824 2201 summatim
850 2167 966 2202 adhuc
993 2170 1041 2202 ad
1064 2174 1115 2201 te.-
1141 2168 1192 2201 ita
1217 2174 1257 2201 ut
1282 2167 1412 2201 fuerit:
1446 2165 1580 2209 scripsi

106 2209 337 2248 summatim>
371 2214 500 2248 Statim
535 2222 607 2248 cet.
643 2216 838 2250 ORELLI.
872 2235 915 2241 —
948 2216 1081 2250 Statim
1113 2216 1203 2248 enim
1236 2216 1401 2249 abiturus
1433 2221 1499 2248 est.
1531 2231 1574 2238 —

105 2262 348 2301 salutaturus,
373 2262 437 2295 ich
463 2262 528 2296 bin
554 2263 604 2297 im
630 2264 772 2308 Begriff
795 2264 915 2296 Deine
936 2263 1159 2298 Gemahlinn
1178 2264 1273 2297 Pilia
1298 2264 1362 2296 auf
1386 2263 1471 2296 dem
1501 2263 1573 2294 Cu-

62 2311 64 2314 '
107 2319 216 2342 mano
249 2321 294 2344 zu
328 2311 544 2355 begriissen‚
585 2312 644 2345 bei
677 2313 740 2345 ihr
769 2313 1079 2357 vorzusprechen,
1113 2313 1146 2345 S.
1182 2323 1238 2358 ep.
1271 2314 1352 2350 697,
1385 2312 1418 2345 4.
1451 2328 1492 2334 -—
1528 2309 1578 2343 ad

108 2357 234 2400 epulas
264 2357 422 2393 Vestoriz·
445 2360 523 2394 scil.
550 2360 734 2395 Puteolos.
763 2360 990 2395 ERNES'I'I.
1017 2362 1051 2394 S.
1079 2372 1124 2394 zu
1151 2372 1206 2405 ep.
1231 2360 1314 2402 694,
1341 2361 1373 2395 2.
1390 2359 1474 2400 692,
1489 2358 1522 2392 3.
