1795 3086
230 48 324 99 352
514 50 578 92 M.
609 50 667 93 T.
699 47 1040 93 CICERONIS
1070 49 1446 111 EPISTQLAE.

232 162 367 217 Quod
413 175 547 217 quum
597 161 899 216 pertimuisset
951 161 1211 210 Dolabella,
1259 167 1433 206 vastata
1480 164 1725 220 provincia⁷
1787 155 1790 161 ¹

233 219 453 274 correptis
481 218 791 272 vectigalibus,
821 219 1058 273 praecipue
1089 220 1263 262 civibus
1280 218 1496 261 Romanis
1518 223 1721 263 omnibus

233 274 542 318 crudelissime
584 274 819 315 denudatis
864 287 918 316 ac
965 274 1233 327 divenditis,
1284 276 1565 331 celeriusque
1611 277 1722 319 Asia

232 331 518 382 excessisset,
556 343 689 386 quam
730 343 784 371 eo
819 330 1093 383 praesidium
1135 331 1299 372 adduci
1339 333 1584 387 potuisset=
1625 333 1724 373 diu-

233 390 319 430 tius
349 387 520 428 morari
549 389 626 428 aut
654 389 920 441 exspectare
958 387 1232 442 praesidium
1262 401 1350 429 non
1379 401 1560 430 necesse
1589 387 1725 429 habui

233 449 277 486 et
313 456 446 498 quam
485 443 679 497 primum
719 442 777 483 ad
815 455 961 483 meum
1000 443 1203 484 officium
1253 443 1571 488 revertendum
1607 444 1725 485 mihi

232 513 328 542 esse
358 499 634 550 existimavi,
666 500 714 538 ut
743 501 789 539 et
812 498 984 553 reliqua
1005 499 1245 554 vectigalia
1269 501 1502 555 exigerem
1529 503 1573 542 et
1591 513 1724 556 quam

233 555 419 611 deposui
448 555 682 610 pecuniam
712 553 996 608 colligerem:
1037 555 1256 610 quidquid
1292 570 1351 598 ex
1382 569 1432 598 ea
1472 560 1727 611 correptum

236 615 356 654 esset
383 616 460 654 aut
488 623 678 667 quorum
716 610 765 650 id
796 610 926 665 culpa
955 610 1211 657 accidisset,
1251 625 1563 667 cognoscerem
1593 625 1726 668 quam

235 670 427 725 primum
461 672 504 709 et
545 680 625 709 vos
665 665 721 707 de
760 667 879 707 omni
919 679 969 706 re
1005 665 1200 707 facerem
1240 669 1467 710 certiores.
1539 669 1725 710 Interim

234 738 369 780 quum
399 736 479 779 per
508 723 679 764 insulas
717 722 764 762 in
792 722 944 763 Asiam
974 722 1207 776 naviganti
1236 722 1347 763 mihi
1376 725 1627 766 nuntiatum
1657 737 1725 765 es-

233 785 304 823 set
333 781 522 821 classem
552 779 821 820 Dolabellae
864 778 910 818 in
939 777 1090 833 Lycia
1127 790 1222 819 esse
1251 778 1551 835 Rhodiosque
1588 793 1726 822 naves

233 837 489 891 complures
517 834 766 876 instructas
797 837 843 875 et
871 838 1050 889 paratas
1090 832 1138 874 in
1168 846 1283 889 aqua
1312 834 1495 889 habere,
1537 849 1637 877 cum
1666 836 1725 877 iis

232 892 436 946 navibus,
475 904 584 945 quas
625 895 702 932 aut
739 903 914 931 mecum
956 889 1236 944 adduxeram
1275 895 1352 932 aut
1389 895 1727 947 comparaverat

234 949 446 992 Patiscus
475 947 630 1001 Proq.,
658 946 791 987 homo
820 945 934 986 mihi
957 959 1091 1000 quum
1114 945 1443 1000 familiaritate,
1473 952 1566 989 tum
1590 948 1728 989 etiam

236 1005 440 1047 sensibus
480 1004 526 1043 in
556 1016 606 1043 re
637 1002 818 1056 publica
848 1001 1255 1054 coniunctissimus,
1293 1002 1505 1044 Rhodum
1544 1003 1726 1054 reverti,

238 1060 430 1103 confisus
461 1057 730 1100 auctoritate
769 1061 921 1098 vestra
962 1060 1228 1112 senatusque
1260 1060 1478 1111 consulto,
1517 1073 1603 1113 quo
1645 1058 1727 1100 ho-

237 1122 351 1159 stem
379 1115 664 1157 Dolabellam
694 1113 982 1162 iudicaratis3
1021 1112 1206 1154 foedere
1246 1127 1437 1168 quoque,
1477 1114 1597 1169 quod
1627 1127 1728 1155 cum

235 1174 319 1225 iis,
360 1171 429 1214 Μ.
464 1170 719 1225 Marcello,
771 1169 865 1210 Ser.
908 1167 1111 1223 Sulpicio
1155 1170 1426 1212 consulibus
1466 1174 1729 1211 renovatum

237 1232 356 1271 erat:
397 1241 485 1282 quo
515 1227 772 1268 iuraverant
798 1224 971 1266 Rhodii
1012 1224 1190 1266 eosdem
1220 1224 1372 1267 hostes
1401 1240 1450 1268 se
1480 1225 1729 1279 habituros,

239 1298 352 1340 quos
390 1284 433 1325 S.
476 1283 532 1324 P.
576 1282 632 1333 Q.
677 1280 734 1323 R.
807 1281 934 1331 Quae
973 1294 1044 1321 res
1083 1294 1164 1322 nos
1203 1281 1494 1324 vehementer
1546 1281 1724 1323 fefellit.

241 1342 441 1383 Tantum
470 1340 590 1380 enim
609 1337 750 1394 Kasuit,
787 1341 838 1378 ut
866 1337 1053 1378 illorum
1083 1336 1308 1391 praesidio
1349 1342 1548 1380 nostram
1578 1338 1728 1379 firma-

239 1410 385 1440 remus
417 1396 628 1445 classem,
668 1398 717 1435 ut
747 1393 883 1434 etiam
913 1407 940 1435 a
970 1391 1165 1435 Rhodiis
1197 1395 1319 1440 urbe,
1348 1398 1495 1449 portu,
1524 1394 1729 1445 statione,

241 1577 344 1616 vect„
383 1571 444 1605 die
470 1569 685 1604 Einkiinfte
711 1579 1030 1617 weggenommen
1057 1568 1176 1605 hatte.
1229 1587 1271 1594 —
1326 1569 1488 1604 omnibus
1525 1580 1596 1604 orn.
1638 1569 1728 1604 cdd.

241 1622 332 1665 aliq.
359 1620 467 1667 prob.
495 1619 674 1653 Graevio.
711 1619 783 1660 „In
818 1617 1073 1652 declamatore
1109 1618 1182 1653 hoc
1217 1629 1293 1652 non
1319 1619 1432 1653 nimis
1459 1618 1504 1652 ad
1528 1618 1730 1652 veritatem
1791 1637 1795 1640 -

242 1668 467 1715 exigendum
495 1668 588 1702 est.“
614 1666 790 1702 Weiske.
820 1667 894 1700 ΟΒ.
933 1685 974 1691 -
1014 1666 1138 1709 denud.
1165 1677 1210 1700 ac
1237 1667 1378 1701 divend.
1416 1667 1560 1710 (hamb.
1583 1667 1729 1700 divexa-

242 1719 328 1761 tis),
365 1715 551 1751 nachdem
585 1727 628 1749 er
661 1715 736 1748 alle
770 1714 858 1749 dort
883 1714 1098 1762 ansassigen
1123 1714 1356 1749 R'omischen
1380 1715 1503 1761 Biiger
1539 1716 1623 1749 rein
1648 1727 1729 1748 aus·
1794 1731 1795 1735 =

242 1777 414 1814 gezogen
447 1764 524 1798 und
550 1763 616 1797 ihr
640 1764 857 1810 Verm'ogen
891 1762 1070 1797 verkauft
1106 1763 1225 1797 hatte.
1279 1782 1317 1788 —
1372 1764 1595 1808 celeriusque
1625 1763 1728 1796 Asia.

244 1815 373 1849 Lamb.
410 1818 443 1847 et
478 1816 624 1846 vastata
652 1837 659 1844 .
689 1837 696 1844 .
725 1836 734 1844 .
762 1811 918 1845 celerius
951 1811 1049 1844 Asia
1086 1821 1263 1857 prorsus,
1299 1817 1340 1845 ut
1376 1812 1460 1846 vult
1497 1811 1662 1859 Madvig.
1694 1814 1731 1846 ’1.
1794 1825 1795 1833 ¹

243 1875 281 1909 p.
310 1864 390 1900 137.
417 1862 491 1897 OR.
520 1881 563 1888 —
606 1859 738 1894 adduci
764 1860 850 1893 scil.
875 1871 893 1892 e
921 1859 1149 1895 Macedonia,
1176 1878 1225 1887 -·
1263 1860 1312 1893 ad
1333 1871 1442 1894 meum
1468 1860 1643 1903 officium,
1670 1860 1737 1892 auf
1793 1868 1795 1900 ι

243 1911 397 1945 meineri
422 1911 567 1944 Posten.
596 1928 638 1933 —
667 1908 822 1953 reliqua,
848 1907 1160 1955 riickst'aindigen.
1188 1927 1234 1933 —
1272 1912 1304 1941 et
1331 1933 1339 1940 .
1366 1933 1374 1942 .
1402 1909 1628 1950 colligerem,
1655 1907 1732 1941 und
1793 1923 1795 1936 a

244 1960 306 1993 die
331 1959 397 1993 hie
422 1957 499 1992 und
525 1958 571 1992 da
598 1956 915 2005 niedergelegten
937 1956 1083 1991 Gelder
1109 1956 1373 1992 einzuziehen.
1402 1975 1445 1982 —
1473 1967 1660 2000 cognosc„
1685 1968 1732 1989 zu
1793 1953 1795 1985 ἕ

245 2006 513 2042 untersuchen.

341 2057 373 2091 2.
399 2059 568 2099 paratas,
593 2053 835 2102 §egelsertign
865 2070 905 2076 -·
934 2053 971 2087 in
997 2065 1105 2098 aqua.
1156 2053 1290 2089 Wenn
1317 2064 1402 2087 man
1417 2063 1491 2087 von
1517 2052 1589 2086 den
1607 2051 1732 2086 schif-

245 2106 310 2138 fen
336 2103 476 2137 keinen
502 2101 707 2137 Gebrauch
732 2101 892 2136 machon
910 2102 1065 2144 -wollte,
1091 2103 1235 2149 pflegte
1260 2113 1346 2135 man
1372 2102 1426 2135 sie
1445 2102 1536 2135 auf’s
1554 2100 1733 2135 Trockne

245 2165 295 2187 zu
319 2152 469 2187 ziehen.
500 2173 541 2178 —
571 2162 649 2184 cum
674 2151 731 2185 iis.
758 2150 822 2184 Sic
849 2152 968 2195 Neap.
994 2151 1124 2185 Lamb.
1153 2152 1250 2184 Man.
1276 2148 1334 2182 his
1360 2150 1455 2184 Cett.
1487 2150 1560 2183 OR.
1588 2168 1631 2173 -—
1658 2149 1732 2184 Pa-

245 2202 356 2235 riscus
380 2211 449 2244 pro
475 2204 668 2244 quaestore
694 2199 813 2244 ipsius
840 2198 996 2232 Lentuli
1022 2205 1110 2243 post
1135 2198 1280 2233 obitum
1305 2197 1501 2231 Trebonii.
1554 2199 1609 2232 Da
1634 2198 1733 2231 Len-

245 2250 347 2283 tulus
373 2249 434 2284 die
460 2247 852 2282 Befehlshaberstelle
883 2258 959 2281 von
991 2247 1107 2280 Asien
1141 2247 1199 2280 als
1234 2247 1436 2290 Propi—ator
1470 2247 1536 2279 auf
1557 2245 1642 2279 sich
1668 2256 1733 2290 ge-

248 2308 425 2331 nommen
450 2296 570 2335 hatte,
599 2307 638 2329 so
665 2296 808 2330 konnte
835 2306 877 2329 er
903 2294 962 2327 die
1001 2294 1356 2343 Qu’astorgesch'afte
1391 2293 1501 2328 nicht
1533 2294 1646 2327 mehr
1677 2294 1734 2327 al-
1768 2301 1769 2305 ’

249 2347 327 2380 lein
355 2346 540 2392 besorgen
565 2344 643 2377 und
667 2344 773 2378 hatte
800 2342 975 2377 desshalb
1002 2343 1074 2376 den
1100 2344 1265 2377 Patiscus
1292 2354 1377 2376 zum
1398 2344 1646 2386 Proquaestor
1671 2353 1733 2376 er-

247 2400 377 2427 nannt.
427 2393 532 2427 Uber
557 2392 684 2426 diesen
714 2404 741 2426 s.
766 2391 810 2424 ad
836 2392 973 2425 Famil.
1012 2392 1061 2432 11,
1086 2394 1142 2425 ll.
1175 2392 1239 2432 IX,
1266 2392 1299 2426 9.
1332 2391 1417 2434 XII,
1444 2392 1501 2425 15.
1549 2390 1657 2437 Pigh.
1686 2389 1733 2423 ad

246 2444 290 2476 A.
318 2443 363 2475 U.
390 2441 611 2484 709.·Proq.
637 2439 700 2474 Sic
727 2440 800 2473 Md.
826 2440 922 2473 Vict.
944 2442 974 2474 1.
991 2441 1026 2475 2.
1052 2439 1390 2485 (pronuntiandum
1416 2439 1492 2473 Pro
1520 2441 1733 2483 quaestore).

246 2491 499 2535 Proquaestor
523 2488 621 2523 cett.
651 2489 725 2523 ΟΒ.
777 2506 822 2514 -
870 2488 1031 2521 sensibus
1055 2489 1095 2521 in
1121 2499 1161 2521 re
1185 2488 1298 2532 publ„
1333 2487 1457 2521 durch
1483 2488 1612 2521 seinen
1638 2485 1733 2520 Sinn

246 2541 310 2572 fiir·
337 2539 397 2572 die
424 2536 627 2583 Republik.
681 2555 724 2561 —
774 2539 916 2570 auctor.
941 2548 987 2576 υ.,
1022 2537 1089 2569 aus
1110 2536 1214 2570 Euer
1238 2536 1369 2571 Wort.
1424 2553 1464 2560 —
1514 2535 1649 2568 hostem
1675 2534 1733 2567 rei

247 2587 435 2632 publicae.
476 2605 518 2610 -
557 2585 720 2629 foedere
746 2595 885 2628 quoque
911 2585 1086 2618 confisus.
1130 2601 1172 2607 —
1224 2595 1302 2617 cum
1328 2585 1378 2618 iis
1404 2582 1508 2625 (sch.
1538 2584 1633 2616 Liin.
1660 2581 1733 2624 his)

248 2637 272 2668 i.
302 2647 333 2667 e.
368 2634 535 2668 Rhodiis.
584 2652 631 2659 —-
681 2634 899 2673 consulibus,
932 2632 1187 2667 necessarium
1220 2633 1369 2678 suppl,
1411 2643 1485 2666 om.
1521 2631 1593 2667 Md.
1633 2630 1731 2664 Crat.

249 2683 344 2716 Vict.
377 2686 406 2716 l.
435 2684 468 2718 2.
496 2682 632 2716 Graev.
660 2681 811 2722 Bened.‚
838 2681 977 2715 habent
1002 2683 1120 2726 Neap.
1148 2681 1276 2715 Lamb.
1309 2681 1400 2714 Ern.
1429 2679 1627 2714 Schmin.
1656 2679 1730 2712 OR.
1762 2691 1766 2720 3

250 2731 329 2772 ..im
357 2732 383 2763 Ι.
413 2732 519 2765 7⁰3f‘
546 2749 587 2756 -
618 2730 771 2765 Tantum
798 2752 805 2761 .
840 2755 845 2760 ,
872 2755 877 2764 ,
910 2730 1022 2771 afuit.
1052 2735 1092 2762 ut
1120 2756 1127 2763 ,
1159 2759 1164 2765 ,
1196 2756 1203 2764 .
1232 2734 1282 2771 ut.
1312 2735 1451 2762 anstatt
1477 2728 1556 2762 dass
1583 2738 1658 2763 ωε.
1677 2738 1726 2760 w.
1762 2766 1765 2770 ι
