1795 3086
217 52 313 102 264
498 54 565 97 M.
596 55 653 98 T.
684 48 1027 96 CICERONIS
1056 50 1430 98 EPISTOLAE.

223 169 322 222 pius
365 169 455 219 est,
505 181 559 208 eo
598 164 802 207 firmiora
841 164 1052 207 videntur
1094 179 1216 218 esse,
1267 179 1381 220 quae
1428 167 1700 211 nuntiantur.

226 224 470 265 Dolabella
498 221 634 264 valde
661 221 997 275 vituperabatur
1027 223 1080 261 ab
1100 221 1356 263 hominibus
1385 235 1473 263 non
1503 223 1702 275 insulsis,

227 279 347 335 quod
375 278 460 320 tibi
489 281 581 332 tam
609 276 702 318 cito
730 276 1015 323 succederet,
1056 291 1191 332 quum
1219 281 1268 318 tu
1296 278 1485 319 vixdum
1514 279 1704 334 triginta

227 335 325 376 dies
366 335 413 375 in
443 333 583 389 Syria
618 332 796 374 fuisses.
866 332 1026 387 Itaque
1067 335 1298 375 constabat
1336 348 1435 375 eum
1471 334 1615 389 recipi
1655 335 1703 376 in

228 390 413 445 Syriam
441 403 530 430 non
558 394 778 443 oportere.
847 386 1026 430 Summa
1065 390 1162 430 laus
1207 394 1252 432 et
1280 393 1357 430 tua
1385 394 1431 432 et
1457 389 1593 431 Bruti
1621 396 1704 443 est,

227 446 348 500 quod
379 446 631 486 exercitum
668 448 848 500 praeter
884 457 1004 498 spem
1043 445 1368 487 existimamini
1407 459 1703 501 comparasse.
1766 469 1767 472 ¹

228 503 485 543 Scriberem
516 502 659 555 plura,
699 501 739 541 si
769 514 863 540 rem
893 513 1158 556 causamque
1187 516 1376 544 nossem.
1433 501 1565 543 Nunc
1593 515 1706 556 quae
1767 514 1768 517 ’

229 556 394 604 scribo,
431 558 580 599 scribo
619 570 677 598 ex
707 555 919 610 opinione
958 555 1188 599 hominum
1227 562 1360 613 atque
1390 557 1522 600 fama.
1579 558 1704 601 Tuas

230 613 384 656 literas
414 613 547 656 avide
576 617 798 666 exspecto.
858 611 988 654 Vale.

336 810 338 813 ’
401 822 718 876 EPISTOLA
750 821 1055 866 Dccxclv.
1097 821 1175 874 (aa
1205 821 1314 865 Div.
1343 821 1405 865 X.
1437 823 1525 873 28.)

361 901 440 935 Ser.
467 903 604 936 Romae
629 914 759 937 mense
784 902 1004 937 Februario.
1030 902 1072 936 A.
1102 902 1146 936 U.
1175 901 1215 936 C.
1243 903 1324 937 711.
1374 902 1422 943 (a.
1449 902 1491 936 C.
1513 901 1591 944 43.)

228 974 341 1009 Dolet
362 975 568 1009 Antonium
594 987 670 1010 non
695 988 768 1009 una
808 986 894 1009 cum
921 976 1079 1010 Caesare
1105 974 1366 1017 interfectum,
1401 973 1467 1017 qui
1500 985 1603 1009 nunc
1628 981 1707 1009 tan-

288 1029 343 1056 tas
371 1023 497 1057 turbas
525 1024 643 1068 cieat3
669 1024 936 1105 deindedsuxlim
957 1023 1152 1106 tliblertagis
1178 1022 1458 1067 recuperandae
1483 1022 1648 1057 studium

832 1084 872 1106 ec
892 1083 953 1105 ara
977 1097 984 1106 .
1047 1088 1084 1097 -
1127 1096 1134 1104 .

697 1155 874 1192 CICERO
911 1155 1160 1190 TREBONIO
1199 1154 1238 1190 S.

339 1228 483 1277 Quam
513 1227 670 1270 vellem
701 1229 758 1270 ad
787 1229 890 1271 illas
919 1225 1248 1283 pulcherrimas
1278 1228 1432 1283 epulas
1461 1241 1532 1270 me
1553 1228 1708 1269 Idibus

233 1283 416 1325 Martiis
463 1285 725 1327 invitasses!
783 1285 1078 1340 reliquiarum
1124 1283 1243 1325 nihil
1293 1284 1573 1326 haberemus.
1647 1285 1710 1326 At

230 1353 347 1380 nunc
377 1353 477 1380 cum
506 1339 565 1381 iis
594 1345 765 1382 tantum
793 1341 964 1395 negotii
993 1344 1084 1392 est,
1125 1343 1176 1381 ut
1210 1344 1409 1381 vestrum
1447 1340 1561 1381 illud
1593 1339 1710 1381 divi-

230 1409 334 1436 num
363 1394 411 1436 in
440 1409 534 1436 rem
562 1396 784 1448 publicam
821 1395 1087 1438 beneficium
1124 1396 1381 1437 nonnullam
1411 1394 1575 1438 habeat
1603 1410 1709 1451 que-

226 1589 415 1631 firmiora,
441 1587 732 1635 zuverl'eissiger.
764 1605 804 1611 --
853 1597 926 1620 non
950 1586 1091 1630 insuls„
1118 1586 1230 1622 nicht
1254 1587 1503 1636 unwitzigen.
1536 1605 1583 1612 —
1619 1590 1715 1633 quod

269 1664 276 1670 .
307 1664 314 1670 .
341 1637 556 1677 succederet,
593 1635 702 1678 „dass
739 1647 781 1669 er
813 1635 912 1670 Dich
948 1647 988 1669 so
1021 1635 1217 1680 pl'dtzlich
1247 1637 1400 1670 ablsssen
1425 1635 1583 1670 wolle.“
1631 1638 1709 1671 Der

229 1685 375 1719 Scherz
401 1685 500 1733 liegt
526 1684 654 1717 darin:
681 1684 870 1728 Vermb'ge
895 1683 962 1718 des
989 1683 1263 1718 Cornelischen
1291 1685 1470 1718 Gesetzes
1495 1683 1623 1718 durfte
1649 1684 1711 1718 ein

229 1733 440 1768 Proconsul
464 1734 511 1767 30
537 1732 640 1780 Tage
666 1732 761 1766 iiber
786 1731 847 1766 (lie
872 1731 955 1765 ihm
981 1732 1200 1767 bestimmte
1225 1732 1451 1766 Iahresfrist
1475 1732 1515 1765 in
1540 1732 1711 1767 derPro·

230 1782 318 1815 vinz
351 1781 524 1825 bleiben3
557 1779 654 1813 darm
690 1780 781 1815 aber
812 1786 952 1815 musste
988 1792 1031 1815 er
1056 1780 1144 1815 dem
1169 1792 1241 1814 neu
1265 1780 1595 1828 angekommenen
1621 1781 1709 1815 Pro·

230 1829 365 1864 consul
403 1828 731 1876 schlechterdings
763 1828 940 1864 weichen
976 1828 1054 1862 und
1087 1828 1283 1864 abziehen.
1335 1828 1481 1862 Cassius
1513 1839 1598 1862 war
1622 1839 1711 1863 vom

229 1877 364 1912 senate
390 1889 478 1912 zum
504 1877 710 1911 Proconsul
734 1887 811 1911 von
837 1876 978 1922 Syrien
1004 1876 1198 1912 bestimmt
1229 1876 1307 1910 und
1331 1888 1404 1922 zog
1431 1876 1501 1910 der
1527 1875 1711 1924 ordnung

232 1928 376 1959 ‹rem'ass
411 1927 486 1960 auf.
535 1924 735 1959 Dolabella
761 1924 872 1967 aber,
906 1925 1198 1959 einverstanden
1222 1925 1304 1960 *mit
1335 1924 1540 1968 Antonius,
1575 1924 1711 1959 wollte

230 1955 396 2007 dieselbe
422 1975 486 2010 fiir
511 1973 594 2007 sich
619 1973 690 2008 mit
717 1973 868 2007 Gewalt
903 1972 942 2006 in
974 1973 1099 2008 Besitz
1131 1973 1299 2008 nehmen
1334 1973 1412 2006 und
1443 1973 1529 2007 dem
1564 1972 1711 2007 Cassius

231 2022 450 2056 entreissen.
502 2021 560 2055 Er
585 2021 705 2067 folgte
730 2021 813 2054 ihm
839 2020 959 2055 daher
983 2022 1050 2054 auf
1073 2021 1158 2055 dem
1173 2022 1290 2055 Fusse
1316 2021 1415 2055 nach
1440 2020 1518 2054 und
1541 2020 1631 2054 kam
1651 2033 1710 2064 an,

230 2069 287 2104 als
313 2069 374 2104 die
401 2076 561 2103 ersten
596 2071 644 2104 30
669 2069 774 2114 Tage
805 2068 921 2103 kaum
956 2069 1161 2104 verflossen
1199 2081 1351 2112 waren,
1386 2069 1432 2103 da
1464 2079 1508 2102 ex·
1532 2067 1630 2102 doch
1655 2069 1711 2102 als

270 2129 313 2151 es
328 2117 512 2152 etzlich
545 2117 856 2151 bestimmter
891 2117 1132 2165 Nachfolger
1164 2117 1256 2152 kein
1280 2116 1405 2152 Recht
1429 2115 1570 2165 gehabt
1593 2116 1711 2158 hatte,

230 2131 302 2199 §en
328 2165 462 2212 Abzug
487 2165 551 2198 des
578 2165 723 2200 Cassius
750 2165 846 2200 eher
880 2166 936 2198 als
970 2165 1011 2198 in
1046 2165 1334 2200 Iahresfrist
1367 2165 1462 2197 und
1494 2163 1714 2211 dreissig

231 2213 398 2261 Tagen
424 2225 471 2246 zu
496 2213 717 2261 verlangen.
747 2206 967 2248 GRATER.
990 2213 1193 2248 MANUT.
1233 2230 1277 2237 —-
1314 2213 1516 2254 constabat,
1540 2212 1648 2245 etand
1675 2225 1713 2246 es

229 2264 316 2304 fest,
343 2272 426 2296 war
449 2272 537 2295 man
562 2261 767 2308 allgemein
793 2262 862 2295 der
888 2260 1080 2308 Meinung.
1116 2279 1159 2285 —
1210 2261 1339 2305 recipi,
1365 2260 1588 2308 zugelassen
1612 2271 1712 2295 wer-

231 2310 317 2352 den,
344 2309 503 2345 admitti.
532 2325 575 2333 —-
603 2310 730 2352 Bruti,
758 2311 806 2343 M.
831 2309 950 2343 Bruti.
978 2328 1022 2333 —
1046 2313 1168 2353 praet.
1194 2320 1318 2353 spem,
1344 2308 1439 2343 iiber
1464 2308 1681 2343 E-rwarten.

330 2374 599 2410 TREBONIO.
651 2376 687 2410 S.
714 2388 761 2410 zu
788 2386 846 2419 ep.
875 2375 944 2410 430
970 2376 1021 2408 im
1049 2375 1137 2408 Anf.
1165 2376 1247 2411 713.
1274 2376 1355 2411 715.

330 2427 361 2460 1.
390 2425 503 2460 Quam
524 2424 655 2457 vellem
681 2431 753 2458 cet.
787 2423 876 2470 Vgl.
904 2435 991 2457 zum
1015 2424 1105 2458 Ans.
1132 2423 1197 2457 des
1222 2424 1346 2471 vox-ig.
1373 2422 1512 2460 Briefs.
1554 2442 1600 2448 —
1638 2434 1717 2458 cum

230 2474 289 2507 iis.
342 2472 407 2507 Sic
432 2472 505 2506 Md.
532 2472 628 2506 Vict.
658 2473 692 2507 2.
719 2471 777 2505 his
802 2471 900 2505 Cett.
929 2472 1003 2506 ΟΕ.
1055 2472 1241 2506 Antonius
1275 2472 1440 2505 multum
1474 2472 1622 2520 negotii
1658 2474 1716 2506 fa-

232 2522 345 2556 cessit
370 2521 488 2562 nobis,
515 2519 644 2554 macht
669 2531 738 2553 uns
766 2529 803 2553 so
828 2519 908 2552 viel
934 2532 981 2552 zu
1006 2518 1248 2555 schaffen.—
1274 2531 1378 2553 norm.
1405 2519 1537 2554 habeat
1563 2521 1715 2564 quereb,

232 2569 329 2604 doch
356 2569 484 2616 einige
511 2568 645 2616 Klage,
671 2567 923 2602 Beschwerde
949 2568 1101 2602 zulasst.
1152 2568 1352 2602 Praeclare
1387 2568 1521 2603 meriti
1555 2568 1643 2602 estis
1668 2567 1715 2601 de

234 2630 274 2651 re
300 2617 465 2661 publica,
492 2616 593 2659 quod
619 2616 822 2650 occidendo
849 2616 1048 2649 Caesarem
1081 2617 1294 2650 asseruistis
1328 2628 1411 2649 rem
1445 2616 1635 2661 publicam
1675 2616 1713 2647 in

233 2672 402 2699 veterem
430 2664 670 2707 libertatein3
697 2664 762 2698 scd
789 2674 865 2697 non
891 2664 1046 2709 plenam
1073 2665 1234 2711 gratiam
1261 2665 1402 2699 iniistis
1429 2676 1449 2697 a
1474 2664 1592 2706 nobis,
1619 2663 1716 2707 quod
1766 2672 1770 2675 '
1794 2667 1795 2680 ¹

236 2720 424 2759 superstes
451 2717 508 2747 est
534 2712 646 2748 hodie
673 2712 873 2756 Antonius,
909 2714 974 2758 qui
1013 2714 1103 2747 item
1141 2713 1333 2748 tollendus
1367 2715 1491 2747 suerat
1527 2724 1547 2747 e
1578 2711 1713 2746 medio.
