1795 3086
478 77 793 121 EPISTULA
834 79 1160 122 DCCLXVII.
1468 80 1560 127 215

92 195 255 245 specto.
315 191 411 231 laun
440 192 576 244 probo
606 189 893 240 (Ηρακλειδεῖον,
923 192 1182 244 praesertim
1206 206 1338 246 quum
1360 193 1408 237 ‚tu
1433 195 1556 232 tanto

91 260 222 301 opere
253 246 502 287 delectere:
543 247 623 286 sed
653 246 784 300 quale
813 247 940 290 velis,
968 247 1100 287 velim
1131 248 1262 288 scire.
1335 246 1469 296 Quod
1499 248 1555 287 ad

91 309 133 342 te
164 304 306 343 aulea
334 306 466 356 atque
494 301 608 342 adeo
635 302 770 353 prin-3
798 300 973 355 scripsi,
1002 326 1055 332 —
1093 303 1158 343 sic
1187 304 1303 344 enim
1332 303 1473 343 mavis
1503 325 1557 331 -

90 358 145 398 ad
175 357 455 398 scribendum
483 356 569 397 tibi
597 370 701 398 vere
728 356 896 407 dicere,
926 355 1075 397 fecisti
1105 372 1173 399 me
1194 361 1427 401 acriorem.
1484 356 1555 397 Ad

90 419 211 453 tuum
252 414 369 454 enim
408 412 648 458 iudicium,
688 413 807 466 quod
844 411 957 452 mihi
995 415 1092 452 erat
1120 420 1296 466 notum,
1335 412 1551 455 addidisti

91 469 315 511 Peducaei
345 468 684 519 auctoritatem,
723 481 926 521 magnam
965 467 1145 521 quidem
1183 472 1298 522 apud
1337 484 1405 511 me
1436 469 1555 510 etin

88 524 243 578 primis
284 537 478 578 gravem.
546 524 708 564 Enitar
746 524 910 577 igitur,
951 536 1004 562 ne
1046 521 1273 564 desideres
1313 529 1386 565 aut
1425 524 1554 565 indu—

86 581 241 620 striam
270 593 410 620 meam
449 583 527 619 aut
563 578 859 632 diligentium,
897 578 1171 629 Vettienun„
1211 584 1260 619 ut
1296 580 1473 631 scribis,
1511 584 1557 620 et

87 636 322 676 Faberium
342 634 488 675 foveo.
541 635 749 676 Clodium
769 635 885 676 nihil
909 635 1106 674 arbitror
1125 633 1372 675 malitiose:
1404 649 1556 690 quam—

87 704 228 744 quam,
300 689 389 731 Sed
431 689 541 744 quid
581 693 735 745 egerit.
805 691 876 732 De
918 689 1125 731 libertate
1166 688 1422 736 retinenda,
1471 705 1556 745 qua

86 752 210 787 ‹tei-te
237 745 351 786 nihil
380 751 450 786 est
476 746 669 794 dulcius,
707 747 791 787 tibi
830 745 1062 787 assentior.
1127 744 1254 786 Itane
1293 746 1345 787 C.
1384 746 1556 787 Annio?

86 801 129 841 Ο
168 801 391 842 hominem
430 808 638 856 nequam!
690 803 799 857 quid
828 802 945 843 enim
975 800 1122 842 dicam
1153 801 1304 842 aliud?
1363 800 1554 842 Cautum

86 856 380 907 Marcellum
419 871 488 898 me
518 857 599 904 sic,
635 859 712 899 sed
751 872 836 899 non
875 861 1023 899 tamen
1060 857 1378 899 cautissimum.
1436 856 1553 898 Lon·
1593 855 1618 895 4

181 1013 216 1047 3.
268 1016 445 1056 exspecto,
471 1012 536 1045 ich
563 992 628 1045 bin
654 1012 828 1060 begierig
854 1014 927 1046 auf.
978 1013 1098 1046 Varro
1122 1013 1190 1046 der
1214 1013 1401 1047 bekannte
1425 1012 1555 1046 litera-

85 1060 260 1093 tissimus.
297 1079 338 1084 —
374 1061 456 1093 Iam
480 1060 593 1104 probo
619 1059 809 1106 “Ηρακλ.,
841 1060 937 1095 ietzt
969 1061 1054 1094 lass’
1078 1060 1142 1094 ich
1169 1061 1247 1095 mir
1271 1061 1333 1094 ein
1358 1060 1484 1097 Werk
1510 1060 1557 1092 ad

83 1108 235 1141 modum
261 1108 477 1141 Heraclidis
504 1108 684 1155 gefallen.
735 1108 772 1142 S.
802 1119 859 1153 ep.
886 1111 967 1150 711,
994 1111 1027 1144 3.
1055 1110 1136 1150 751,
1163 1111 1196 1145 6.
1222 1111 1304 1152 745,
1319 1111 1354 1145 2.
1382 1127 1425 1135 —·
1451 1109 1557 1153 quale

87 1157 186 1196 celis,
212 1155 287 1189 wie
312 1156 372 1190 Du
397 1168 435 1190 es
461 1167 578 1202 gerne
604 1155 727 1198 haben
753 1157 960 1190 mischtest!
988 1177 1030 1182 -
1065 1161 1169 1189 antea
1193 1161 1299 1201 atque
1324 1158 1412 1191 adeo
1436 1156 1556 1200 prius,

84 1203 267 1237 vorher
292 1203 407 1237 oder
432 1204 582 1237 vielm
596 1204 680 1237 chr
701 1223 742 1228 —
762 1204 860 1238 denn
886 1215 925 1238 so
952 1204 1183 1238 vcrbesserst
1203 1206 1275 1248 Du,
1292 1224 1335 1229 ———
1362 1204 1553 1238 sriihen

83 1270 129 1276 —
159 1251 306 1295 fecisti.
352 1252 454 1285 Haec
486 1258 676 1296 corrupta.
726 1251 1062 1297 Simplicissimum
1096 1258 1211 1286 esset:
1253 1254 1304 1285 ad
1332 1252 1556 1286 scribendum

82 1299 158 1339 tibi,
184 1310 266 1332 vere
293 1299 424 1336 (licam,
444 1300 582 1340 feristi
605 1310 661 1332 me
685 1300 870 1334 acriorem
896 1300 958 1333 vel
984 1300 1218 1333 alacriorem.
1246 1300 1320 1333 ΟΠ.
1359 1302 1446 1343 „Du
1471 1300 1555 1333 hast

83 1347 186 1379 mich
212 1346 252 1379 in
278 1346 346 1379 der
370 1346 470 1379 That
497 1347 558 1381 ein
578 1347 706 1393 wenig
727 1347 850 1395 hitzig
873 1347 1062 1392 gemacht,
1089 1348 1160 1382 Dir
1184 1348 1293 1381 einen
1307 1348 1461 1381 Aussatz
1487 1348 1556 1381 der

82 1394 151 1428 Art
176 1395 480 1441 anzusertigen.“
507 1412 550 1417 —
586 1395 773 1438 indicium,
798 1395 991 1429 Griinden.
1017 1414 1065 1422 -
1114 1396 1304 1430 Peducaei.
1357 1395 1394 1429 S.
1421 1407 1467 1429 zu
1495 1406 1551 1440 ep.

81 1443 150 1477 755
174 1442 232 1474 a'r'n
259 1442 379 1476 Ende.
408 1461 450 1466 —
501 1447 661 1484 auctor„
689 1442 758 1476 der
782 1444 932 1477 Beifall.
971 1462 1018 1468 -—
1070 1444 1280 1478 Vestianum.
1315 1443 1378 1477 Sic
1402 1443 1552 1488 scripsi.-

81 1490 218 1531 (Infrat
251 1490 437 1523 I'eelinum
464 1491 553 1533 Md.)
580 1492 765 1524 Venenum
791 1491 857 1524 Cd.
880 1492 984 1524 inm.
1004 1493 1107 1527 1584.
1140 1493 1329 1525 Ver-tenum
1355 1492 1450 1525 Ceu.
1480 1491 1553 1525 ΟΒ.

82 1538 215 1571 Dieser
239 1537 393 1572 Freund
418 1538 582 1572 Cicero’s
616 1551 696 1573 war
722 1539 784 1572 ein
809 1540 1048 1586 argentarius
1075 1540 1167 1574 oder
1191 1541 1395 1573 fenerator.
1446 1539 1483 1572 S.
1508 1538 1555 1571 ad

83 1585 194 1619 Altic.
221 1586 264 1626 X,
290 1587 324 1619 5.
354 1588 409 1619 ll.
435 1587 518 1627 XII,
544 1588 577 1620 3.
605 1607 647 1612 --
676 1587 720 1631 Q.
748 1587 952 1628 Faberium,
980 1587 1172 1621 Ciceronis
1198 1588 1418 1622 debitorem.
1468 1586 1551 1619 Vidi

82 1633 127 1666 ad
152 1633 266 1666 Attic.
293 1633 376 1675 XII,
403 1634 460 1668 25.
486 1635 544 1669 29.
570 1636 627 1668 31.
653 1635 711 1669 51.
736 1635 840 1674 XIII,
867 1636 900 1670 2.
926 1637 958 1671 8.
985 1637 1044 1671 29.
1071 1638 1128 1671 30.
1154 1637 1214 1671 33.
1241 1652 1284 1658 —-
1309 1635 1441 1677 foveo,
1467 1634 1554 1669 will

81 1681 146 1715 ich
172 1680 349 1714 schonen.
375 1700 423 1706 -
471 1682 512 1715 P.
541 1682 723 1723 Clodium,
749 1684 785 1715 P.
811 1682 935 1716 Clodii
961 1683 1095 1717 filium.
1132 1702 1171 1709 —
1220 1683 1400 1723 malitiose
1424 1688 1557 1716 contra

80 1741 139 1762 me
165 1729 365 1762 facturum.
414 1731 521 1764 Denn
555 1729 691 1765 Cicero
728 1730 834 1764 hatte
865 1731 968 1765 scine
1002 1731 1347 1776 Zur'uckberusung
1379 1742 1442 1763 aus
1467 1730 1554 1764 dem

80 1777 212 1810 Exsile
237 1776 474 1824 genehmigt.
525 1776 562 1810 S.
590 1789 648 1823 ep.
674 1780 756 1818 693,
782 1780 816 1814 6.
843 1778 888 1812 A.
915 1781 948 1815 2.
976 1779 1049 1812 und
1076 1780 1117 1813 B.
1154 1798 1196 1804 —
1232 1789 1444 1823 quamquam
1468 1779 1553 1813 scil,

19 1850 22 1851 γ
80 1831 274 1869 praestare
301 1824 341 1858 id
367 1837 441 1860 non
469 1825 599 1860 ausim.
626 1826 875 1872 Aposiopesis.
904 1846 948 1851 ——
974 1827 1104 1870 egerit.
1131 1826 1193 1860 Sic
1211 1827 1552 1860 Man.Bos.G1-aev.

80 1873 172 1906 Ern.
208 1872 269 1915 (Id
299 1879 374 1906 est:
414 1884 656 1917 „quamquam
691 1875 776 1908 fieri
808 1881 946 1920 potest,
983 1881 1025 1908 ut
1049 1874 1236 1909 malitiose
1261 1875 1394 1922 egerit.
1445 1875 1553 1908 Parvi

80 1921 143 1954 vel
168 1919 223 1954 sic
249 1926 372 1953 tamen
397 1922 579 1955 momenti
605 1933 664 1955 res
692 1923 776 1956 erit.
821 1922 906 1966 Sed,
933 1923 1024 1966 quid
1041 1923 1178 1970 egerit,
1203 1923 1409 1965 scribes.“)
1433 1933 1553 1966 quam-

80 1979 195 2012 quam.
246 1969 406 2002 Sceleste
432 1969 568 2013 quidem
595 1970 715 2012 egerit
741 1970 832 2004 Cdd.
870 1971 984 2011 Iunii,
1010 1972 1095 2004 Asc.
1131 1983 1187 2017 pr.
1215 1971 1314 2005 Crat.
1341 1971 1431 2005 sch.
1457 1971 1551 2003 [siin.

82 2016 277 2050 ORELLI.
328 2016 368 2050 Si
402 2022 528 2051 tamen
560 2018 706 2062 aliquid
744 2018 866 2066 egerit
901 2019 1103 2061 malitiose,
1144 2026 1249 2053 certe
1281 2019 1319 2051 id
1351 2019 1551 2053 scelestum

80 2063 209 2105 suerit,
233 2071 434 2110 propterea
461 2065 558 2109 quod
583 2066 727 2099 nullam
753 2079 771 2099 a
798 2078 858 2100 me
883 2067 1061 2100 iniuriam
1087 2068 1245 2112 accepit.
1270 2067 1378 2102 SCII.
1405 2086 1448 2092 -—
1474 2068 1553 2100 lta-

76 2123 120 2144 ne
153 2112 194 2146 C.
229 2113 383 2146 Annio?
435 2113 464 2146 0
504 2113 690 2147 hominem.
754 2113 816 2148 Sic
859 2115 1030 2148 omnibus
1071 2115 1183 2149 rebus
1224 2116 1419 2160 pensitatis
1466 2127 1552 2149 cum

79 2159 276 2193 Huschkio
310 2160 554 2194 scribendum
590 2174 666 2196 esse
700 2162 803 2195 duxi.
845 2164 919 2198 OR.
969 2163 1051 2196 Vid.
1078 2163 1270 2197 Huschkii
1302 2164 1550 2198 Commentat.

77 2207 123 2241 de
150 2207 190 2241 C.
222 2208 341 2242 Annio
369 2209 518 2243 Cimbro
543 2209 706 2254 Lysidici
722 2210 810 2251 filio
827 2210 1022 2245 Rostoehii
1050 2213 1150 2247 1824.
1176 2223 1212 2256 p.
1240 2214 1295 2247 76.
1322 2212 1552 2246 Antonianus

78 2256 153 2288 fuit
177 2255 244 2288 ille
270 2256 414 2290 Annius
442 2264 478 2290 et
503 2259 717 2303 praetorius
754 2259 799 2293 dc
830 2259 1009 2294 beneficio
1043 2259 1222 2293 Caesaris.
1272 2261 1354 2293 Vid.
1382 2260 1550 2304 Philipp.

79 2303 143 2343 XI,
161 2305 195 2339 θ.
222 2303 324 2343 XIII,
341 2307 396 2340 12.
421 2304 498 2346 „So
525 2305 575 2340 ist
599 2318 637 2340 es
663 2307 746 2341 dem
774 2307 813 2341 C.
844 2308 985 2341 Annius
1013 2310 1231 2352 ergangen?
1257 2319 1297 2343 so
1325 2308 1441 2353 spielt
1465 2319 1551 2340 man

80 2349 162 2382 ihm
188 2352 318 2384 mit?“
370 2373 411 2378 —
467 2354 495 2386 0
520 2352 697 2388 hominem
720 2366 872 2399 nequam
898 2355 1047 2390 bozieht
1072 2356 1157 2390 sich
1188 2357 1254 2390 auf
1283 2357 1475 2390 Antonius.
1507 2373 1548 2379 —-

81 2397 234 2431 cautum
259 2400 479 2434 Marcellum
503 2401 610 2436 dicis.
650 2403 720 2436 Est
746 2403 785 2439 C.
813 2404 1026 2447 Marcellus,
1065 2404 1131 2448 qui
1161 2415 1247 2437 cum
1275 2405 1434 2438 Lentulo
1460 2413 1551 2436 con-

81 2445 140 2498 sul
165 2446 250 2488 suit,
275 2447 320 2480 de
347 2460 418 2492 quo
441 2461 499 2494 ep.
525 2452 607 2484 710.
635 2451 789 2495 sripsit:
815 2452 1030 2494 praesertim
1048 2463 1152 2496 quum
1168 2453 1391 2486 Marcellum
1410 2452 1550 2485 scribas

79 2494 241 2537 altosque
265 2495 455 2530 discedere.
480 2497 588 2531 SCH.
639 2499 1190 2533 AllerWahrscheinlie‘hkeit
1206 2501 1299 2533 nach
1314 2500 1381 2532 der
1395 2499 1549 2533 Schwa-

79 2551 149 2586 gcr
182 2541 245 2575 des
277 2542 516 2587 Octavianus,
560 2545 648 2588 der,
685 2557 725 2579 so
763 2547 839 2581 wie
874 2548 954 2581 sein
986 2548 1198 2582 Schw'dher
1224 2548 1441 2592 Philippus,
1484 2559 1549 2581 aus

80 2588 224 2622 Furcht
262 2600 330 2623 vor
365 2592 547 2627 Antonius
584 2594 654 2627 (len
690 2594 848 2627 raschen
875 2595 1070 2629 Schritten
1104 2596 1223 2629 dieses
1250 2595 1404 2641 kiihnen
1432 2597 1550 2644 liingn

79 2636 180 2685 lings
215 2649 288 2670 nur
319 2649 392 2673 von
425 2641 533 2674 ferne
567 2642 645 2675 und
678 2643 750 2675 fast
783 2643 1065 2688 missbilligcnd
1098 2643 1224 2677 zusah.
1263 2637 1480 2678 GRATER.
1509 2663 1549 2670 —·

82 2694 135 2716 me
159 2684 240 2727 sia,
268 2687 331 2719 sed
354 2698 385 2719 η.
416 2691 439 2723 t.
473 2693 582 2732 cazze„
616 2690 738 2731 „auch
773 2690 836 2723 ich
869 2690 1006 2724 handle
1040 2701 1079 2724 so
1113 2690 1294 2726 ziemlich
1327 2692 1554 2740 vorsichtig,

82 2732 220 2768 meinst
246 2735 324 2777 Du,
353 2734 440 2770 aber
466 2735 561 2770 doch
589 2738 697 2772 nicht
722 2737 936 2787 vorsichtig
964 2739 1132 2787 genug.“
1182 2749 1236 2773 me
1261 2740 1315 2774 sic
1340 2741 1458 2781 satis3
1486 2750 1554 2774 non
