1795 3086
500 81 815 126 EPISTOLA
853 81 1108 127 DcchI.
1466 83 1560 132 297

94 194 157 237 ris
185 192 296 247 mei,
337 205 424 250 quo
459 194 670 236 maturius
709 193 816 245 tibi,
854 208 983 248 quam
1022 193 1204 248 ceteris,
1239 195 1428 237 consilia
1465 211 1561 238 mea

94 251 213 293 volui
253 264 348 292 esse
388 254 503 291 nota.
568 251 622 290 In
661 249 756 291 dies
794 262 900 291 vero
939 252 1198 293 meritorum
1231 265 1429 293 meorum
1458 253 1559 292 fieri

93 307 370 348 accessiones
399 305 630 360 pervidere
659 310 703 346 te
732 317 883 359 spero:
914 308 1191 361 cogniturum
1212 309 1351 361 magis
1378 309 1559 362 recipio.

96 362 228 412 Quod
258 362 315 403 ad
343 376 413 403 me
441 361 624 414 attinet,
667 360 729 401 mi
757 361 917 402 Cicero
946 385 999 390 —-
1039 364 1102 403 ita
1140 364 1192 403 ab
1230 364 1559 405 imminentibus

97 418 226 458 malis
255 431 325 458 res
353 417 533 472 publica
560 430 630 457 me
659 416 894 459 adiuvante
925 417 1160 459 liberetur!
1191 443 1245 449 ——
1273 420 1340 460 sic
1368 420 1562 461 honores

97 474 378 528 praemiaque
402 477 550 514 vestra
567 473 781 525 suspicio,
810 473 1079 514 conferenda
1108 478 1227 514 certe
1257 488 1358 515 cum
1386 476 1565 516 immor-

97 530 291 577 talitate,
329 532 378 568 ut
406 529 500 570 sine
529 528 583 568 iis
614 527 727 568 nihil
757 529 813 569 de
843 543 941 569 meo
972 529 1120 569 studio
1150 532 1563 585 perseverantiaque

97 585 179 625 sim
210 584 481 625 remissurus.
549 583 653 624 Nisi
691 584 738 624 in
775 585 1060 626 multitudine
1097 584 1364 638 optimorum
1402 587 1565 628 civium

98 640 283 693 impetus
313 640 451 680 animi
479 641 567 680 mei
605 639 742 680 suerit
777 641 1016 694 singularis
1055 645 1099 681 et
1136 653 1272 693 opera
1310 644 1563 697 praecipua,

98 694 214 736 nihil
262 695 319 736 ad
364 709 506 736 meam
544 695 808 750 dignitatem
846 696 1061 736 accedere
1105 697 1209 736 volo
1248 697 1565 752 suffragatione

97 756 256 793 vestra.
322 750 601 806 Concupisco
641 756 786 792 autem
829 751 941 792 nihil
983 750 1116 792 mihit
1153 775 1208 781 —
1256 756 1411 794 contra
1449 754 1567 808 quod

98 807 194 861 ipse
223 820 394 861 pugno:
423 829 476 837 -·—
514 811 557 847 et
584 807 795 861 temporis
824 812 870 848 et
899 807 964 847 rei
994 812 1036 848 te
1077 807 1400 848 moderatorem
1431 809 1568 850 facile

99 863 247 916 patior
276 875 383 903 esse.
440 861 568 903 Nihil
597 867 674 904 aut
701 875 801 902 sero
831 865 908 903 aut
939 864 1099 916 exigue
1129 875 1156 904 a
1183 863 1330 917 patria
1360 865 1447 905 civi
1487 866 1568 906 tri-

99 919 252 958 butum
297 922 442 971 potest
485 917 640 959 videri.
717 917 982 958 Exercitum
1019 931 1057 959 a.
1105 918 1146 959 d.
1190 932 1247 960 w.
1283 918 1387 960 Kal.
1427 920 1569 961 Maias

100 971 369 1014 Rhodanum
412 974 596 1026 traieci,
644 974 816 1026 magnis
859 973 1104 1016 itineribus.
1178 974 1357 1017 Vienna
1401 977 1570 1030 equites

101 1028 221 1068 mille
249 1028 324 1069 via
352 1028 557 1069 breviore
586 1028 807 1082 praemisi.
863 1028 987 1083 Ipse,
1017 1030 1054 1070 si
1085 1029 1138 1071 ab
1166 1031 1343 1085 Lepido
1372 1045 1460 1072 non
1489 1033 1571 1072 im-

102 1084 282 1138 pediar,
321 1083 554 1125 celeritate
590 1083 886 1125 satisfaciam:
928 1085 967 1126 si
1013 1088 1157 1126 autem
1196 1088 1347 1127 itineri
1393 1102 1490 1129 meo
1525 1101 1572 1129 se

102 1139 380 1193 opposuerit,
409 1139 467 1180 ad
495 1144 667 1194 tempus
697 1139 933 1180 consilium
962 1142 1145 1195 capiam.
1204 1143 1369 1197 Copias
1398 1144 1571 1185 adduco

103 1199 149 1235 et
176 1207 359 1235 numero
390 1200 434 1235 et
462 1208 621 1248 genere
651 1199 695 1236 et
719 1194 935 1236 fidelitate
956 1196 1247 1249 firmissimas.
1305 1199 1398 1250 Te,
1425 1204 1473 1241 ut
1502 1199 1571 1240 di·-

101 1250 216 1304 ligas
245 1264 339 1303 me,
368 1251 408 1292 si
436 1256 585 1292 mutuo
614 1254 657 1292 te
687 1249 908 1292 facturum
936 1253 1049 1305 scis,
1081 1267 1206 1308 rog0.
1262 1253 1393 1297 Vale.

101 1410 328 1456 promisisse.
359 1427 407 1435 -—
430 1409 547 1447 merit.
571 1420 682 1444 mcor.
700 1409 794 1452 fieri
816 1421 968 1454 necess„
996 1412 1077 1445 dass
1100 1411 1183 1446 sich
1209 1413 1331 1447 meine
1355 1414 1577 1447 Verdienste

103 1470 165 1492 um
191 1459 252 1492 die
277 1458 465 1504 Republik
491 1458 562 1491 mit
586 1458 708 1493 iedem
723 1461 823 1505 Tage
838 1464 1092 1504 vergrossern.
1119 1479 1162 1485 -
1185 1462 1388 1505 pervidere.
1415 1463 1476 1496 Sic
1493 1463 1573 1498 Md.

103 1508 209 1544 Crat.
235 1506 335 1543 vict.
364 1509 396 1541 1.
421 1508 455 1543 2.
480 1506 614 1541 Lamb.
636 1507 853 1551 praevidere
878 1508 975 1544 cett.
1004 1509 1078 1544 ΟΠ.

200 1575 236 1609 2.
270 1575 344 1616 ila,
385 1573 446 1607 die
481 1574 668 1607 bekannte
702 1573 1097 1620 Betheurungsformel
1128 1565 1249 1611 :so
1294 1577 1408 1611 wahr.
1441 1596 1484 1603 ——
1521 1577 1577 1611 sic

105 1622 284 1666 euspicio,
317 1621 384 1655 ich
410 1622 605 1656 betrachte
630 1634 692 1664 so,
727 1622 815 1656 sehe
841 1635 882 1657 so
907 1635 965 1658 an.
992 1643 1036 1649 —
1073 1624 1149 1657 sine
1181 1625 1250 1666 iis,
1283 1637 1391 1658 wenn
1426 1626 1490 1659 ich
1524 1628 1577 1659 sie

106 1669 199 1704 auch
224 1670 332 1703 nicht
358 1670 528 1705 erhielte.
554 1689 600 1695 —
625 1671 844 1715 singulari&
868 1671 1173 1718 ausgezeichnet.
1200 1693 1244 1699 —
1270 1674 1478 1718 praecipua,
1504 1686 1577 1708 von

106 1729 202 1764 ganz
226 1717 490 1762 vorziiglicher
513 1720 594 1753 Art.

201 1787 238 1821 3.
263 1789 391 1819 contra
416 1809 426 1821 .
455 1808 464 1819 .
493 1811 503 1821 .
528 1796 675 1830 pugno,
702 1797 825 1833 gegen
851 1787 914 1822 dns
939 1788 1017 1823 sich
1042 1789 1140 1822 mein
1167 1788 1265 1822 Herz
1289 1789 1446 1822 striiubt.
1495 1791 1579 1835 Ego

106 1834 238 1880 procul
264 1834 396 1868 absum
422 1835 469 1868 ab
495 1834 721 1874 ambitione,
757 1847 866 1880 quam
890 1837 970 1882 ipse
995 1837 1032 1870 in
1057 1837 1139 1870 aliis
1164 1836 1442 1882 reprehendere
1467 1838 1580 1872 soleo.

107 1881 217 1916 SCH.
243 1901 288 1906 —
315 1885 348 1915 et
375 1886 478 1926 temp.
507 1907 519 1919 .
549 1907 557 1915 .
585 1893 679 1924 esse,
714 1884 788 1917 und
813 1885 918 1918 stelle
943 1884 1056 1918 recht
1081 1896 1194 1929 gerne
1221 1885 1282 1918 die
1313 1886 1396 1918 Zeit
1421 1886 1491 1918 und
1519 1886 1580 1919 die

107 1930 176 1963 Art
200 1930 348 1964 meiner
367 1931 585 1976 Belohnung
615 1931 755 1965 Deiner
785 1933 950 1978 Leitung
984 1933 1059 1967 und
1089 1933 1315 1978 Ermessung
1348 1934 1508 1968 anheixn.
1535 1954 1580 1959 -

109 1988 213 2021 sero,
239 1989 284 2011 zu
308 1979 408 2023 sp5t3
434 1979 585 2021 exigue,
610 1990 653 2012 zu
678 1980 819 2024 gering.
846 1983 880 2015 S.
899 1982 1053 2015 Ramslx.
1081 1981 1112 2024 ᾖ.
1139 1982 1220 2022 203,
1246 1982 1294 2020 ΙΙ,
1320 1993 1353 2021 a,
1380 1985 1413 2017 2.
1441 2002 1482 2007 -—
1513 1983 1581 2017 VI.

109 2026 201 2061 Kal.
227 2025 347 2067 Mai„
373 2037 432 2059 am
459 2028 514 2062 26.
540 2026 715 2072 Apri1.—
740 2038 861 2071 magn.
884 2029 1030 2072 itiner„
1056 2030 1093 2061 in
1120 2030 1267 2062 starken
1293 2032 1507 2064 Miirschen.
1535 2050 1583 2055 —

113 2073 272 2114 Vienna,
305 2085 373 2107 von
402 2074 543 2109 Vienne
570 2087 652 2118 aus5
684 2076 788 2110 einer
812 2077 921 2112 stadt
946 2078 1012 2111 der
1037 2077 1260 2122 Allobroger
1284 2079 1336 2111 im
1362 2080 1584 2112 Narbonen-

109 2121 258 2155 sischen
294 2122 448 2155 Gallien.
483 2122 518 2156 S.
546 2123 638 2158 Plin.
675 2126 720 2158 H.
748 2126 792 2158 N.
820 2126 870 2168 ΙΙ,
895 2127 954 2162 49.
981 2127 1050 2167 111,
1076 2126 1110 2159 4.
1146 2144 1190 2150 —
1223 2126 1414 2160 celeritate
1443 2127 1583 2169 satisf„

109 2169 176 2203 ich
202 2169 320 2203 werd’
345 2182 382 2204 es
407 2182 453 2204 an
477 2170 748 2216 Schnelligkeit
772 2173 883 2206 nicht
907 2174 1036 2207 fehlen
1064 2175 1191 2207 lassen.
1218 2193 1261 2198 -—
1289 2175 1338 2207 ad
1351 2178 1456 2219 temp.
1485 2186 1583 2208 cons.

111 2227 208 2261 cap„
233 2217 269 2250 h.
292 2229 322 2250 e.
347 2230 417 2264 pro
443 2220 590 2253 ratione
615 2221 819 2265 temporis,
852 2233 893 2255 so
921 2222 1031 2255 werd‘
1063 2223 1129 2254 ich
1163 2222 1259 2254 nach
1284 2223 1586 2257 Beschafsenheit

112 2264 179 2297 der
203 2267 404 2300 Umstande
431 2268 540 2301 einen
564 2268 786 2303 Entschluss
810 2270 946 2303 fassen.
972 2289 1015 2295 —-
1034 2271 1229 2312 faciurum
1252 2271 1291 2303 id
1307 2271 1378 2304 scis
1396 2272 1523 2306 Lamb.
1540 2290 1583 2296 -——

25 2305 27 2317 ⁴
68 2332 70 2334 v
110 2316 249 2354 mutuo,
284 2314 367 2349 dass
398 2314 463 2350 ich
496 2316 617 2350 Deine
655 2317 772 2352 Liebe
804 2318 989 2354 erwidern
1025 2319 1158 2353 werde.
1195 2316 1323 2364 Vergl.
1358 2332 1419 2366 ep.
1447 2320 1536 2361 814,
1563 2321 1585 2353 7

112 2371 171 2394 am
197 2361 312 2396 Ende.
