<?xml version="1.0" encoding="UTF-8"?>
<!DOCTYPE html PUBLIC "-//W3C//DTD XHTML 1.0 Transitional//EN"
    "http://www.w3.org/TR/xhtml1/DTD/xhtml1-transitional.dtd">
<html xmlns="http://www.w3.org/1999/xhtml" xml:lang="en" lang="en">
 <head>
  <title>
</title>
<meta http-equiv="Content-Type" content="text/html;charset=utf-8" />
  <meta name='ocr-system' content='tesseract 3.04.00' />
  <meta name='ocr-capabilities' content='ocr_page ocr_carea ocr_par ocr_line ocrx_word'/>
</head>
<body>
  <div class='ocr_page' id='page_1' title='image "./epistolaeadattic04ciceuoft_0078.png"; bbox 0 0 1795 3086; ppageno 0'>
   <div class='ocr_carea' id='block_1_1' title="bbox 181 71 1380 124">
    <p class='ocr_par' dir='ltr' id='par_1_1' title="bbox 181 71 1380 124">
     <span class='ocr_line' id='line_1_1' title="bbox 181 71 1380 124; baseline -0.005 -2"><span class='ocrx_word' id='word_1_1' title='bbox 181 77 244 124; x_wconf 78' lang='lat'>68</span> <span class='ocrx_word' id='word_1_2' title='bbox 456 75 519 118; x_wconf 88' lang='grc' dir='ltr'>Μ.</span> <span class='ocrx_word' id='word_1_3' title='bbox 550 75 606 120; x_wconf 92' lang='grc' dir='ltr'>Τ.</span> <span class='ocrx_word' id='word_1_4' title='bbox 638 72 981 119; x_wconf 78' lang='lat' dir='ltr'><strong>CICERONIS</strong></span> <span class='ocrx_word' id='word_1_5' title='bbox 1010 71 1380 118; x_wconf 85' lang='lat' dir='ltr'>EPISTOLAE.</span> 
     </span>
    </p>
   </div>
   <div class='ocr_carea' id='block_1_2' title="bbox 185 185 1666 242">
    <p class='ocr_par' dir='ltr' id='par_1_2' title="bbox 185 185 1666 242">
     <span class='ocr_line' id='line_1_2' title="bbox 185 185 1666 242; baseline -0.003 -12"><span class='ocrx_word' id='word_1_6' title='bbox 185 188 305 230; x_wconf 19' lang='lat' dir='ltr'>meis.</span> <span class='ocrx_word' id='word_1_7' title='bbox 336 189 554 234; x_wconf 86' lang='lat' dir='ltr'>consiliis,</span> <span class='ocrx_word' id='word_1_8' title='bbox 601 191 649 228; x_wconf 91' lang='lat' dir='ltr'>ut</span> <span class='ocrx_word' id='word_1_9' title='bbox 689 185 866 235; x_wconf 87' lang='lat' dir='ltr'>scribis,</span> <span class='ocrx_word' id='word_1_10' title='bbox 916 186 1129 229; x_wconf 88' lang='lat' dir='ltr'>existimo</span> <span class='ocrx_word' id='word_1_11' title='bbox 1168 185 1451 242; x_wconf 82' lang='lat' dir='ltr'>exploratius</span> <span class='ocrx_word' id='word_1_12' title='bbox 1489 199 1568 226; x_wconf 89' lang='lat' dir='ltr'>nos</span> <span class='ocrx_word' id='word_1_13' title='bbox 1608 185 1666 226; x_wconf 85' lang='lat' dir='ltr'>ad</span> 
     </span>
    </p>
   </div>
   <div class='ocr_carea' id='block_1_3' title="bbox 186 242 1724 307">
    <p class='ocr_par' dir='ltr' id='par_1_3' title="bbox 186 242 1724 307">
     <span class='ocr_line' id='line_1_3' title="bbox 186 242 1724 307; baseline -0.005 -20"><span class='ocrx_word' id='word_1_14' title='bbox 186 244 416 287; x_wconf 80' lang='lat' dir='ltr'>Kalendas</span> <span class='ocrx_word' id='word_1_15' title='bbox 446 244 600 285; x_wconf 88' lang='lat' dir='ltr'>Iunias</span> <span class='ocrx_word' id='word_1_16' title='bbox 629 246 827 286; x_wconf 82' lang='lat' dir='ltr'>statuere</span> <span class='ocrx_word' id='word_1_17' title='bbox 856 256 1007 297; x_wconf 87' lang='lat' dir='ltr'>posse:</span> <span class='ocrx_word' id='word_1_18' title='bbox 1047 243 1106 285; x_wconf 87' lang='lat' dir='ltr'>ad</span> <span class='ocrx_word' id='word_1_19' title='bbox 1135 256 1250 307; x_wconf 87' lang='lat' dir='ltr'>quas</span> <span class='ocrx_word' id='word_1_20' title='bbox 1274 243 1436 292; x_wconf 87' lang='lat' dir='ltr'>adero;</span> <span class='ocrx_word' id='word_1_21' title='bbox 1474 246 1519 283; x_wconf 87' lang='lat' dir='ltr'>et</span> <span class='ocrx_word' id='word_1_22' title='bbox 1547 242 1670 282; x_wconf 85' lang='lat' dir='ltr'>omni</span> <span class='ocrx_word' id='word_1_23' title='bbox 1720 275 1724 279; x_wconf 75' lang='grc'>,</span> 
     </span>
    </p>
   </div>
   <div class='ocr_carea' id='block_1_4' title="bbox 188 298 1671 745">
    <p class='ocr_par' dir='ltr' id='par_1_4' title="bbox 188 298 1671 745">
     <span class='ocr_line' id='line_1_4' title="bbox 188 298 1669 355; baseline -0.003 -13"><span class='ocrx_word' id='word_1_24' title='bbox 188 315 272 355; x_wconf 84' lang='lat' dir='ltr'>ope</span> <span class='ocrx_word' id='word_1_25' title='bbox 301 306 435 355; x_wconf 89' lang='lat' dir='ltr'>atque</span> <span class='ocrx_word' id='word_1_26' title='bbox 466 312 602 355; x_wconf 89' lang='lat' dir='ltr'>opera</span> <span class='ocrx_word' id='word_1_27' title='bbox 631 300 789 351; x_wconf 84' lang='lat' dir='ltr'>enitar,</span> <span class='ocrx_word' id='word_1_28' title='bbox 820 298 1060 341; x_wconf 85' lang='lat' dir='ltr'>adluvante</span> <span class='ocrx_word' id='word_1_29' title='bbox 1089 313 1158 340; x_wconf 90' lang='lat' dir='ltr'>me</span> <span class='ocrx_word' id='word_1_30' title='bbox 1187 298 1366 340; x_wconf 90' lang='lat' dir='ltr'>scilicet</span> <span class='ocrx_word' id='word_1_31' title='bbox 1399 298 1669 339; x_wconf 83' lang='lat' dir='ltr'>auctoritate</span> 
     </span>
     <span class='ocr_line' id='line_1_5' title="bbox 188 353 1668 410; baseline -0.003 -12"><span class='ocrx_word' id='word_1_32' title='bbox 188 363 266 398; x_wconf 86' lang='lat' dir='ltr'>tua</span> <span class='ocrx_word' id='word_1_33' title='bbox 295 361 340 397; x_wconf 89' lang='lat' dir='ltr'>et</span> <span class='ocrx_word' id='word_1_34' title='bbox 368 356 515 410; x_wconf 85' lang='lat' dir='ltr'>gratia</span> <span class='ocrx_word' id='word_1_35' title='bbox 543 358 588 396; x_wconf 86' lang='lat' dir='ltr'>et</span> <span class='ocrx_word' id='word_1_36' title='bbox 616 368 783 395; x_wconf 85' lang='lat' dir='ltr'>summa</span> <span class='ocrx_word' id='word_1_37' title='bbox 811 355 1040 409; x_wconf 85' lang='lat' dir='ltr'>aequitate</span> <span class='ocrx_word' id='word_1_38' title='bbox 1071 368 1244 401; x_wconf 86' lang='lat' dir='ltr'>causae,</span> <span class='ocrx_word' id='word_1_39' title='bbox 1288 358 1336 395; x_wconf 88' lang='lat' dir='ltr'>ut</span> <span class='ocrx_word' id='word_1_40' title='bbox 1374 353 1432 395; x_wconf 89' lang='lat' dir='ltr'>de</span> <span class='ocrx_word' id='word_1_41' title='bbox 1468 353 1668 395; x_wconf 86' lang='lat' dir='ltr'>Buthro-</span> 
     </span>
     <span class='ocr_line' id='line_1_6' title="bbox 189 409 1668 465; baseline -0.003 -12"><span class='ocrx_word' id='word_1_42' title='bbox 189 413 268 454; x_wconf 85' lang='lat' dir='ltr'>tiis</span> <span class='ocrx_word' id='word_1_43' title='bbox 305 415 484 453; x_wconf 87' lang='lat' dir='ltr'>senatus</span> <span class='ocrx_word' id='word_1_44' title='bbox 515 411 776 458; x_wconf 83' lang='lat' dir='ltr'>consultum,</span> <span class='ocrx_word' id='word_1_45' title='bbox 806 412 938 465; x_wconf 85' lang='lat' dir='ltr'>quale</span> <span class='ocrx_word' id='word_1_46' title='bbox 972 411 1149 458; x_wconf 86' lang='lat' dir='ltr'>scribis,</span> <span class='ocrx_word' id='word_1_47' title='bbox 1178 410 1274 451; x_wconf 82' lang='lat' dir='ltr'>fiat.</span> <span class='ocrx_word' id='word_1_48' title='bbox 1329 409 1464 460; x_wconf 83' lang='lat' dir='ltr'>Quod</span> <span class='ocrx_word' id='word_1_49' title='bbox 1493 423 1563 450; x_wconf 90' lang='lat' dir='ltr'>me</span> <span class='ocrx_word' id='word_1_50' title='bbox 1593 422 1668 449; x_wconf 92' lang='lat' dir='ltr'>co-</span> 
     </span>
     <span class='ocr_line' id='line_1_7' title="bbox 190 466 1671 523; baseline -0.002 -15"><span class='ocrx_word' id='word_1_51' title='bbox 190 468 334 523; x_wconf 80' lang='lat' dir='ltr'>gitale</span> <span class='ocrx_word' id='word_1_52' title='bbox 364 467 502 513; x_wconf 89' lang='lat' dir='ltr'>iubes,</span> <span class='ocrx_word' id='word_1_53' title='bbox 531 466 737 520; x_wconf 80' lang='lat' dir='ltr'>cogitabo</span> <span class='ocrx_word' id='word_1_54' title='bbox 767 467 997 521; x_wconf 85' lang='lat' dir='ltr'>equidem:</span> <span class='ocrx_word' id='word_1_55' title='bbox 1047 467 1133 508; x_wconf 88' lang='lat' dir='ltr'>etsi</span> <span class='ocrx_word' id='word_1_56' title='bbox 1171 466 1262 518; x_wconf 67' lang='lat' dir='ltr'>tibi„</span> <span class='ocrx_word' id='word_1_57' title='bbox 1294 466 1505 507; x_wconf 83' lang='lat' dir='ltr'>dederam</span> <span class='ocrx_word' id='word_1_58' title='bbox 1541 478 1671 519; x_wconf 90' lang='lat' dir='ltr'>supe-</span> 
     </span>
     <span class='ocr_line' id='line_1_8' title="bbox 190 522 1669 586; baseline -0.003 -22"><span class='ocrx_word' id='word_1_59' title='bbox 190 525 311 564; x_wconf 90' lang='lat' dir='ltr'>ri01e</span> <span class='ocrx_word' id='word_1_60' title='bbox 342 523 534 577; x_wconf 88' lang='lat' dir='ltr'>epistola</span> <span class='ocrx_word' id='word_1_61' title='bbox 563 522 864 586; x_wconf 83' lang='lat' dir='ltr'>cogitandum.</span> <span class='ocrx_word' id='word_1_62' title='bbox 931 523 1008 564; x_wconf 90' lang='lat' dir='ltr'>Tu</span> <span class='ocrx_word' id='word_1_63' title='bbox 1050 526 1211 568; x_wconf 88' lang='lat' dir='ltr'>autem,</span> <span class='ocrx_word' id='word_1_64' title='bbox 1250 523 1378 576; x_wconf 86' lang='lat' dir='ltr'>quasi</span> <span class='ocrx_word' id='word_1_65' title='bbox 1416 522 1506 562; x_wconf 88' lang='lat' dir='ltr'>iam</span> <span class='ocrx_word' id='word_1_66' title='bbox 1545 534 1669 561; x_wconf 89' lang='lat' dir='ltr'>recu-</span> 
     </span>
     <span class='ocr_line' id='line_1_9' title="bbox 190 576 1669 633; baseline -0.002 -14"><span class='ocrx_word' id='word_1_67' title='bbox 190 582 346 633; x_wconf 84' lang='lat' dir='ltr'>perata</span> <span class='ocrx_word' id='word_1_68' title='bbox 375 592 421 619; x_wconf 81' lang='lat' dir='ltr'>le</span> <span class='ocrx_word' id='word_1_69' title='bbox 451 578 645 632; x_wconf 84' lang='lat' dir='ltr'>publiea,</span> <span class='ocrx_word' id='word_1_70' title='bbox 676 577 842 620; x_wconf 85' lang='lat' dir='ltr'>vicinis</span> <span class='ocrx_word' id='word_1_71' title='bbox 880 580 972 620; x_wconf 83' lang='lat' dir='ltr'>tuis</span> <span class='ocrx_word' id='word_1_72' title='bbox 1001 578 1361 620; x_wconf 80' lang='lat' dir='ltr'>Massiliensibus</span> <span class='ocrx_word' id='word_1_73' title='bbox 1390 592 1471 620; x_wconf 84' lang='lat' dir='ltr'>sua</span> <span class='ocrx_word' id='word_1_74' title='bbox 1500 576 1669 617; x_wconf 85' lang='lat' dir='ltr'>reddis.</span> 
     </span>
     <span class='ocr_line' id='line_1_10' title="bbox 189 632 1670 690; baseline -0.003 -15"><span class='ocrx_word' id='word_1_75' title='bbox 189 636 316 675; x_wconf 87' lang='lat' dir='ltr'>Haec</span> <span class='ocrx_word' id='word_1_76' title='bbox 344 634 493 681; x_wconf 84' lang='lat' dir='ltr'>armis,</span> <span class='ocrx_word' id='word_1_77' title='bbox 522 647 635 688; x_wconf 88' lang='lat' dir='ltr'>quae</span> <span class='ocrx_word' id='word_1_78' title='bbox 665 648 796 688; x_wconf 89' lang='lat' dir='ltr'>quam</span> <span class='ocrx_word' id='word_1_79' title='bbox 824 633 957 674; x_wconf 86' lang='lat' dir='ltr'>firma</span> <span class='ocrx_word' id='word_1_80' title='bbox 994 634 1231 675; x_wconf 83' lang='lat' dir='ltr'>habeamus</span> <span class='ocrx_word' id='word_1_81' title='bbox 1271 635 1450 690; x_wconf 77' lang='lat' dir='ltr'>ignom,</span> <span class='ocrx_word' id='word_1_82' title='bbox 1490 632 1670 675; x_wconf 87' lang='lat' dir='ltr'>restitui</span> 
     </span>
     <span class='ocr_line' id='line_1_11' title="bbox 189 690 1259 745; baseline 0 -14"><span class='ocrx_word' id='word_1_83' title='bbox 189 690 381 733; x_wconf 86' lang='lat' dir='ltr'>sortasse</span> <span class='ocrx_word' id='word_1_84' title='bbox 410 694 607 745; x_wconf 86' lang='lat' dir='ltr'>possunt,</span> <span class='ocrx_word' id='word_1_85' title='bbox 637 690 907 731; x_wconf 86' lang='lat' dir='ltr'>auctoritate</span> <span class='ocrx_word' id='word_1_86' title='bbox 946 703 1033 731; x_wconf 90' lang='lat' dir='ltr'>non</span> <span class='ocrx_word' id='word_1_87' title='bbox 1063 692 1259 745; x_wconf 85' lang='lat' dir='ltr'>possunt.</span> 
     </span>
    </p>
   </div>
   <div class='ocr_carea' id='block_1_5' title="bbox 353 870 1512 997">
    <p class='ocr_par' dir='ltr' id='par_1_5' title="bbox 353 870 1512 997">
     <span class='ocr_line' id='line_1_12' title="bbox 387 870 1480 924; baseline -0.005 -7"><span class='ocrx_word' id='word_1_88' title='bbox 387 873 705 917; x_wconf 85' lang='lat' dir='ltr'><strong>EPISTOLA</strong></span> <span class='ocrx_word' id='word_1_89' title='bbox 735 874 970 917; x_wconf 87' lang='lat' dir='ltr'>DCXCV.</span> <span class='ocrx_word' id='word_1_90' title='bbox 1030 873 1106 924; x_wconf 80' lang='lat' dir='ltr'>(ad</span> <span class='ocrx_word' id='word_1_91' title='bbox 1136 874 1244 915; x_wconf 83' lang='lat' dir='ltr'>Div.</span> <span class='ocrx_word' id='word_1_92' title='bbox 1276 872 1359 914; x_wconf 90' lang='lat' dir='ltr'>VI.</span> <span class='ocrx_word' id='word_1_93' title='bbox 1392 870 1480 921; x_wconf 86' lang='lat'>17.)</span> 
     </span>
     <span class='ocr_line' id='line_1_13' title="bbox 353 945 1512 997; baseline 0.005 -15"><span class='ocrx_word' id='word_1_94' title='bbox 353 948 435 983; x_wconf 73' lang='lat' dir='ltr'>scr.</span> <span class='ocrx_word' id='word_1_95' title='bbox 463 950 628 984; x_wconf 74' lang='lat' dir='ltr'>Puteolis</span> <span class='ocrx_word' id='word_1_96' title='bbox 654 961 782 985; x_wconf 76' lang='lat' dir='ltr'>mense</span> <span class='ocrx_word' id='word_1_97' title='bbox 809 951 936 997; x_wconf 72' lang='lat' dir='ltr'>Aprili</span> <span class='ocrx_word' id='word_1_98' title='bbox 962 950 1004 984; x_wconf 82' lang='grc' dir='ltr'><strong>Α.</strong></span> <span class='ocrx_word' id='word_1_99' title='bbox 1031 950 1075 984; x_wconf 88' lang='lat' dir='ltr'>U.</span> <span class='ocrx_word' id='word_1_100' title='bbox 1104 950 1142 984; x_wconf 89' lang='lat' dir='ltr'>c.</span> <span class='ocrx_word' id='word_1_101' title='bbox 1171 951 1249 985; x_wconf 84' lang='lat'>710.</span> <span class='ocrx_word' id='word_1_102' title='bbox 1295 950 1342 989; x_wconf 81' lang='lat' dir='ltr'>(a.</span> <span class='ocrx_word' id='word_1_103' title='bbox 1371 947 1410 981; x_wconf 84' lang='lat' dir='ltr'>c.</span> <span class='ocrx_word' id='word_1_104' title='bbox 1438 945 1512 987; x_wconf 80' lang='lat'>44.)</span> 
     </span>
    </p>
   </div>
   <div class='ocr_carea' id='block_1_6' title="bbox 190 1011 1674 1100">
    <p class='ocr_par' dir='ltr' id='par_1_6' title="bbox 190 1011 1674 1100">
     <span class='ocr_line' id='line_1_14' title="bbox 190 1011 1674 1062; baseline -0.005 -11"><span class='ocrx_word' id='word_1_105' title='bbox 190 1017 388 1062; x_wconf 76' lang='lat' dir='ltr'>Significat</span> <span class='ocrx_word' id='word_1_106' title='bbox 413 1024 561 1061; x_wconf 79' lang='lat' dir='ltr'>gratum</span> <span class='ocrx_word' id='word_1_107' title='bbox 588 1017 660 1051; x_wconf 89' lang='lat' dir='ltr'>sibi</span> <span class='ocrx_word' id='word_1_108' title='bbox 685 1017 814 1059; x_wconf 84' lang='lat' dir='ltr'>fuisse,</span> <span class='ocrx_word' id='word_1_109' title='bbox 845 1017 943 1061; x_wconf 87' lang='lat' dir='ltr'>quod</span> <span class='ocrx_word' id='word_1_110' title='bbox 969 1016 1195 1061; x_wconf 85' lang='lat' dir='ltr'>Bithynicus</span> <span class='ocrx_word' id='word_1_111' title='bbox 1230 1014 1433 1050; x_wconf 86' lang='lat' dir='ltr'>constituta</span> <span class='ocrx_word' id='word_1_112' title='bbox 1458 1024 1497 1046; x_wconf 87' lang='lat' dir='ltr'>re</span> <span class='ocrx_word' id='word_1_113' title='bbox 1524 1011 1674 1057; x_wconf 81' lang='lat' dir='ltr'>publica</span> 
     </span>
     <span class='ocr_line' id='line_1_15' title="bbox 502 1065 1364 1100; baseline -0.002 -1"><span class='ocrx_word' id='word_1_114' title='bbox 502 1077 628 1099; x_wconf 83' lang='lat' dir='ltr'>secum</span> <span class='ocrx_word' id='word_1_115' title='bbox 653 1067 847 1100; x_wconf 82' lang='lat' dir='ltr'>victurum</span> <span class='ocrx_word' id='word_1_116' title='bbox 873 1077 950 1099; x_wconf 85' lang='lat' dir='ltr'>esse</span> <span class='ocrx_word' id='word_1_117' title='bbox 977 1065 1202 1099; x_wconf 78' lang='lat' dir='ltr'>ostenderat.</span> <span class='ocrx_word' id='word_1_118' title='bbox 1262 1065 1364 1098; x_wconf 86' lang='lat'>1-2.</span> 
     </span>
    </p>
   </div>
   <div class='ocr_carea' id='block_1_7' title="bbox 679 1131 1174 1168">
    <p class='ocr_par' dir='ltr' id='par_1_7' title="bbox 679 1131 1174 1168">
     <span class='ocr_line' id='line_1_16' title="bbox 679 1131 1174 1168; baseline 0.002 -2"><span class='ocrx_word' id='word_1_119' title='bbox 679 1132 858 1166; x_wconf 88' lang='lat' dir='ltr'>CICERO</span> <span class='ocrx_word' id='word_1_120' title='bbox 885 1131 1174 1168; x_wconf 83' lang='lat' dir='ltr'>BITHYNICO.</span> 
     </span>
    </p>
   </div>
   <div class='ocr_carea' id='block_1_8' title="bbox 188 1196 1676 1704">
    <p class='ocr_par' dir='ltr' id='par_1_8' title="bbox 188 1196 1676 1701">
     <span class='ocr_line' id='line_1_17' title="bbox 301 1196 1673 1253; baseline -0.004 -12"><span class='ocrx_word' id='word_1_121' title='bbox 301 1199 450 1250; x_wconf 82' lang='lat' dir='ltr'>Quum</span> <span class='ocrx_word' id='word_1_122' title='bbox 481 1202 731 1241; x_wconf 87' lang='lat' dir='ltr'>ceterarum</span> <span class='ocrx_word' id='word_1_123' title='bbox 763 1213 910 1240; x_wconf 86' lang='lat' dir='ltr'>rerum</span> <span class='ocrx_word' id='word_1_124' title='bbox 952 1213 1086 1241; x_wconf 86' lang='lat' dir='ltr'>causa</span> <span class='ocrx_word' id='word_1_125' title='bbox 1122 1200 1254 1253; x_wconf 89' lang='lat' dir='ltr'>cupio</span> <span class='ocrx_word' id='word_1_126' title='bbox 1294 1211 1391 1240; x_wconf 88' lang='lat' dir='ltr'>esse</span> <span class='ocrx_word' id='word_1_127' title='bbox 1430 1196 1673 1252; x_wconf 86' lang='lat' dir='ltr'>aliquando</span> 
     </span>
     <span class='ocr_line' id='line_1_18' title="bbox 189 1253 1673 1312; baseline -0.002 -16"><span class='ocrx_word' id='word_1_128' title='bbox 189 1268 281 1297; x_wconf 86' lang='lat' dir='ltr'>rem</span> <span class='ocrx_word' id='word_1_129' title='bbox 311 1257 537 1312; x_wconf 85' lang='lat' dir='ltr'>publicam</span> <span class='ocrx_word' id='word_1_130' title='bbox 566 1256 872 1301; x_wconf 86' lang='lat' dir='ltr'>constitutam,</span> <span class='ocrx_word' id='word_1_131' title='bbox 915 1258 1011 1296; x_wconf 88' lang='lat' dir='ltr'>tum</span> <span class='ocrx_word' id='word_1_132' title='bbox 1050 1257 1188 1297; x_wconf 87' lang='lat' dir='ltr'>velim</span> <span class='ocrx_word' id='word_1_133' title='bbox 1214 1254 1328 1296; x_wconf 89' lang='lat' dir='ltr'>mihi</span> <span class='ocrx_word' id='word_1_134' title='bbox 1360 1253 1518 1295; x_wconf 87' lang='lat' dir='ltr'>credas</span> <span class='ocrx_word' id='word_1_135' title='bbox 1548 1266 1673 1295; x_wconf 85' lang='lat' dir='ltr'>acce-</span> 
     </span>
     <span class='ocr_line' id='line_1_19' title="bbox 189 1312 1674 1375; baseline -0.003 -23"><span class='ocrx_word' id='word_1_136' title='bbox 189 1312 295 1352; x_wconf 87' lang='lat' dir='ltr'>dere</span> <span class='ocrx_word' id='word_1_137' title='bbox 325 1313 374 1352; x_wconf 87' lang='lat' dir='ltr'>id</span> <span class='ocrx_word' id='word_1_138' title='bbox 404 1313 555 1362; x_wconf 82' lang='lat' dir='ltr'>etiam,</span> <span class='ocrx_word' id='word_1_139' title='bbox 583 1324 671 1366; x_wconf 90' lang='lat' dir='ltr'>quo</span> <span class='ocrx_word' id='word_1_140' title='bbox 701 1313 845 1366; x_wconf 84' lang='lat' dir='ltr'>magis</span> <span class='ocrx_word' id='word_1_141' title='bbox 873 1316 1080 1375; x_wconf 86' lang='lat' dir='ltr'>expetam</span> <span class='ocrx_word' id='word_1_142' title='bbox 1099 1312 1375 1375; x_wconf 37' lang='lat' dir='ltr'>’promissum</span> <span class='ocrx_word' id='word_1_143' title='bbox 1404 1313 1544 1361; x_wconf 78' lang='lat' dir='ltr'>tuum,</span> <span class='ocrx_word' id='word_1_144' title='bbox 1585 1322 1674 1363; x_wconf 90' lang='lat' dir='ltr'>quo</span> 
     </span>
     <span class='ocr_line' id='line_1_20' title="bbox 190 1367 1674 1419; baseline -0.002 -12"><span class='ocrx_word' id='word_1_145' title='bbox 190 1368 235 1407; x_wconf 92' lang='lat' dir='ltr'>in</span> <span class='ocrx_word' id='word_1_146' title='bbox 267 1367 415 1409; x_wconf 81' lang='lat' dir='ltr'>litelis</span> <span class='ocrx_word' id='word_1_147' title='bbox 447 1367 597 1408; x_wconf 71' lang='lat' dir='ltr'>uteris.</span> <span class='ocrx_word' id='word_1_148' title='bbox 657 1367 832 1408; x_wconf 84' lang='lat' dir='ltr'>Scribis</span> <span class='ocrx_word' id='word_1_149' title='bbox 862 1367 995 1419; x_wconf 84' lang='lat' dir='ltr'>enim,</span> <span class='ocrx_word' id='word_1_150' title='bbox 1024 1367 1065 1409; x_wconf 92' lang='lat' dir='ltr'>si</span> <span class='ocrx_word' id='word_1_151' title='bbox 1095 1367 1159 1408; x_wconf 86' lang='lat' dir='ltr'>ita</span> <span class='ocrx_word' id='word_1_152' title='bbox 1189 1368 1261 1412; x_wconf 88' lang='lat' dir='ltr'>sit,</span> <span class='ocrx_word' id='word_1_153' title='bbox 1303 1371 1348 1408; x_wconf 84' lang='lat' dir='ltr'>te</span> <span class='ocrx_word' id='word_1_154' title='bbox 1376 1380 1546 1406; x_wconf 88' lang='lat' dir='ltr'>mecum</span> <span class='ocrx_word' id='word_1_155' title='bbox 1578 1377 1674 1406; x_wconf 86' lang='lat' dir='ltr'>esse</span> 
     </span>
     <span class='ocr_line' id='line_1_21' title="bbox 188 1421 1674 1486; baseline -0.003 -21"><span class='ocrx_word' id='word_1_156' title='bbox 188 1425 427 1465; x_wconf 87' lang='lat' dir='ltr'>victurum.</span> <span class='ocrx_word' id='word_1_157' title='bbox 502 1422 775 1464; x_wconf 83' lang='lat' dir='ltr'>Gratissima</span> <span class='ocrx_word' id='word_1_158' title='bbox 811 1422 925 1463; x_wconf 90' lang='lat' dir='ltr'>mihi</span> <span class='ocrx_word' id='word_1_159' title='bbox 964 1427 1041 1464; x_wconf 86' lang='lat' dir='ltr'>tua</span> <span class='ocrx_word' id='word_1_160' title='bbox 1080 1424 1288 1464; x_wconf 87' lang='lat' dir='ltr'>voluntas</span> <span class='ocrx_word' id='word_1_161' title='bbox 1329 1426 1421 1471; x_wconf 78' lang='lat' dir='ltr'>est3</span> <span class='ocrx_word' id='word_1_162' title='bbox 1470 1421 1674 1486; x_wconf 79' lang='lat' dir='ltr'>facisque</span> 
     </span>
     <span class='ocr_line' id='line_1_22' title="bbox 188 1477 1675 1533; baseline -0.003 -14"><span class='ocrx_word' id='word_1_163' title='bbox 188 1478 304 1520; x_wconf 89' lang='lat' dir='ltr'>nihil</span> <span class='ocrx_word' id='word_1_164' title='bbox 335 1478 529 1519; x_wconf 89' lang='lat' dir='ltr'>alienum</span> <span class='ocrx_word' id='word_1_165' title='bbox 568 1478 897 1520; x_wconf 83' lang='lat' dir='ltr'>necessitudine</span> <span class='ocrx_word' id='word_1_166' title='bbox 925 1483 1078 1520; x_wconf 84' lang='lat' dir='ltr'>nostra</span> <span class='ocrx_word' id='word_1_167' title='bbox 1116 1478 1385 1533; x_wconf 88' lang='lat' dir='ltr'>iudiciisque</span> <span class='ocrx_word' id='word_1_168' title='bbox 1424 1478 1567 1531; x_wconf 81' lang='lat' dir='ltr'>patris</span> <span class='ocrx_word' id='word_1_169' title='bbox 1608 1477 1675 1517; x_wconf 88' lang='lat' dir='ltr'>tui</span> 
     </span>
     <span class='ocr_line' id='line_1_23' title="bbox 189 1533 1674 1586; baseline -0.001 -11"><span class='ocrx_word' id='word_1_170' title='bbox 189 1535 245 1575; x_wconf 89' lang='lat' dir='ltr'>de</span> <span class='ocrx_word' id='word_1_171' title='bbox 274 1549 360 1586; x_wconf 84' lang='lat' dir='ltr'>me,</span> <span class='ocrx_word' id='word_1_172' title='bbox 389 1534 553 1575; x_wconf 90' lang='lat' dir='ltr'>summi</span> <span class='ocrx_word' id='word_1_173' title='bbox 580 1534 685 1576; x_wconf 68' lang='lat' dir='ltr'>vini.</span> <span class='ocrx_word' id='word_1_174' title='bbox 745 1535 860 1576; x_wconf 88' lang='lat' dir='ltr'>Nam</span> <span class='ocrx_word' id='word_1_175' title='bbox 905 1534 971 1576; x_wconf 89' lang='lat' dir='ltr'>sic</span> <span class='ocrx_word' id='word_1_176' title='bbox 1009 1534 1186 1583; x_wconf 85' lang='lat' dir='ltr'>habeto,</span> <span class='ocrx_word' id='word_1_177' title='bbox 1226 1533 1543 1574; x_wconf 86' lang='lat' dir='ltr'>beneficiorum</span> <span class='ocrx_word' id='word_1_178' title='bbox 1582 1545 1674 1573; x_wconf 84' lang='lat' dir='ltr'>ma-</span> 
     </span>
     <span class='ocr_line' id='line_1_24' title="bbox 189 1589 1676 1655; baseline -0.002 -24"><span class='ocrx_word' id='word_1_179' title='bbox 189 1590 426 1655; x_wconf 80' lang='lat' dir='ltr'>gnitudine</span> <span class='ocrx_word' id='word_1_180' title='bbox 474 1604 575 1636; x_wconf 88' lang='lat' dir='ltr'>eos,</span> <span class='ocrx_word' id='word_1_181' title='bbox 629 1591 708 1645; x_wconf 91' lang='lat' dir='ltr'>qui</span> <span class='ocrx_word' id='word_1_182' title='bbox 756 1592 1032 1645; x_wconf 84' lang='lat' dir='ltr'>temporibus</span> <span class='ocrx_word' id='word_1_183' title='bbox 1078 1591 1338 1635; x_wconf 82' lang='lat' dir='ltr'>valuerunt,</span> <span class='ocrx_word' id='word_1_184' title='bbox 1387 1593 1435 1629; x_wconf 88' lang='lat' dir='ltr'>ut</span> <span class='ocrx_word' id='word_1_185' title='bbox 1486 1589 1676 1635; x_wconf 84' lang='lat' dir='ltr'>valeant,</span> 
     </span>
     <span class='ocr_line' id='line_1_25' title="bbox 190 1644 1673 1704; baseline -0.001 -17"><span class='ocrx_word' id='word_1_186' title='bbox 190 1646 520 1704; x_wconf 86' lang='lat' dir='ltr'>coniunctiores</span> <span class='ocrx_word' id='word_1_187' title='bbox 550 1650 694 1689; x_wconf 89' lang='lat' dir='ltr'>tecum</span> <span class='ocrx_word' id='word_1_188' title='bbox 734 1660 845 1694; x_wconf 90' lang='lat' dir='ltr'>esse,</span> <span class='ocrx_word' id='word_1_189' title='bbox 885 1660 1016 1701; x_wconf 84' lang='lat' dir='ltr'>quam</span> <span class='ocrx_word' id='word_1_190' title='bbox 1046 1660 1139 1695; x_wconf 80' lang='lat' dir='ltr'>me3</span> <span class='ocrx_word' id='word_1_191' title='bbox 1177 1645 1506 1687; x_wconf 89' lang='lat' dir='ltr'>necessitudine</span> <span class='ocrx_word' id='word_1_192' title='bbox 1535 1644 1673 1686; x_wconf 90' lang='lat' dir='ltr'>nemi-</span> 
     </span>
    </p>
   </div>
   <div class='ocr_carea' id='block_1_9' title="bbox 190 1805 1676 2279">
    <p class='ocr_par' dir='ltr' id='par_1_9' title="bbox 190 1805 1676 2279">
     <span class='ocr_line' id='line_1_26' title="bbox 285 1805 1675 1850; baseline -0.002 -11"><span class='ocrx_word' id='word_1_193' title='bbox 285 1809 318 1843; x_wconf 82' lang='lat'>6.</span> <span class='ocrx_word' id='word_1_194' title='bbox 371 1806 552 1850; x_wconf 79' lang='lat' dir='ltr'>explorat.</span> <span class='ocrx_word' id='word_1_195' title='bbox 591 1834 599 1842; x_wconf 82' lang='grc'><strong>.</strong></span> <span class='ocrx_word' id='word_1_196' title='bbox 635 1830 643 1838; x_wconf 89' lang='grc'><strong>.</strong></span> <span class='ocrx_word' id='word_1_197' title='bbox 681 1805 953 1849; x_wconf 47' lang='grc' dir='ltr'><strong>είαῑ.,,Είννεε</strong></span> <span class='ocrx_word' id='word_1_198' title='bbox 999 1805 1310 1850; x_wconf 71' lang='lat' dir='ltr'>zuverl&#39;assigeres</span> <span class='ocrx_word' id='word_1_199' title='bbox 1348 1805 1583 1839; x_wconf 80' lang='lat' dir='ltr'>bestimmen.</span> <span class='ocrx_word' id='word_1_200' title='bbox 1629 1824 1675 1830; x_wconf 88' lang='lat'>—-</span> 
     </span>
     <span class='ocr_line' id='line_1_27' title="bbox 191 1852 1675 1898; baseline -0.002 -10"><span class='ocrx_word' id='word_1_201' title='bbox 191 1856 300 1889; x_wconf 82' lang='lat' dir='ltr'>adero</span> <span class='ocrx_word' id='word_1_202' title='bbox 327 1855 475 1888; x_wconf 83' lang='lat' dir='ltr'>Romae.</span> <span class='ocrx_word' id='word_1_203' title='bbox 506 1875 546 1879; x_wconf 96' lang='lat'><strong>—</strong></span> <span class='ocrx_word' id='word_1_204' title='bbox 576 1854 620 1887; x_wconf 73' lang='lat' dir='ltr'>«te</span> <span class='ocrx_word' id='word_1_205' title='bbox 646 1853 861 1887; x_wconf 78' lang='lat' dir='ltr'>Buthrotiis.</span> <span class='ocrx_word' id='word_1_206' title='bbox 894 1852 930 1886; x_wconf 90' lang='lat' dir='ltr'>S.</span> <span class='ocrx_word' id='word_1_207' title='bbox 957 1866 1004 1886; x_wconf 88' lang='lat' dir='ltr'>zu</span> <span class='ocrx_word' id='word_1_208' title='bbox 1029 1865 1084 1898; x_wconf 88' lang='lat' dir='ltr'>ep.</span> <span class='ocrx_word' id='word_1_209' title='bbox 1112 1856 1194 1893; x_wconf 84' lang='lat'><strong>691,</strong></span> <span class='ocrx_word' id='word_1_210' title='bbox 1223 1854 1253 1887; x_wconf 86' lang='lat'>2.</span> <span class='ocrx_word' id='word_1_211' title='bbox 1281 1854 1362 1895; x_wconf 80' lang='lat'><strong>692,</strong></span> <span class='ocrx_word' id='word_1_212' title='bbox 1389 1855 1421 1886; x_wconf 91' lang='lat' dir='ltr'>l.</span> <span class='ocrx_word' id='word_1_213' title='bbox 1463 1871 1504 1876; x_wconf 79' lang='lat'>-—</span> <span class='ocrx_word' id='word_1_214' title='bbox 1545 1853 1675 1886; x_wconf 73' lang='lat' dir='ltr'>vicinis</span> 
     </span>
     <span class='ocr_line' id='line_1_28' title="bbox 191 1900 1675 1945; baseline -0.001 -9"><span class='ocrx_word' id='word_1_215' title='bbox 191 1904 264 1936; x_wconf 74' lang='lat' dir='ltr'>tuis</span> <span class='ocrx_word' id='word_1_216' title='bbox 304 1901 616 1936; x_wconf 74' lang='lat' dir='ltr'>Massiliensibus.</span> <span class='ocrx_word' id='word_1_217' title='bbox 670 1902 918 1936; x_wconf 85' lang='lat' dir='ltr'>Massilienses</span> <span class='ocrx_word' id='word_1_218' title='bbox 952 1902 1070 1935; x_wconf 87' lang='lat' dir='ltr'>vicini</span> <span class='ocrx_word' id='word_1_219' title='bbox 1104 1902 1280 1935; x_wconf 85' lang='lat' dir='ltr'>dicuntur</span> <span class='ocrx_word' id='word_1_220' title='bbox 1316 1900 1446 1942; x_wconf 87' lang='lat' dir='ltr'>Attici,</span> <span class='ocrx_word' id='word_1_221' title='bbox 1483 1902 1545 1935; x_wconf 87' lang='lat' dir='ltr'>vel</span> <span class='ocrx_word' id='word_1_222' title='bbox 1578 1901 1675 1945; x_wconf 85' lang='lat' dir='ltr'>quod</span> 
     </span>
     <span class='ocr_line' id='line_1_29' title="bbox 193 1948 1674 1996; baseline -0.001 -11"><span class='ocrx_word' id='word_1_223' title='bbox 193 1950 336 1985; x_wconf 82' lang='lat' dir='ltr'>Atticus</span> <span class='ocrx_word' id='word_1_224' title='bbox 363 1950 563 1996; x_wconf 78' lang='lat' dir='ltr'>praedium</span> <span class='ocrx_word' id='word_1_225' title='bbox 589 1949 742 1994; x_wconf 84' lang='lat' dir='ltr'>aliquod</span> <span class='ocrx_word' id='word_1_226' title='bbox 767 1950 808 1983; x_wconf 90' lang='lat' dir='ltr'>in</span> <span class='ocrx_word' id='word_1_227' title='bbox 834 1949 1100 1996; x_wconf 83' lang='lat' dir='ltr'>Allobrogibus</span> <span class='ocrx_word' id='word_1_228' title='bbox 1126 1955 1190 1983; x_wconf 86' lang='lat' dir='ltr'>aut</span> <span class='ocrx_word' id='word_1_229' title='bbox 1215 1948 1340 1983; x_wconf 73' lang='lat' dir='ltr'>Gallia</span> <span class='ocrx_word' id='word_1_230' title='bbox 1368 1956 1529 1995; x_wconf 85' lang='lat' dir='ltr'>propter</span> <span class='ocrx_word' id='word_1_231' title='bbox 1544 1949 1674 1983; x_wconf 83' lang='lat' dir='ltr'>Massi-</span> 
     </span>
     <span class='ocr_line' id='line_1_30' title="bbox 190 1997 1675 2044; baseline -0.001 -12"><span class='ocrx_word' id='word_1_232' title='bbox 190 1998 368 2032; x_wconf 87' lang='lat' dir='ltr'>liensium</span> <span class='ocrx_word' id='word_1_233' title='bbox 405 1998 498 2031; x_wconf 85' lang='lat' dir='ltr'>fines</span> <span class='ocrx_word' id='word_1_234' title='bbox 524 1997 749 2042; x_wconf 84' lang='lat' dir='ltr'>possideret,</span> <span class='ocrx_word' id='word_1_235' title='bbox 783 1997 859 2036; x_wconf 85' lang='lat' dir='ltr'>vel,</span> <span class='ocrx_word' id='word_1_236' title='bbox 900 1998 999 2042; x_wconf 87' lang='lat' dir='ltr'>quod</span> <span class='ocrx_word' id='word_1_237' title='bbox 1032 1998 1152 2044; x_wconf 83' lang='lat' dir='ltr'>magis</span> <span class='ocrx_word' id='word_1_238' title='bbox 1185 2004 1290 2042; x_wconf 73' lang='lat' dir='ltr'>puta,</span> <span class='ocrx_word' id='word_1_239' title='bbox 1329 1997 1430 2040; x_wconf 84' lang='lat' dir='ltr'>quod</span> <span class='ocrx_word' id='word_1_240' title='bbox 1465 1998 1675 2032; x_wconf 77' lang='lat' dir='ltr'>Massilien-</span> 
     </span>
     <span class='ocr_line' id='line_1_31' title="bbox 190 2045 1676 2091; baseline -0.002 -10"><span class='ocrx_word' id='word_1_241' title='bbox 190 2048 285 2081; x_wconf 85' lang='lat' dir='ltr'>sium</span> <span class='ocrx_word' id='word_1_242' title='bbox 315 2046 434 2091; x_wconf 83' lang='lat' dir='ltr'>legati</span> <span class='ocrx_word' id='word_1_243' title='bbox 459 2045 498 2078; x_wconf 87' lang='lat' dir='ltr'>in</span> <span class='ocrx_word' id='word_1_244' title='bbox 525 2046 665 2079; x_wconf 83' lang='lat' dir='ltr'>vicinia</span> <span class='ocrx_word' id='word_1_245' title='bbox 691 2045 840 2079; x_wconf 85' lang='lat' dir='ltr'>aedium</span> <span class='ocrx_word' id='word_1_246' title='bbox 866 2045 983 2079; x_wconf 75' lang='lat' dir='ltr'>Attici</span> <span class='ocrx_word' id='word_1_247' title='bbox 1010 2045 1049 2078; x_wconf 89' lang='lat' dir='ltr'>in</span> <span class='ocrx_word' id='word_1_248' title='bbox 1075 2045 1167 2078; x_wconf 82' lang='lat' dir='ltr'>urbe</span> <span class='ocrx_word' id='word_1_249' title='bbox 1194 2052 1436 2079; x_wconf 80' lang='lat' dir='ltr'>versarentur</span> <span class='ocrx_word' id='word_1_250' title='bbox 1460 2052 1497 2079; x_wconf 87' lang='lat' dir='ltr'>et</span> <span class='ocrx_word' id='word_1_251' title='bbox 1523 2046 1676 2079; x_wconf 86' lang='lat' dir='ltr'>domum</span> 
     </span>
     <span class='ocr_line' id='line_1_32' title="bbox 191 2092 1674 2137; baseline -0.001 -8"><span class='ocrx_word' id='word_1_252' title='bbox 191 2094 412 2129; x_wconf 82' lang='lat' dir='ltr'>conductam</span> <span class='ocrx_word' id='word_1_253' title='bbox 438 2092 632 2127; x_wconf 87' lang='lat' dir='ltr'>haberent.</span> <span class='ocrx_word' id='word_1_254' title='bbox 661 2092 878 2129; x_wconf 82' lang='lat' dir='ltr'>GRONOV.</span> <span class='ocrx_word' id='word_1_255' title='bbox 907 2111 947 2118; x_wconf 89' lang='lat'>--</span> <span class='ocrx_word' id='word_1_256' title='bbox 976 2104 1040 2126; x_wconf 83' lang='lat' dir='ltr'>sua</span> <span class='ocrx_word' id='word_1_257' title='bbox 1066 2094 1185 2127; x_wconf 81' lang='lat' dir='ltr'>reddis</span> <span class='ocrx_word' id='word_1_258' title='bbox 1209 2093 1232 2126; x_wconf 90' lang='lat' dir='ltr'>i.</span> <span class='ocrx_word' id='word_1_259' title='bbox 1248 2104 1281 2126; x_wconf 89' lang='lat' dir='ltr'>e.</span> <span class='ocrx_word' id='word_1_260' title='bbox 1310 2093 1360 2127; x_wconf 82' lang='lat' dir='ltr'>ita</span> <span class='ocrx_word' id='word_1_261' title='bbox 1386 2094 1431 2128; x_wconf 86' lang='lat' dir='ltr'>de</span> <span class='ocrx_word' id='word_1_262' title='bbox 1458 2094 1503 2127; x_wconf 83' lang='lat' dir='ltr'>iis</span> <span class='ocrx_word' id='word_1_263' title='bbox 1529 2094 1674 2137; x_wconf 84' lang='lat' dir='ltr'>scribis,</span> 
     </span>
     <span class='ocr_line' id='line_1_33' title="bbox 190 2140 1675 2188; baseline -0.001 -12"><span class='ocrx_word' id='word_1_264' title='bbox 190 2142 296 2188; x_wconf 84' lang='lat' dir='ltr'>quasi</span> <span class='ocrx_word' id='word_1_265' title='bbox 322 2140 542 2188; x_wconf 75' lang='lat' dir='ltr'>propediem</span> <span class='ocrx_word' id='word_1_266' title='bbox 573 2143 747 2175; x_wconf 84' lang='lat' dir='ltr'>futurum</span> <span class='ocrx_word' id='word_1_267' title='bbox 773 2142 835 2182; x_wconf 84' lang='lat' dir='ltr'>sit,</span> <span class='ocrx_word' id='word_1_268' title='bbox 875 2148 916 2175; x_wconf 91' lang='lat' dir='ltr'>ut</span> <span class='ocrx_word' id='word_1_269' title='bbox 950 2140 1033 2175; x_wconf 88' lang='lat' dir='ltr'>illis</span> <span class='ocrx_word' id='word_1_270' title='bbox 1064 2142 1237 2187; x_wconf 81' lang='lat' dir='ltr'>adempta</span> <span class='ocrx_word' id='word_1_271' title='bbox 1273 2153 1293 2175; x_wconf 88' lang='lat' dir='ltr'>a</span> <span class='ocrx_word' id='word_1_272' title='bbox 1328 2141 1483 2176; x_wconf 80' lang='lat' dir='ltr'>Caesare</span> <span class='ocrx_word' id='word_1_273' title='bbox 1518 2142 1675 2176; x_wconf 87' lang='lat' dir='ltr'>Senatus</span> 
     </span>
     <span class='ocr_line' id='line_1_34' title="bbox 190 2189 1673 2234; baseline -0.001 -10"><span class='ocrx_word' id='word_1_274' title='bbox 190 2191 364 2226; x_wconf 90' lang='lat' dir='ltr'>consulto</span> <span class='ocrx_word' id='word_1_275' title='bbox 390 2190 650 2224; x_wconf 80' lang='lat' dir='ltr'>restituantur.</span> <span class='ocrx_word' id='word_1_276' title='bbox 701 2189 782 2223; x_wconf 89' lang='lat' dir='ltr'>Vid.</span> <span class='ocrx_word' id='word_1_277' title='bbox 809 2189 978 2234; x_wconf 85' lang='lat' dir='ltr'>Philipp.</span> <span class='ocrx_word' id='word_1_278' title='bbox 1004 2189 1109 2233; x_wconf 86' lang='lat' dir='ltr'>XIII,</span> <span class='ocrx_word' id='word_1_279' title='bbox 1140 2193 1191 2225; x_wconf 86' lang='lat'>15.</span> <span class='ocrx_word' id='word_1_280' title='bbox 1223 2189 1438 2225; x_wconf 80' lang='lat' dir='ltr'>GRONOV.</span> <span class='ocrx_word' id='word_1_281' title='bbox 1473 2209 1515 2215; x_wconf 50' lang='grc' dir='ltr'>-π</span> <span class='ocrx_word' id='word_1_282' title='bbox 1552 2194 1673 2223; x_wconf 80' lang='lat' dir='ltr'>aucto-</span> 
     </span>
     <span class='ocr_line' id='line_1_35' title="bbox 193 2240 655 2279; baseline -0.002 -7"><span class='ocrx_word' id='word_1_283' title='bbox 193 2240 304 2274; x_wconf 77' lang='lat' dir='ltr'>ritate</span> <span class='ocrx_word' id='word_1_284' title='bbox 328 2245 491 2279; x_wconf 78' lang='lat' dir='ltr'>senatuS,</span> <span class='ocrx_word' id='word_1_285' title='bbox 518 2244 655 2271; x_wconf 85' lang='lat' dir='ltr'>nostra.</span> 
     </span>
    </p>
   </div>
   <div class='ocr_carea' id='block_1_10' title="bbox 351 2317 1174 2364">
    <p class='ocr_par' dir='ltr' id='par_1_10' title="bbox 351 2317 1174 2364">
     <span class='ocr_line' id='line_1_36' title="bbox 351 2317 1174 2364; baseline -0.001 -12"><span class='ocrx_word' id='word_1_286' title='bbox 351 2317 653 2353; x_wconf 81' lang='lat' dir='ltr'>BITHYNICO.</span> <span class='ocrx_word' id='word_1_287' title='bbox 689 2318 725 2353; x_wconf 88' lang='lat' dir='ltr'>S.</span> <span class='ocrx_word' id='word_1_288' title='bbox 755 2330 802 2353; x_wconf 92' lang='lat' dir='ltr'>zu</span> <span class='ocrx_word' id='word_1_289' title='bbox 828 2330 886 2364; x_wconf 87' lang='lat' dir='ltr'>ep.</span> <span class='ocrx_word' id='word_1_290' title='bbox 913 2319 983 2354; x_wconf 83' lang='lat'>679</span> <span class='ocrx_word' id='word_1_291' title='bbox 1009 2318 1061 2351; x_wconf 90' lang='lat' dir='ltr'>im</span> <span class='ocrx_word' id='word_1_292' title='bbox 1086 2318 1174 2352; x_wconf 85' lang='lat' dir='ltr'>Anf.</span> 
     </span>
    </p>
   </div>
   <div class='ocr_carea' id='block_1_11' title="bbox 191 2385 1677 2577">
    <p class='ocr_par' dir='ltr' id='par_1_11' title="bbox 191 2385 1677 2577">
     <span class='ocr_line' id='line_1_37' title="bbox 289 2385 1677 2433; baseline -0.002 -12"><span class='ocrx_word' id='word_1_293' title='bbox 289 2389 320 2422; x_wconf 88' lang='lat'>1.</span> <span class='ocrx_word' id='word_1_294' title='bbox 372 2388 488 2431; x_wconf 80' lang='lat' dir='ltr'>cupio.</span> <span class='ocrx_word' id='word_1_295' title='bbox 539 2386 761 2433; x_wconf 83' lang='lat' dir='ltr'>Mart.-Lag.</span> <span class='ocrx_word' id='word_1_296' title='bbox 789 2386 884 2421; x_wconf 89' lang='lat' dir='ltr'>coni.</span> <span class='ocrx_word' id='word_1_297' title='bbox 911 2386 1001 2420; x_wconf 90' lang='lat' dir='ltr'>Sch.</span> <span class='ocrx_word' id='word_1_298' title='bbox 1029 2386 1122 2419; x_wconf 82' lang='lat' dir='ltr'>Liin.</span> <span class='ocrx_word' id='word_1_299' title='bbox 1146 2386 1335 2430; x_wconf 83' lang='lat' dir='ltr'>percupio.</span> <span class='ocrx_word' id='word_1_300' title='bbox 1365 2404 1405 2411; x_wconf 91' lang='lat'><strong>—</strong></span> <span class='ocrx_word' id='word_1_301' title='bbox 1445 2387 1613 2419; x_wconf 82' lang='lat' dir='ltr'>accedere</span> <span class='ocrx_word' id='word_1_302' title='bbox 1636 2385 1677 2419; x_wconf 75' lang='lat' dir='ltr'>id</span> 
     </span>
     <span class='ocr_line' id='line_1_38' title="bbox 191 2434 1673 2470; baseline -0.002 0"><span class='ocrx_word' id='word_1_303' title='bbox 191 2438 314 2470; x_wconf 77' lang='lat' dir='ltr'>eliam.</span> <span class='ocrx_word' id='word_1_304' title='bbox 348 2434 422 2469; x_wconf 81' lang='lat' dir='ltr'>Md.</span> <span class='ocrx_word' id='word_1_305' title='bbox 465 2435 648 2468; x_wconf 84' lang='lat' dir='ltr'>accedere.</span> <span class='ocrx_word' id='word_1_306' title='bbox 698 2435 796 2468; x_wconf 85' lang='lat' dir='ltr'>Vict.</span> <span class='ocrx_word' id='word_1_307' title='bbox 822 2436 857 2470; x_wconf 87' lang='lat'>2.</span> <span class='ocrx_word' id='word_1_308' title='bbox 901 2435 1028 2468; x_wconf 86' lang='lat' dir='ltr'>Lamb.</span> <span class='ocrx_word' id='word_1_309' title='bbox 1066 2435 1202 2468; x_wconf 87' lang='lat' dir='ltr'>Graev.</span> <span class='ocrx_word' id='word_1_310' title='bbox 1243 2434 1419 2468; x_wconf 77' lang='lat' dir='ltr'>accidere.</span> <span class='ocrx_word' id='word_1_311' title='bbox 1465 2434 1553 2468; x_wconf 84' lang='lat' dir='ltr'>sch.</span> <span class='ocrx_word' id='word_1_312' title='bbox 1591 2444 1673 2467; x_wconf 92' lang='lat' dir='ltr'>con.</span> 
     </span>
     <span class='ocr_line' id='line_1_39' title="bbox 192 2481 1674 2528; baseline -0.002 -10"><span class='ocrx_word' id='word_1_313' title='bbox 192 2486 285 2519; x_wconf 60' lang='lat' dir='ltr'>laun.</span> <span class='ocrx_word' id='word_1_314' title='bbox 313 2484 353 2518; x_wconf 74' lang='lat' dir='ltr'>id</span> <span class='ocrx_word' id='word_1_315' title='bbox 377 2494 456 2528; x_wconf 80' lang='lat' dir='ltr'>quo.</span> <span class='ocrx_word' id='word_1_316' title='bbox 492 2481 687 2516; x_wconf 80' lang='lat' dir='ltr'>ORELLJ.</span> <span class='ocrx_word' id='word_1_317' title='bbox 731 2481 892 2517; x_wconf 80' lang='lat' dir='ltr'>Schiitz:</span> <span class='ocrx_word' id='word_1_318' title='bbox 935 2483 1008 2516; x_wconf 87' lang='lat' dir='ltr'>nisi</span> <span class='ocrx_word' id='word_1_319' title='bbox 1044 2483 1155 2516; x_wconf 86' lang='lat' dir='ltr'>malis</span> <span class='ocrx_word' id='word_1_320' title='bbox 1183 2483 1356 2516; x_wconf 83' lang='lat' dir='ltr'>accedere</span> <span class='ocrx_word' id='word_1_321' title='bbox 1382 2483 1505 2523; x_wconf 84' lang='lat' dir='ltr'>etiam,</span> <span class='ocrx_word' id='word_1_322' title='bbox 1541 2482 1582 2515; x_wconf 76' lang='lat' dir='ltr'>id</span> <span class='ocrx_word' id='word_1_323' title='bbox 1606 2492 1674 2526; x_wconf 76' lang='lat' dir='ltr'>quo</span> 
     </span>
     <span class='ocr_line' id='line_1_40' title="bbox 192 2530 1464 2577; baseline -0.002 -10"><span class='ocrx_word' id='word_1_324' title='bbox 192 2534 316 2576; x_wconf 74' lang='lat' dir='ltr'>magis</span> <span class='ocrx_word' id='word_1_325' title='bbox 343 2535 523 2577; x_wconf 72' lang='lat' dir='ltr'>expetam,</span> <span class='ocrx_word' id='word_1_326' title='bbox 553 2530 633 2565; x_wconf 88' lang='lat' dir='ltr'>scil</span> <span class='ocrx_word' id='word_1_327' title='bbox 663 2541 744 2563; x_wconf 81' lang='lat' dir='ltr'>rem</span> <span class='ocrx_word' id='word_1_328' title='bbox 771 2530 962 2576; x_wconf 86' lang='lat' dir='ltr'>publicam</span> <span class='ocrx_word' id='word_1_329' title='bbox 988 2530 1188 2575; x_wconf 87' lang='lat' dir='ltr'>aliquando</span> <span class='ocrx_word' id='word_1_330' title='bbox 1213 2531 1464 2565; x_wconf 84' lang='lat' dir='ltr'>constitutam.</span> 
     </span>
    </p>
   </div>
   <div class='ocr_carea' id='block_1_12' title="bbox 190 2596 1674 2791">
    <p class='ocr_par' dir='ltr' id='par_1_12' title="bbox 190 2596 1674 2791">
     <span class='ocr_line' id='line_1_41' title="bbox 287 2596 1674 2645; baseline -0.001 -13"><span class='ocrx_word' id='word_1_331' title='bbox 287 2600 320 2635; x_wconf 76' lang='lat'>2.</span> <span class='ocrx_word' id='word_1_332' title='bbox 374 2603 412 2632; x_wconf 80' lang='lat' dir='ltr'>ut</span> <span class='ocrx_word' id='word_1_333' title='bbox 435 2599 578 2633; x_wconf 78' lang='lat' dir='ltr'>valeant</span> <span class='ocrx_word' id='word_1_334' title='bbox 599 2596 671 2631; x_wconf 78' lang='lat' dir='ltr'>hoc</span> <span class='ocrx_word' id='word_1_335' title='bbox 692 2608 823 2632; x_wconf 86' lang='lat' dir='ltr'>sensu:</span> <span class='ocrx_word' id='word_1_336' title='bbox 857 2597 1077 2640; x_wconf 87' lang='lat' dir='ltr'>„beneficiis</span> <span class='ocrx_word' id='word_1_337' title='bbox 1104 2604 1140 2632; x_wconf 87' lang='lat' dir='ltr'>te</span> <span class='ocrx_word' id='word_1_338' title='bbox 1165 2598 1286 2645; x_wconf 82' lang='lat' dir='ltr'>magis</span> <span class='ocrx_word' id='word_1_339' title='bbox 1312 2599 1590 2633; x_wconf 81' lang='lat' dir='ltr'>coniunxerunt</span> <span class='ocrx_word' id='word_1_340' title='bbox 1615 2609 1674 2631; x_wconf 80' lang='lat' dir='ltr'>se-</span> 
     </span>
     <span class='ocr_line' id='line_1_42' title="bbox 192 2644 1674 2692; baseline -0.001 -13"><span class='ocrx_word' id='word_1_341' title='bbox 192 2659 291 2688; x_wconf 68' lang='lat' dir='ltr'>cum,</span> <span class='ocrx_word' id='word_1_342' title='bbox 316 2654 358 2681; x_wconf 87' lang='lat' dir='ltr'>ut</span> <span class='ocrx_word' id='word_1_343' title='bbox 380 2646 541 2692; x_wconf 83' lang='lat' dir='ltr'>amplius</span> <span class='ocrx_word' id='word_1_344' title='bbox 566 2644 731 2687; x_wconf 83' lang='lat' dir='ltr'>valeant,</span> <span class='ocrx_word' id='word_1_345' title='bbox 758 2644 854 2679; x_wconf 88' lang='lat' dir='ltr'>sicut</span> <span class='ocrx_word' id='word_1_346' title='bbox 880 2652 988 2680; x_wconf 85' lang='lat' dir='ltr'>antea</span> <span class='ocrx_word' id='word_1_347' title='bbox 1019 2647 1254 2690; x_wconf 86' lang='lat' dir='ltr'>temporibus</span> <span class='ocrx_word' id='word_1_348' title='bbox 1297 2647 1436 2687; x_wconf 86' lang='lat' dir='ltr'>(durch</span> <span class='ocrx_word' id='word_1_349' title='bbox 1475 2647 1535 2680; x_wconf 88' lang='lat' dir='ltr'>die</span> <span class='ocrx_word' id='word_1_350' title='bbox 1568 2646 1674 2679; x_wconf 83' lang='lat' dir='ltr'>Zeit-</span> 
     </span>
     <span class='ocr_line' id='line_1_43' title="bbox 191 2692 1672 2735; baseline -0.001 -8"><span class='ocrx_word' id='word_1_351' title='bbox 191 2695 405 2735; x_wconf 76' lang='lat' dir='ltr'>umst‘ande)</span> <span class='ocrx_word' id='word_1_352' title='bbox 431 2693 671 2729; x_wconf 65' lang='lat' dir='ltr'>valueruntf‘</span> <span class='ocrx_word' id='word_1_353' title='bbox 720 2692 785 2727; x_wconf 83' lang='lat' dir='ltr'>Sic</span> <span class='ocrx_word' id='word_1_354' title='bbox 823 2693 895 2727; x_wconf 88' lang='lat' dir='ltr'>Md.</span> <span class='ocrx_word' id='word_1_355' title='bbox 934 2694 1127 2729; x_wconf 83' lang='lat' dir='ltr'>Benedict.</span> <span class='ocrx_word' id='word_1_356' title='bbox 1160 2695 1349 2729; x_wconf 83' lang='lat' dir='ltr'>sententia</span> <span class='ocrx_word' id='word_1_357' title='bbox 1381 2695 1579 2729; x_wconf 85' lang='lat' dir='ltr'>admodum</span> <span class='ocrx_word' id='word_1_358' title='bbox 1610 2705 1672 2725; x_wconf 82' lang='lat' dir='ltr'>ar·-</span> 
     </span>
     <span class='ocr_line' id='line_1_44' title="bbox 190 2741 1671 2791; baseline -0.003 -13"><span class='ocrx_word' id='word_1_359' title='bbox 190 2751 289 2791; x_wconf 74' lang='lat' dir='ltr'>guta.</span> <span class='ocrx_word' id='word_1_360' title='bbox 340 2744 528 2778; x_wconf 78' lang='lat' dir='ltr'>valuerunt</span> <span class='ocrx_word' id='word_1_361' title='bbox 551 2747 613 2777; x_wconf 76' lang='lat' dir='ltr'>aue</span> <span class='ocrx_word' id='word_1_362' title='bbox 641 2742 786 2777; x_wconf 75' lang='lat' dir='ltr'>valeant</span> <span class='ocrx_word' id='word_1_363' title='bbox 812 2741 912 2780; x_wconf 86' lang='lat' dir='ltr'>Crat.</span> <span class='ocrx_word' id='word_1_364' title='bbox 939 2743 1035 2777; x_wconf 83' lang='lat' dir='ltr'>vict.</span> <span class='ocrx_word' id='word_1_365' title='bbox 1067 2745 1095 2778; x_wconf 90' lang='lat' dir='ltr'>l.</span> <span class='ocrx_word' id='word_1_366' title='bbox 1123 2745 1156 2779; x_wconf 88' lang='lat'>2.</span> <span class='ocrx_word' id='word_1_367' title='bbox 1184 2743 1311 2778; x_wconf 79' lang='lat' dir='ltr'>Lamb.</span> <span class='ocrx_word' id='word_1_368' title='bbox 1336 2743 1556 2789; x_wconf 61' lang='lat' dir='ltr'>Mart-Lag.</span> <span class='ocrx_word' id='word_1_369' title='bbox 1609 2751 1671 2774; x_wconf 70' lang='grc' dir='ltr'>ια-</span> 
     </span>
    </p>
   </div>
   <div class='ocr_carea' id='block_1_13' title="bbox 1780 723 1789 1528">
    <p class='ocr_par' dir='ltr' id='par_1_13' title="bbox 1780 723 1789 1528">
     <span class='ocr_line' id='line_1_45' title="bbox 1780 723 1789 1528; textangle 90"><span class='ocrx_word' id='word_1_370' title='bbox 1785 1516 1787 1528; x_wconf 39' lang='lat'>&lt;</span> <span class='ocrx_word' id='word_1_371' title='bbox 1784 1491 1786 1493; x_wconf 84' lang='lat'><em>-</em></span> <span class='ocrx_word' id='word_1_372' title='bbox 1780 870 1789 1476; x_wconf 55' lang='lat'>--&lt;..—-—.-—⁷——------—-—</span> <span class='ocrx_word' id='word_1_373' title='bbox 1781 723 1785 843; x_wconf 56' lang='grc' dir='ltr'>--ι-.-</span> 
     </span>
    </p>
   </div>
  </div>
 </body>
</html>
