1795 3086
226 90 309 138 180
495 91 556 134 M,
587 91 644 135 T.
675 88 1013 133 CICERONIS
1042 87 1409 133 EPISTOLAE.

225 210 459 265 quisquam
490 219 560 247 me
591 206 711 246 tenet
741 207 915 261 praeter
943 206 1000 244 te.
1058 200 1235 243 Etenim
1266 201 1579 256 circumspice:
1609 201 1689 244 sed
1748 226 1749 230 =

225 271 340 316 ante,
370 277 499 318 quam
529 263 752 302 erubesco.
809 260 851 302 O
881 260 977 300 dies
1016 258 1061 298 in
1098 257 1312 312 auspiciis
1341 256 1503 311 Lepidi
1540 259 1689 313 lepide

225 322 475 374 descriptos
506 323 550 358 et
591 322 690 371 apte
730 316 785 357 ad
823 315 1055 356 consilium
1096 313 1266 354 reditus
1306 313 1469 353 nostri!
1527 313 1692 368 Magna

227 380 328 426 ῥοπή
379 374 434 415 ad
475 372 849 428 proficiscendum
893 370 981 411 tuis
1022 368 1181 410 literis.
1256 369 1402 422 Atque
1445 367 1607 409 utinam
1649 374 1692 409 te

228 431 348 471 illic!
387 429 464 470 sed
496 434 543 469 ut
580 428 825 468 conducere
865 424 1051 480 putabis.
1109 424 1298 478 Nepotis
1340 423 1573 477 epistolam
1613 437 1692 464 ex-

227 489 390 540 specto.
469 483 667 537 Cupidus
706 483 782 522 ille
822 480 1043 521 meorum?
1087 480 1164 535 qui
1205 492 1270 530 ea,
1311 480 1468 533 quibus
1505 479 1694 519 maxime

225 544 386 590 γαυριῶ,
437 539 621 593 legenda
669 551 754 577 non
804 540 939 590 putet.
1010 535 1072 575 Et
1107 535 1188 584 ais,
1234 534 1318 582 μετ’
1354 533 1546 583 ιῖμύμονα.
1621 534 1695 574 Tu

226 610 335 637 vero
364 592 537 643 ἀμύμων.
593 594 682 633 Ille
712 592 890 646 quidem
918 589 1125 644 ἄμβροτος.
1176 588 1377 629 Mearum
1408 589 1693 643 epistolarum

228 652 352 691 nulla
392 654 461 690 est
508 647 721 697 συναγωγή·
771 647 850 688 sed
896 645 1030 687 habet
1066 645 1180 685 Tiro
1218 644 1359 685 instar
1397 646 1693 699 septuaginta.

230 708 290 747 Et
319 704 497 760 quidem
526 708 626 743 sunt
653 716 680 743 a
707 706 750 743 te
778 701 995 756 quaedam
1024 699 1274 741 sumendae.
1314 701 1406 740 Eas
1437 713 1534 753 ego,
1564 713 1694 755 opor-

228 766 308 812 tet,
338 759 619 815 perspiciam,
649 757 886 811 corrigam.
940 756 1058 797 Tum
1087 755 1278 809 denique
1308 755 1506 796 edentur.

228 876 314 909 ‹lort
339 876 588 908 abzuwarten.
623 875 709 908 Post
732 886 770 907 v.
797 876 966 908 revertar
990 871 1061 905 Md.
1088 872 1174 904 Asc.
1200 882 1258 915 pr.
1287 870 1385 904 Crat.
1413 870 1582 903 inserunt
1606 869 1698 915 Epi-

228 924 361 956 stolam
387 922 537 956 tertiam
564 921 644 957 Lib.
672 924 725 957 12.
751 921 954 968 integram,
980 920 1063 954 loco
1089 930 1152 952 suo
1175 919 1220 951 ab
1247 918 1388 952 eisdem
1413 929 1487 952 non
1513 918 1697 950 omissam.

228 970 424 1004 ORELIJ.
448 988 493 993 —
519 974 622 1009 tenet,
647 969 735 1003 hier
758 968 926 1008 Festhfflss
955 967 1103 1010 fesselt;
1136 966 1174 997 in
1200 966 1319 1000 Italia.
1370 986 1412 991 -—
1462 966 1700 1008 circumspice

231 1025 301 1051 cet.
340 1017 605 1061 circumspice,
647 1028 737 1050 num
770 1016 853 1059 quis
887 1016 936 1048 sit
968 1015 1078 1055 alius,
1119 1014 1221 1047 cuius
1264 1013 1470 1058 cupiditate
1504 1023 1698 1046 remanere

230 1065 370 1107 velim;
397 1065 460 1098 sed
485 1071 570 1097 ante
595 1065 723 1097 oculos
750 1070 831 1097 tuos
858 1068 895 1095 et
919 1062 959 1094 in
984 1072 1023 1094 os
1050 1068 1155 1094 tuum
1180 1061 1253 1094 hoc
1277 1061 1402 1094 dicere
1428 1060 1616 1102 erubesco,
1651 1071 1701 1092 ne

230 1124 291 1146 me
318 1112 494 1145 blandum
519 1111 722 1145 existimes.
756 1110 864 1144 SCH.
913 1120 1018 1152 quam
1044 1111 1173 1155 Margo
1200 1109 1298 1142 Crat.
1327 1109 1454 1142 Lamb.
1485 1119 1558 1142 om.
1594 1119 1699 1151 quam

230 1160 329 1193 cett.
359 1157 554 1192 ORELLI.

324 1207 361 1240 4.
413 1205 442 1239 Ο
475 1206 554 1238 dies
579 1229 587 1237 .
613 1227 623 1238 .
649 1227 659 1237 .
692 1203 833 1237 nostri!
875 1214 924 1247 „o
959 1203 1034 1238 wie
1069 1202 1263 1237 ltiblich
1298 1202 1347 1236 ist
1389 1202 1452 1235 des
1478 1202 1699 1247 Lepidus

229 1253 388 1296 Einfall‚
426 1253 484 1286 die
510 1252 671 1299 Sitzung
701 1251 769 1285 der
792 1251 951 1299 Augurn
986 1252 1052 1284 auf
1081 1251 1152 1284 den
1184 1247 1335 1295 'Aufang
1369 1250 1435 1284 des
1469 1251 1620 1284 Ianuars
1652 1262 1701 1284 zu

230 1302 466 1341 bestimmen,
492 1300 568 1333 und
594 1300 666 1333 wie
690 1299 848 1343 passend
873 1313 920 1333 zu
944 1299 1109 1333 meinem
1133 1299 1247 1331 Plane
1274 1298 1388 1344 grade
1409 1298 1449 1330 in
1476 1298 1602 1331 diesen
1628 1298 1700 1331 Ta-

229 1360 305 1397 gen
328 1347 471 1381 wieder
491 1347 531 1380 iu
556 1347 652 1381 Rom
677 1359 724 1379 zu
749 1347 875 1380 sein!“
924 1345 963 1381 S.
998 1358 1056 1391 ep.
1082 1347 1161 1381 742.
1211 1347 1293 1379 Man
1332 1345 1489 1379 beachte
1514 1346 1585 1379 den
1610 1346 1701 1379 arti-

230 1408 305 1444 gen
331 1394 592 1441 Gleichklang
623 1394 663 1427 in
695 1394 823 1437 Lepidi
847 1394 977 1437 lepide.
1027 1393 1189 1439 Lepidus
1224 1393 1398 1438 pontifex
1429 1405 1526 1427 max.
1565 1394 1603 1426 in
1635 1406 1699 1426 au·

229 1444 360 1488 spiclis
395 1442 634 1487 pontificatus
665 1442 777 1475 ferias
811 1442 998 1475 indixerat
1025 1444 1078 1483 (v.
1104 1453 1162 1486 ep.
1189 1443 1295 1482 769.).
1334 1441 1406 1474 Eas
1442 1440 1702 1475 dicit-Cicero

233 1491 357 1536 lepide
383 1490 597 1534 descriptas,
630 1489 716 1533 quia
750 1488 827 1522 eius
861 1490 1020 1523 consilio
1045 1489 1202 1534 Romam⁴
1225 1488 1406 1521 redeundi
1438 1488 1531 1521 bene
1566 1500 1701 1522 conve-

231 1539 396 1572 niebant.
436 1537 667 1571 ERNESTI.
714 1536 848 1571 Cicero
873 1548 955 1570 war
978 1537 1122 1583 Augur.
1173 1536 1275 1570 Uber
1299 1537 1347 1570 M.
1373 1536 1560 1569 Aemilius
1586 1537 1701 1581 Lepi-

232 1587 314 1628 dus,
348 1585 416 1618 der
448 1597 493 1618 an
519 1584 582 1617 des
612 1583 828 1627 getiidteten
861 1584 991 1617 C'a'sars
1027 1584 1147 1618 Stelle
1191 1583 1233 1625 (s.
1268 1582 1437 1629 Philipp.
1475 1585 1519 1625 V,
1549 1585 1602 1618 14.
1631 1586 1703 1626 15.)

230 1645 319 1667 zum
346 1633 517 1666 Pontifex
543 1633 636 1665 Max.
663 1638 824 1665 ernannt
848 1644 944 1672 war,
969 1643 996 1664 s.
1022 1644 1069 1665 zu
1093 1643 1152 1677 ep.
1177 1632 1245 1666 801
1272 1631 1324 1663 im
1351 1632 1436 1665 Ans.
1485 1632 1537 1664 Es
1564 1631 1613 1666 ist
1635 1631 1704 1666 der

232 1681 419 1714 bekannte
445 1680 637 1714 triumvir.
665 1698 708 1703 --
733 1678 868 1725 ῥοπὴ,
894 1686 1135 1719 momentum,
1160 1678 1351 1724 impulsio.
1391 1697 1438 1704 —
1476 1679 1544 1713 tuis
1569 1680 1700 1714 literis,

232 1729 423 1762 Fortasse:
450 1728 486 1761 in
513 1726 583 1760 tuis
607 1726 736 1761 literis.
771 1727 965 1760 ORELLI.
1013 1727 1117 1769 „Ein
1141 1726 1355 1773 machtiger
1380 1726 1505 1772 Sporn
1529 1738 1600 1760 zur
1624 1727 1699 1761 Ab·

233 1777 332 1809 reise
357 1775 440 1809 sind
465 1775 582 1809 Deine
604 1774 756 1808 Zeilen!
794 1794 839 1800 —
880 1776 961 1808 illic
983 1776 1149 1819 videam3
1183 1774 1266 1808 scil.
1294 1775 1334 1807 in
1360 1774 1528 1808 Graecia.
1575 1774 1613 1809 S.
1642 1787 1699 1820 ep.

233 1825 318 1866 745,
344 1824 377 1858 2.
403 1841 449 1847 —-
476 1823 686 1860 conducere,
710 1822 937 1869 zutriiglich.

327 1872 359 1905 5.
410 1870 563 1914 Nepotis
588 1870 611 1903 i.
639 1881 668 1902 e.
696 1869 866 1903 Cornelii
880 1870 1052 1915 Nepotis,
1077 1869 1279 1903 clarissimi
1304 1869 1492 1912 historici,
1517 1869 1563 1903 ad
1589 1881 1701 1914 quem

232 1919 388 1952 fuerunt
414 1917 604 1951 Ciceronis
629 1917 718 1950 libri
744 1919 993 1962 epistolarum.
1044 1918 1078 1951 Is
1113 1928 1187 1951 non
1210 1917 1378 1955 >multum
1403 1918 1589 1952 tribuebat
1612 1917 1702 1962 phi-

233 1965 429 2010 Iosophiae
453 1973 563 2010 atque
589 1965 679 1998 adeo
705 1965 911 2012 exagitabat
935 1966 1033 2011 ipsos
1060 1965 1307 2009 philosophos
1342 1970 1384 1998 ut
1417 1966 1538 1999 animo
1564 1972 1601 1999 et
1626 1966 1701 1999 vita

233 2013 436 2057 improbos.
486 2013 568 2048 Vid.
601 2013 768 2047 Lactant.
803 2014 925 2047 Instit.
963 2013 1079 2046 divin.
1117 2013 1220 2045 Libr.
1252 2013 1322 2053 111,
1355 2024 1386 2045 c.
1414 2015 1469 2048 16.
1508 2014 1701 2048 POPMA.

235 2081 276 2086 -
304 2071 475 2097 meorum,
498 2062 630 2094 liistert
657 2059 726 2093 ihn
752 2061 847 2094 nach
874 2062 1024 2094 meinen
1044 2060 1265 2093 Schriften?
1293 2079 1332 2084 -—
1362 2060 1421 2103 qui
1445 2074 1493 2091 z
1518 2073 1633 2105 quum
1657 2061 1702 2095 is.

234 2126 276 2131 —-
310 2105 497 2153 γαυριῶ,
531 2108 677 2155 glorior
703 2114 739 2141 et
764 2108 959 2153 superbio-‚-
994 2119 1131 2152 nempe
1165 2107 1305 2152 scripta
1338 2108 1616 2153 philosophica.
1656 2127 1699 2134 —-

231 2156 400 2196 legenda,
427 2155 686 2188 lesenswerth.
718 2173 759 2178 —
787 2160 821 2188 et
846 2155 903 2188 ais
924 2168 950 2199 μ
963 2152 1013 2188 εἴ
1041 2152 1265 2198 ἀμύμονα.
1317 2155 1529 2200 Scripserat
1554 2156 1700 2190 Atticus

231 2202 277 2236 ad
308 2203 537 2239 Ciceronem,
565 2202 781 2236 Cornelium
806 2204 991 2247 Nepotem
1017 2203 1141 2236 teneri
1163 2213 1299 2249 magno
1325 2203 1509 2237 desiderio
1536 2204 1699 2250 scripto-

234 2261 318 2282 rum
344 2251 478 2293 ipsius3
508 2249 691 2294 simulque
719 2250 901 2295 Nepotem
927 2250 1189 2284 commendans
1214 2251 1386 2288 dixerat,¹
1410 2262 1493 2284 eum
1521 2262 1597 2286 esse
1623 2250 1697 2296 μετ’

230 2294 398 2340 «Ξμῦιιιονα
423 2300 521 2341 (post
549 2308 644 2338 eum,
671 2298 735 2340 qui
763 2297 882 2331 omnis
908 2298 1204 2342 reprehensione
1230 2298 1369 2331 solutus
1395 2305 1503 2340 esset,
1543 2299 1699 2333 untade-

232 2344 341 2386 lich),
368 2356 481 2388 quum
508 2345 728 2378 Ciceronem
755 2346 878 2389 ipsum
905 2346 1140 2393 intelligeret
1172 2351 1210 2379 et
1240 2345 1282 2378 ab
1311 2357 1351 2379 eo
1376 2346 1577 2379 secundum
1607 2348 1699 2382 Cor·
1734 2351 1749 2359 “

232 2393 372 2426 nse-lium
397 2394 548 2425 faceret.
599 2393 730 2426 Cicero
756 2392 852 2426 hanc
876 2393 1023 2426 laudem
1049 2406 1069 2426 a
1103 2404 1140 2427 se
1167 2393 1330 2426 modeste
1355 2405 1531 2428 amovens
1557 2396 1608 2429 ait
1632 2397 1696 2428 At-

234 2442 350 2473 ticum
377 2440 496 2485 ipsum
534 2451 612 2473 esse
638 2437 815 2483 ἀμύμονα,
852 2440 1071 2474 Cornelium
1097 2452 1185 2474 vero
1210 2438 1390 2487 ἄμβροτον
1415 2441 1441 2477 i.
1469 2453 1499 2476 e.
1527 2443 1697 2476 divinum

234 2489 343 2533 plane
371 2494 407 2521 et
430 2487 691 2520 immortalem.
742 2488 907 2532 Respicit
932 2496 1054 2523 autem
1080 2489 1123 2522 ad
1151 2500 1296 2522 versum
1325 2489 1433 2522 illum
1456 2490 1697 2523 Homericum

233 2548 278 2568 ex
304 2535 430 2579 Odyss.
465 2536 509 2571 H,
540 2546 611 2578 quo
636 2534 787 2569 Aiacem
814 2536 964 2569 laudans
990 2538 1041 2569 ait
1069 2548 1153 2569 eum
1185 2537 1354 2570 omnium
1385 2537 1697 2570 formosissimum

230 2584 344 2616 fuisse
367 2580 441 2625 μετ’
465 2580 634 2625 ἀμύμονα
658 2581 856 2624 Πηλειῶιά.
902 2585 1096 2618 MANUT.
1144 2602 1184 2608 —
1237 2581 1504 2630 συναγωγή,
1552 2584 1695 2617 Samm-

232 2631 338 2678 lung.
366 2649 407 2653 —
435 2631 566 2671 instar,
595 2630 662 2663 Md.
689 2630 725 2663 in
749 2631 880 2672 instar,
907 2646 954 2664 Ξ
979 2631 1176 2678 ungesahr.
1227 2631 1274 2665 So
1301 2632 1404 2665 Hirt.
1432 2633 1537 2666 Alex.
1566 2634 1606 2666 9:
1633 2643 1696 2666 co-

228 2679 398 2712 hortium
423 2680 538 2711 trinm
566 2679 683 2711 instar
708 2679 896 2724 exposuit3
935 2680 1053 2713 Varro
1079 2680 1121 2713 R.
1147 2680 1190 2713 11.
1217 2680 1245 2719 1,
1276 2682 1308 2714 1:
1347 2680 1481 2714 demsit
1503 2680 1620 2713 instar
1644 2680 1693 2712 li-

228 2727 379 2759 brorum
406 2732 496 2760 octo.
526 2744 567 2749 —
595 2726 765 2769 quaedam
790 2727 935 2768 literae,
962 2740 1049 2772 quas
1074 2727 1118 2761 ad
1143 2734 1181 2762 te
1207 2727 1356 2773 scripsi.
