1795 3086
352 65 673 111 EPISTULA
701 67 968 110 DCLVIII.
1012 66 1230 111 DCLIX.
1478 67 1537 116 13

46 195 145 224 meo
174 178 341 222 iudicio
372 179 471 222 suit.
539 178 636 220 Iam
665 183 793 234 pater
822 179 944 232 eius,
984 183 1214 223 accusatus
1243 193 1270 221 a
1299 179 1366 223 Μ.
1397 183 1534 224 Anto-

46 240 135 288 nio,
165 238 335 278 sutorio
364 240 611 278 atramento
641 236 864 277 absolutus
887 239 1077 288 putatur.
1138 236 1287 286 Quare
1308 237 1365 277 ad
1387 242 1535 292 patres

45 307 204 337 censeo
236 296 488 337 revertare:
527 291 688 347 plebeii
719 305 851 348 quam
881 291 1046 335 fuerint
1073 293 1339 348 importuni,
1369 294 1506 336 vides.

252 492 569 537 EPISTOLA
600 492 824 537 DCLIX.
884 492 964 546 (ad
993 492 1098 535 Div.
1128 493 1214 536 IX.
1245 495 1333 546 22.)

594 571 675 607 Ser.
702 582 801 607 anno
827 572 988 607 incerto.

46 644 171 689 Quum
202 642 335 675 Paetus
366 640 578 686 Epicureus
611 639 652 673 in
690 640 853 687 epistola
885 640 1041 673 verbum
1074 640 1278 674 obscenum
1313 647 1542 686 usurpasset,

49 693 184 725 cicero
212 689 428 724 Stoicorum
469 688 695 722 sententiam
733 689 917 734 explicat,
958 688 1096 734 quibus
1131 689 1280 734 placuit
1320 689 1420 722 nihil
1463 701 1543 723 esse

49 741 269 779 obscenum,
306 738 402 771 nihil
428 744 538 783 turpe
564 737 670 771 dictu
695 736 858 782 ideoque
882 748 948 770 suo
977 748 1161 782 quamque
1187 748 1270 771 rem
1296 738 1449 771 nornine
1476 750 1543 783 ap-

49 787 287 833 pellandam,
340 797 380 818 se
418 793 546 819 tamen
589 785 852 819 verecundiam
892 784 1015 830 potius
1058 785 1235 829 loquendi
1279 797 1389 830 quam
1431 786 1542 819 istam

324 834 540 869 Sto'icorum
566 833 765 867 licentiam
799 845 926 868 amare
964 833 1143 870 ostendit.
1181 834 1273 869 1-5.

599 901 785 935 CICERO
818 900 989 935 PAETO.

163 971 276 1011 Amo
305 968 643 1020 verecundiam,
672 972 720 1010 tu
748 969 896 1023 potius
914 968 1165 1010 libertatem
1185 967 1407 1024 loquendi.
1465 969 1545 1010 At-

52 1039 136 1081 que
173 1026 259 1067 hoc
297 1027 474 1067 Zenoni
522 1024 712 1080 placuit,
760 1024 931 1066 homini
969 1025 1217 1066 mehercule
1258 1030 1411 1067 acuto:
1462 1026 1546 1066 etsi

54 1082 320 1123 Academiae
351 1087 527 1124 nostrae
556 1095 657 1122 cum
687 1095 739 1123 eo
760 1094 921 1134 magna
942 1081 1041 1122 rixa
1063 1084 1143 1123 est.
1205 1082 1318 1133 Sed,
1349 1085 1398 1123 ut
1427 1079 1546 1133 dico,

54 1140 198 1192 placet
229 1138 419 1191 Stoicis,
459 1152 539 1179 suo
570 1151 785 1192 quamque
816 1151 910 1178 rem
949 1138 1126 1178 nomine
1164 1139 1399 1192 appellare.
1470 1136 1548 1178 Sic
1600 1153 1602 1159 ⁸

54 1196 171 1234 enim
201 1195 441 1235 disserunt:
481 1193 609 1234 Nihil
640 1207 736 1234 esse
765 1194 1054 1245 obscoenum,
1094 1192 1204 1235 nihil
1243 1198 1372 1249 turpe
1401 1192 1547 1234 dictu:

55 1263 181 1301 nam,
221 1250 259 1291 si
289 1250 406 1304 quod
444 1250 503 1290 sit
530 1250 576 1289 in
615 1250 916 1290 obscoenitate
957 1249 1203 1302 flagitium,
1242 1250 1291 1291 id
1319 1254 1395 1291 aut
1423 1251 1470 1290 in
1500 1262 1550 1289 re

55 1319 176 1358 esse,
215 1307 364 1346 autin
403 1306 564 1347 verbo:
605 1304 716 1346 nihil
755 1318 851 1345 esse
890 1306 1085 1346 tertium.
1160 1305 1215 1346 In
1256 1319 1304 1346 re
1340 1319 1426 1347 non
1468 1310 1548 1346 est.

55 1363 210 1416 Itaque
241 1375 327 1402 non
368 1362 500 1403 modo
537 1362 585 1403 in
624 1361 869 1403 comoediis
909 1375 980 1404 res
1022 1362 1121 1416 ipsa
1158 1366 1389 1415 narratur,
1418 1385 1473 1391 —
1501 1364 1550 1402 ut

57 1419 131 1458 ille
160 1418 206 1458 in
235 1418 505 1472 Demiurgo:

139 1472 284 1515 Modo
310 1473 443 1527 forle
471 1496 527 1503 —

58 1530 175 1570 nosti
204 1531 447 1579 canticum3
487 1528 731 1571 meministi
761 1528 979 1572 Roscium
1006 1554 1062 1562 --

61 1648 180 1681 victus
206 1654 242 1680 et
270 1647 377 1680 Italia
402 1647 526 1691 pulsus
552 1647 590 1680 in
617 1646 745 1679 Sicilia
778 1657 799 1679 a
835 1647 1022 1691 Pompeio
1058 1645 1208 1679 occisus
1242 1650 1313 1677 est.
1342 1644 1553 1679 MANUT.

60 1696 154 1733 Vid.
183 1695 375 1730 Plutarch.
402 1697 443 1728 in
471 1695 550 1729 vit.
577 1694 757 1740 Pompeii.
785 1713 829 1719 —
855 1699 965 1738 pater
991 1694 1070 1728 eius
1095 1695 1163 1728 Cn.
1192 1693 1338 1735 Carbo,
1375 1700 1416 1727 ut
1442 1693 1556 1737 capi-

60 1745 171 1778 tolini
197 1744 340 1789 lapides
373 1749 574 1784 testantur,
601 1750 640 1776 ct:
672 1744 704 1776 is
738 1743 919 1786 fortasse,
957 1742 1021 1788 qui
1054 1754 1142 1776 cum
1176 1742 1336 1776 Metello
1373 1741 1556 1786 Caprario

63 1794 192 1826 consul
219 1792 295 1826 fuit
319 1804 351 1825 a.
376 1804 410 1825 u.
438 1803 473 1826 c.
499 1793 579 1826 611.
607 1812 650 1817 —
678 1791 819 1824 sutorio
845 1795 1076 1831 atramento,
1105 1790 1209 1835 quod
1235 1790 1376 1823 Graeci
1394 1787 1557 1833 χάλκαν-

61 1841 157 1883 θον,
184 1840 477 1886 Kupfervitriol,
505 1846 652 1874 vocant.
680 1840 810 1872 Galen.
838 1840 940 1873 XIII.
967 1839 1080 1872 meth.
1109 1850 1144 1875 c.
1171 1839 1229 1872 20.
1255 1839 1353 1872 2511st
1377 1849 1415 1871 es
1439 1844 1558 1872 unter

64 1890 125 1924 die
152 1889 272 1923 Gifte.
325 1888 522 1922 Vielleicht
548 1888 613 1921 hat
639 1888 722 1920 sich
756 1888 836 1920 also
870 1887 969 1921 auch
1003 1887 1125 1920 dieser
1159 1887 1282 1922 Carbo
1317 1885 1437 1920 durch
1472 1886 1558 1919 Gift

65 1939 132 1971 der
157 1937 283 1971 Strafe
309 1943 509 1985 entzogen.
563 1937 669 1970 Doch
695 1936 785 1969 lasst
810 1935 892 1969 sich
929 1935 1072 1969 absolvi
1105 1939 1309 1969 atramento
1335 1935 1478 1969 sutorio
1506 1934 1560 1968 als

67 1987 129 2019 ein
167 1984 402 2031 Spricbwort
435 1997 505 2019 von
542 1986 648 2018 einer
689 1983 846 2017 solchen
880 1984 1173 2029 Lossprechung
1206 1984 1361 2023 deuten,
1404 1983 1465 2016 die
1496 1983 1560 2015 des

63 2033 437 2080 Freigesprochenen
471 2034 572 2068 Ehre
606 2033 808 2066 befleckte.
844 2052 887 2057 -—
925 2037 1052 2075 patres
1077 2046 1126 2063 z
1149 2031 1332 2075 patricios
1364 2031 1558 2067 Lambini.

66 2102 111 2108 —
137 2083 340 2126 importuni
363 2083 495 2126 lasti&
531 2082 565 2115 d.
593 2081 618 2115 i.
648 2082 716 2114 wie
745 2081 865 2126 wenig
890 2081 992 2114 Ehre
1019 2080 1090 2119 Dir
1116 2080 1175 2114 die
1201 2081 1374 2115 Plebeier
1399 2080 1453 2114 als
1479 2078 1562 2113 Ah-

65 2143 136 2165 nen
162 2131 238 2165 und
261 2131 490 2165 Verwandte
516 2130 678 2163 macheu
704 2129 875 2162 wiirden.

166 2201 201 2235 1.
229 2202 267 2232 iu
300 2197 346 2232 de
379 2197 514 2233 Rutilii
547 2196 646 2230 coni.
674 2196 806 2231 Lamb.
833 2195 922 2230 Sch.
949 2196 1044 2230 Liin.
1076 2197 1136 2230 vel
1158 2196 1239 2231 Md.
1269 2197 1369 2230 Crat.
1397 2195 1498 2229 Vict.
1526 2197 1560 2233 1.

68 2248 102 2283 2.
131 2247 267 2281 Graev.
295 2247 384 2280 Ern.
410 2245 549 2282 Bened.
578 2244 776 2279 ORELLI.
802 2264 846 2269 —
880 2246 1022 2290 Atque,
1048 2245 1127 2279 und
1155 2257 1274 2288 zwar,
1306 2244 1458 2278 freilich
1485 2255 1562 2278 war

70 2296 146 2329 Das
172 2295 233 2329 die
258 2295 437 2340 Meinuug
463 2295 526 2328 des
555 2294 676 2336 Zeno,
703 2294 807 2327 ienes
830 2293 983 2327 Stifters
1002 2295 1070 2327 der
1094 2294 1192 2327 Stoa.
1220 2312 1266 2318 -
1292 2293 1377 2326 rixa
1403 2293 1484 2326 scil.
1511 2293 1562 2326 ob

70 2344 170 2377 hanc
201 2344 436 2377 sententiam.
495 2342 604 2376 Eben
642 2353 682 2375 so
713 2342 783 2374 wie
810 2341 869 2375 die
897 2342 1047 2375 Sto'iker
1074 2342 1190 2375 cifert
1223 2344 1358 2378 Horat.
1383 2341 1503 2375 Serm.
1529 2342 1562 2381 Ι,

71 2393 142 2427 355
168 2392 210 2424 ff.
239 2402 360 2439 gegen
386 2392 447 2425 die
488 2389 806 2435 Verscho’nerung
841 2390 906 2423 der
943 2391 1075 2423 Laster
1101 2390 1222 2424 durch
1255 2389 1563 2423 Schleieruamen

73 2439 146 2473 und
173 2440 231 2473 die
259 2439 424 2474 dadurch
451 2438 766 2483 lierbeigefilhrte
805 2436 1120 2483 Verwechselung
1155 2439 1218 2471 des
1252 2438 1453 2472 Sittlichen
1491 2438 1563 2470 mit:

74 2488 160 2521 deni
187 2488 456 2522 Unsittlichen.
509 2487 744 2521 lnzwischen
779 2486 926 2520 komnit
961 2499 999 2521 es
1037 2487 1135 2521 doch
1167 2488 1234 2520 auf
1266 2487 1325 2519 die
1358 2485 1564 2519 Umsttinde

73 2536 151 2569 und
177 2537 446 2581 Umgebungen
473 2548 518 2568 an
536 2560 544 2574 ,
581 2536 629 2569 ob
656 2546 742 2568 man
768 2535 870 2569 iedes
895 2536 998 2580 Diug
1024 2535 1095 2569 mit
1121 2535 1204 2568 deni
1231 2535 1386 2567 rechten
1411 2534 1564 2568 Nomen

73 2595 218 2618 neuneu
244 2585 367 2617 diirfe.
391 2584 473 2630 Vgl.
500 2584 635 2617 Cicero
663 2583 710 2616 de
726 2583 863 2617 Officc.
893 2586 922 2626 I,
946 2585 1003 2623 41,
1023 2585 1101 2619 1118.
1122 2602 1166 2608 —-
1188 2583 1393 2625 flagitimn,
1419 2583 1563 2616 Schan-

75 2632 135 2666 de.
163 2651 207 2657 -
236 2632 459 2675 Demiurgo,
485 2632 762 2674 Handwerker,
787 2633 979 2669 Kiinstler.
1029 2632 1220 2666 Nimirum
1256 2635 1292 2663 ut
1324 2631 1389 2663 ille
1422 2631 1564 2675 Turpi-

74 2681 144 2714 lius
181 2682 373 2722 Comicus,
413 2681 474 2726 qui
510 2682 677 2715 fabulam
719 2681 852 2714 docuit
891 2682 945 2714 sic
984 2681 1226 2724 inscriptam,
1266 2690 1376 2723 quani
1419 2680 1564 2713 Nonius

75 2730 278 2764 Marcellus
303 2730 397 2764 citat
422 2731 461 2763 in
487 2741 518 2764 v.
547 2731 685 2774 quaesti
710 2729 867 2775 aliisque
893 2728 996 2764 locis.
1025 2728 1134 2764 SCII.
1171 2746 1213 2753 —
1249 2727 1346 2761 nosti
1371 2727 1562 2762 canticum.
