1795 3086
189 44 275 93 13³1
462 48 524 89 Μ.
556 51 611 92 Τ.
643 48 985 92 CICERONIS
1014 49 1389 93 EPISTOLAE.

336 159 652 202 EPISTOLA
682 161 994 203 DCCXXIV.
1054 161 1132 212 (ad
1159 162 1251 203 Att.
1281 160 1392 203 XV.
1425 159 1511 210 11.)

351 234 433 268 scr.
461 235 500 268 in
527 234 673 268 Antiati
697 235 738 268 v.
765 234 822 272 Itl.
850 235 930 268 lun.
958 234 1000 267 A.
1028 235 1074 268 U.
1104 235 1144 270 c,
1171 237 1250 270 710.
1287 234 1336 276 (a.
1363 233 1404 268 c,
1432 235 1508 277 44.)

192 300 329 334 Narrat
354 312 462 333 suum
499 312 584 334 cum
609 302 724 334 Bruto
761 306 795 334 et
833 300 957 333 Cassio
991 300 1248 345 colloquium
1289 312 1332 334 ac
1365 300 1598 336 Dolabellam
1631 312 1668 335 se

645 348 715 382 sibi
742 349 885 395 legasse
913 348 1071 382 nuntiat.
1107 350 1210 384 1—4.

707 431 883 466 CICERO
914 431 1091 467 ATTICO
1117 432 1152 466 S.

298 499 480 541 Antium
521 497 622 541 veni
665 505 766 542 ante
804 513 863 540 vl.
894 499 1018 541 Idus.
1077 500 1220 542 Bruto
1260 501 1480 542 iucundus
1517 506 1671 544 noster

188 553 417 596 adventus.
477 556 667 608 Deinde,
696 555 851 595 multis
873 555 1172 607 audientibus,
1205 556 1415 609 Servilia,
1446 558 1670 610 Tertulla,

189 609 359 652 Porcia
385 624 616 665 quaerere,
648 611 758 666 quid
788 612 1002 664 placeret.
1062 611 1235 653 Aderat
1265 613 1401 654 etiam
1429 614 1670 655 Favonius.

189 663 303 719 Ego,
334 668 454 720 quod
485 680 606 707 eram
636 666 877 707 meditatus
918 667 964 706 in
997 666 1083 716 via,
1128 668 1332 720 suadere,
1375 673 1425 708 ut
1468 673 1672 710 uteretur

188 721 391 762 Asiatica
421 724 649 763 curatione
680 721 919 771 frumenti3
948 721 1065 762 nihil
1098 735 1194 763 esse
1223 724 1311 764 iam
1337 724 1516 777 reliqui,
1550 724 1671 779 quod

190 789 436 830 ageremus,
478 778 568 818 nisi
599 782 645 817 ut
675 779 826 819 salvus
857 777 1001 819 esset?
1052 776 1099 816 in
1130 791 1183 818 eo
1213 780 1345 819 etiam
1374 780 1463 833 ipsi
1492 781 1561 820 rei
1590 793 1671 834 pu·
1700 781 1703 783 ’
1734 785 1739 789 “

188 833 332 874 blicae
362 847 458 874 esse
488 833 773 887 praesidium.
852 831 998 881 Quam
1044 834 1291 874 orationem
1328 847 1460 888 quum
1501 835 1673 889 ingres-

188 900 263 929 sus
302 902 458 941 essem,
489 889 672 930 Cassius
702 888 957 929 intervenit.
1015 887 1114 942 Ego
1153 889 1306 931 eadem
1345 889 1430 930 illa
1469 890 1673 944 repetiw'.

188 943 290 985 Hoc
320 945 436 998 loco,
468 944 660 985 fortibus
690 958 794 985 sane
824 943 968 984 oculis
1000 943 1181 984 Cassius
1204 966 1251 972 —-
1280 944 1473 985 Martem
1501 946 1673 1000 spirare

188 999 364 1041 diceres
394 1023 446 1030 —
485 1014 562 1052 „se
592 1002 639 1041 in
680 999 884 1041 Siciliam
923 1011 1009 1038 non
1046 998 1224 1040 iturum.
1282 1000 1435 1054 Egone
1465 1005 1514 1041 ut
1542 1003 1674 1043 bene-

189 1054 344 1096 ficium
374 1056 645 1109 accepissem
677 1054 994 1095 contumeliam
1007 1050 1057 1094 ἒς(
1087 1077 1140 1082 -
1172 1054 1296 1104 Quid
1319 1070 1426 1110 ergo
1450 1055 1578 1110 agis?
1607 1057 1675 1097 in-

286 1181 318 1214 1.
373 1180 439 1214 1‘1.
474 1181 563 1214 Idus
596 1180 697 1220 Iun„
734 1192 795 1213 am
831 1181 862 1215 8.
897 1180 1039 1214 Iunius.
1101 1179 1165 1214 Sic
1204 1179 1350 1215 Stroth.
1385 1191 1424 1225 p.
1462 1180 1543 1216 245.
1576 1181 1675 1215 coni.

190 1227 280 1261 Kal.
308 1227 404 1263 Cett.
432 1240 517 1261 cum
545 1228 636 1263 Cdd.
678 1228 875 1262 ORELLI.
926 1226 1116 1261 Strothius
1152 1234 1257 1262 recte
1284 1227 1465 1263 correxit.
1514 1228 1677 1273 „Neque

191 1275 307 1316 enim,
344 1276 480 1319 inquit,
515 1275 703 1310 Kalendae
738 1275 867 1309 Iuniae
892 1275 1066 1322 intelligi
1102 1281 1281 1321 possunt3
1320 1282 1412 1310 tunc
1448 1276 1550 1310 enim
1593 1278 1677 1310 fru-

190 1323 376 1356 mentaria
401 1324 538 1368 legatio
564 1324 674 1357 Bruti
701 1330 738 1358 et
764 1323 882 1357 Cassii
907 1323 1074 1356 nondum
1108 1323 1259 1357 decreta
1298 1330 1380 1358 erat
1413 1343 1455 1349 —
1489 1324 1587 1368 quod
1621 1325 1679 1358 fa-

184 1377 293 1406 actum
320 1370 472 1404 demum
499 1371 619 1405 Nonis
646 1372 766 1404 Iuniis
794 1382 857 1414 —3
884 1371 1155 1414 nequeluliae3
1182 1377 1271 1404 tunc
1297 1371 1400 1404 enim
1427 1383 1522 1414 sera,
1548 1378 1677 1406 utrum

191 1418 405 1453 obeundum
439 1418 487 1453 sit
518 1419 594 1453 hoc
630 1420 823 1467 negotium
861 1430 998 1461 necne,
1041 1419 1265 1453 deliberatio
1307 1420 1451 1462 fuisset,
1492 1431 1602 1463 quam
1636 1419 1678 1453 in

192 1470 337 1500 recenti
371 1467 487 1501 fuisse
523 1478 569 1501 ex
594 1473 673 1501 tota
710 1466 872 1513 epistola
904 1473 1081 1511 apparet;
1124 1478 1249 1511 neque
1282 1467 1437 1500 omnino
1474 1467 1677 1510 Kalendae,
1730 1467 1736 1475 *

191 1526 309 1559 quum
346 1515 385 1548 in
431 1515 504 1548 fine
549 1515 732 1560 epistolae
774 1514 894 1548 dicat:
944 1514 1144 1548 Dolabella
1179 1540 1187 1547 .
1216 1540 1224 1548 .
1257 1515 1455 1548 nuntiatum
1486 1519 1546 1548 est.
1596 1516 1679 1549 Post

192 1563 326 1596 XXIII.
365 1563 486 1611 igitur
511 1562 644 1596 diem?
686 1562 874 1607 quomodo
908 1562 1108 1607 probabile
1143 1562 1243 1595 hoc?
1291 1563 1384 1596 Puto
1417 1562 1532 1596 fuisse
1571 1563 1615 1598 V.
1643 1563 1677 1596 Ι.

192 1610 232 1643 id
259 1617 314 1644 est
342 1611 385 1645 V.
411 1612 511 1654 Idas,
537 1611 676 1644 iunctis
703 1611 838 1644 deinde
865 1609 988 1643 literis
1019 1610 1085 1645 VI.
1115 1610 1316 1653 effectum3
1356 1617 1436 1644 tum
1474 1623 1494 1644 a
1519 1610 1678 1645 librario

194 1658 282 1692 Kal.
312 1659 480 1692 additum
507 1661 602 1693 est.“
628 1658 735 1692 SCH.
765 1677 806 1683 —
834 1658 992 1692 Servilia
1019 1659 1127 1692 Bruti
1153 1663 1288 1700 matre,
1322 1658 1485 1692 Tertulla
1511 1660 1554 1701 (s.
1581 1658 1678 1692 Ter-

192 1707 261 1749 tia)
289 1706 366 1740 eius
394 1717 520 1740 sorore
547 1706 673 1740 Cassio
700 1712 830 1751 nupta,
862 1706 1000 1740 Porcia
1031 1706 1141 1740 Bruti
1173 1717 1301 1747 uxore,
1335 1707 1382 1740 M.
1411 1706 1560 1740 Catonis
1585 1707 1678 1741 filia.

194 1775 238 1780 -
266 1765 452 1799 quaerere,
487 1755 630 1788 Infinit.
655 1753 872 1788 historicus.
926 1773 968 1778 —
1021 1754 1108 1799 qaid
1137 1755 1311 1798 placeret,
1356 1765 1434 1787 was
1468 1756 1533 1787 fiir
1567 1754 1679 1788 einen

194 1802 287 1836 Plan
312 1803 377 1836 ich
405 1802 709 1850 vorzuschlagen
736 1802 852 1836 hatte.
887 1820 931 1826 -
972 1804 1018 1835 Μ.
1046 1802 1241 1844 Favonius,
1281 1801 1350 1836 ille
1377 1801 1526 1836 Catonis
1551 1813 1679 1835 aemu-

191 1851 264 1891 lus,
300 1851 409 1884 Bruti
446 1850 661 1893 familiaris,
699 1856 785 1895 post
816 1848 1008 1896 proelium
1035 1850 1280 1895 Philippense
1314 1855 1444 1895 captus
1470 1856 1520 1891 et,
1563 1861 1677 1895 quum

193 1904 383 1932 catenatus
425 1898 714 1943 produceretur,
756 1899 797 1931 in
832 1898 1028 1932 Caesarem
1061 1898 1305 1931 Octavianum
1348 1897 1588 1932 acerbissime
1621 1899 1680 1931 in-

193 1952 332 1979 vectus.
369 1946 449 1978 Vid.
478 1946 630 1980 Sueton.
659 1946 756 1993 Aug.
793 1958 827 1981 c.
856 1948 910 1980 18.
944 1946 1051 1980 SCH.
1091 1945 1136 1978 ad
1169 1944 1282 1979 Attio.
1318 1945 1350 1985 Ι,
1379 1946 1434 1980 14.
1469 1946 1520 1989 ΙΙ,
1549 1948 1581 1980 1.
1615 1946 1679 1986 IV,

195 1997 226 2028 1.
256 1996 313 2029 16.
339 1993 384 2026 ad
409 1994 543 2029 Famil.
579 1994 682 2035 vm,
708 1996 741 2029 9.
770 1996 826 2028 ll.
868 1993 915 2027 ad
947 1994 985 2036 Q.
1021 1995 1129 2026 fratr.
1163 1992 1214 2034 11,
1247 1994 1279 2027 3.
1316 1995 1370 2028 11.
1422 2013 1463 2019 --
1515 1994 1677 2034 suadere,

194 2042 268 2076 Ins.
295 2040 385 2076 hist.
415 2061 460 2066 —
486 2046 662 2084 uteretur,
690 2041 917 2080 annehmen,
945 2040 1205 2075 iibernehmen
1231 2040 1397 2076 m'dchte.
1449 2041 1486 2075 S.
1526 2053 1582 2087 ep.
1610 2043 1678 2077 721

194 2090 248 2122 im
273 2089 360 2122 Anf.
386 2101 420 2122 u.
450 2089 486 2124 d.
512 2090 632 2137 vox-ig.
660 2091 721 2124 Br.
772 2108 819 2114 -
869 2089 943 2122 nisi
966 2093 1004 2122 ut
1028 2090 1116 2122 salv.
1144 2092 1250 2128 esset,
1287 2089 1340 2123 als
1371 2099 1443 2123 vor
1473 2089 1540 2123 der
1570 2089 1679 2123 Hand
1714 2125 1719 2129 ,

195 2138 262 2170 auf
298 2138 400 2171 seine
435 2136 657 2171 Sicherheit
691 2149 737 2171 zu
778 2137 941 2170 denken.
993 2136 1029 2170 S.
1069 2148 1115 2170 zu
1150 2147 1207 2181 ep.
1245 2138 1328 2178 722,
1370 2140 1400 2171 1.
1440 2137 1679 2179 legatoriam.

195 2185 330 2219 Cicero
357 2184 461 2220 hatte
487 2184 571 2218 sich
596 2185 692 2219 ietzt
719 2185 820 2218 eines
847 2184 1025 2218 Anderen
1050 2184 1221 2218 bedacht.
1281 2185 1338 2218 Im
1364 2185 1527 2231 vorigen
1552 2185 1679 2219 Briefe

195 2232 379 2267 urtheilte
408 2245 449 2267 er
475 2239 819 2280 entgegengesetzt.
874 2232 967 2266 Cum
996 2232 1152 2266 Corrad.
1180 2238 1218 2266 et
1243 2232 1308 2266 Cd.
1339 2232 1426 2266 Urs.
1453 2232 1540 2267 Sch.
1581 2233 1678 2267 Liin.

197 2282 320 2314 salvos
346 2291 419 2314 esse
444 2282 540 2315 Cett.
569 2292 655 2313 cum
683 2281 756 2314 Md.
791 2287 908 2325 praet.
947 2280 1043 2314 Vict.
1078 2283 1110 2315 l.
1147 2280 1269 2314 Error
1303 2287 1406 2314 ortus
1444 2292 1490 2314 ex
1526 2280 1679 2325 antiqua

196 2329 386 2372 scriptura
411 2330 530 2362 saluos
555 2339 624 2373 pro
650 2330 782 2362 salvus.
819 2327 1012 2362 ORELLI.
1061 2349 1101 2353 —
1149 2328 1318 2372 praesid„
1355 2329 1492 2365 MitteL
1518 2328 1579 2361 die
1605 2329 1679 2362 Re-

197 2377 335 2421 publik
369 2389 416 2410 zu
454 2382 591 2411 retten.
645 2395 689 2400 —
738 2376 818 2408 Hoc
851 2376 945 2417 loco,
987 2376 1046 2409 bei
1079 2376 1218 2410 Diesen
1250 2376 1401 2410 meinen
1427 2376 1607 2411 Worten,
1634 2394 1676 2401 —

190 2426 306 2467 sort„
334 2424 520 2472 heftigen.
563 2442 604 2447 ——
644 2424 796 2457 Cassius
823 2423 1105 2468 interpellando
1132 2423 1242 2466 dixit,
1280 2425 1345 2457 fiel
1374 2424 1436 2458 ein
1461 2424 1536 2457 und
1563 2430 1678 2472 sag-te.

199 2492 242 2497 —
269 2473 434 2506 lllartem
459 2473 618 2516 spirare,
636 2469 743 2517 Ἄρηα
769 2468 938 2510 πνεῦσαι,
974 2474 1126 2514 diceres,
1162 2483 1248 2505 man
1274 2472 1378 2506 h'fitte
1403 2483 1517 2519 Sagen
1542 2472 1677 2512 senen,

199 2523 296 2554 Mars
321 2521 437 2555 selbst
464 2519 655 2554 schnaube
681 2531 744 2551 aus
772 2518 867 2551 ihm.
917 2520 1185 2554 Homericum!
1221 2538 1266 2544 -
1301 2520 1565 2554 contumeliam.
1614 2519 1678 2552 Sic

199 2568 270 2601 Md.
298 2569 415 2603 Oxon.
445 2571 474 2602 l.
502 2570 535 2603 2.
564 2569 691 2614 Margo
719 2567 818 2601 Crat.
845 2567 943 2602 lens.
970 2568 1065 2601 Vict.
1095 2570 1125 2601 1.
1151 2568 1183 2601 2.
1223 2569 1408 2612 accepisse
1433 2568 1471 2601 z'n
1496 2570 1677 2600 contame-

199 2616 288 2649 liam
315 2616 405 2649 Cdd.
432 2615 550 2648 Torn.
577 2614 738 2649 Crusell.
766 2615 850 2648 Bos.
880 2615 1014 2650 Graev.
1057 2614 1236 2658 accepisse
1270 2616 1308 2649 in
1345 2614 1561 2650 contumelia
1593 2615 1677 2647 Asc.

199 2674 256 2708 pr.
284 2664 412 2698 Lamb.
441 2664 532 2697 Ern.
560 2662 649 2697 Seh.
685 2663 884 2706 accepisset
918 2664 956 2697 in
988 2662 1204 2696 contumelia
1244 2664 1327 2698 Asc.
1361 2675 1434 2697 sec.
1468 2662 1567 2696 Crat.
1605 2661 1678 2695 Sed

203 2717 240 2746 et
266 2723 285 2745 a
312 2711 483 2748 librariis
510 2717 547 2745 et
572 2723 591 2745 a
617 2710 763 2746 criticis
799 2710 892 2746 duae
928 2711 1114 2746 formulae
1148 2713 1320 2747 confusae
1354 2711 1551 2747 videntur:
1595 2709 1677 2755 pri-=
