1795 3086
246 105 339 154 356
526 105 590 147 M.
621 104 678 145 Τ.
710 101 1053 146 CICERONIS
1083 101 1459 146 EPISTOLAE.

246 233 351 262 nere
381 219 640 261 societatem
679 214 932 256 facinorum
970 225 1070 255 cum
1109 213 1355 256 Dolabella
1391 213 1612 266 inierunt,
1663 214 1727 256 fa=

246 278 361 318 ciam
391 287 470 315 vos
499 272 730 313 certiores.
787 271 860 312 De
890 271 1077 325 quibus,
1124 271 1165 312 si
1203 270 1334 312 vobis
1374 270 1626 323 videbitur,
1672 271 1729 322 si,

248 337 294 373 ut
324 330 473 371 meriti
502 331 619 380 sunt,
649 326 853 381 graviter
890 326 1220 369 constitueritis
1258 338 1426 380 nosque
1464 329 1613 367 vestra
1653 340 1731 368 au-

246 387 457 429 ctoritate
485 382 798 425 firmaveritis:
847 382 1030 424 facilius
1070 386 1115 423 et
1151 381 1326 436 reliqua
1365 381 1552 436 exigere
1593 383 1731 424 vecti-

243 443 366 498 galia
394 446 440 482 et
467 443 631 481 exacta
658 450 840 480 servare
868 439 1127 492 poterimus.
1186 438 1369 479 Interea
1407 450 1497 491 quo
1535 450 1732 487 commo-

243 500 346 540 dius
374 495 620 551 vectigalia
648 494 767 536 tueri
807 494 1176 548 provinciamque
1206 495 1261 535 ab
1291 494 1461 535 iniuria
1489 492 1733 535 defendere

242 554 435 610 possim,
493 550 767 607 praesidium
816 550 1118 593 voluntarium
1167 550 1560 604 necessariumque
1608 562 1733 592 com-

241 610 410 666 paravi.

186 713 189 717 ᾗ
353 665 440 706 His
469 662 617 704 literis
645 661 854 717 scriptis,
883 661 1049 702 milites
1080 660 1267 703 circiter
1294 675 1413 709 xxx,
1442 674 1555 717 quos
1585 661 1731 703 Dola-

241 722 362 764 bella
389 734 448 762 ex
477 719 587 760 Asia
616 719 968 772 conscripserat,
1016 730 1040 757 e
1080 715 1219 772 Syria
1256 717 1479 771 fugientes
1517 718 1565 759 in
1593 717 1731 758 Pam-

240 777 446 833 phyliam
486 778 715 815 venerunt.
793 774 834 814 Ii
884 773 1204 813 nuntiaverunt
1244 773 1536 814 Dolabellam
1575 772 1730 814 Antio—

242 834 417 886 cheam,
447 843 559 886 quae
588 829 635 870 in
666 829 804 885 Syria
834 833 925 882 est,
957 828 1154 870 venisse:
1195 841 1285 869 non
1315 833 1567 883 receptum,
1597 841 1730 870 cona-

240 895 333 931 tum
373 900 469 929 esse
511 886 751 940 aliquoties
797 885 845 926 vi
884 883 1102 926 introiret
1156 885 1384 938 repulsum
1420 897 1597 939 semper
1634 897 1730 926 esse

238 959 339 986 cum
368 955 526 998 magno
555 955 636 982 suo
666 941 960 989 detriment03
993 941 1146 994 itaque
1175 944 1353 981 centum
1384 940 1572 981 circiter
1595 942 1730 982 amis-

238 1003 315 1046 sis,
345 1000 492 1054 aegris
524 997 715 1043 relictis,
743 1000 878 1037 noctu
901 996 1157 1037 Antiochea
1185 996 1441 1050 profugisse
1452 996 1729 1038 Laodiceam

237 1070 416 1099 versus:
445 1055 506 1095 ea'
527 1057 659 1093 nocte
689 1065 842 1092 omnes
881 1049 978 1092 fere
1007 1050 1236 1092 Asiaticos
1264 1053 1435 1093 milites
1466 1053 1520 1093 ab
1550 1066 1603 1094 eo
1635 1053 1727 1093 dis-

238 1113 450 1154 cessisse:
489 1121 544 1150 ex
573 1107 645 1149 his
674 1108 734 1148 ad
764 1107 1044 1161 octingentos
1074 1106 1372 1148 Antiocheam
1402 1107 1575 1149 redisse
1607 1115 1651 1149 et
1680 1122 1728 1149 se

239 1169 296 1210 iis
334 1165 595 1210 tradidisse,
633 1164 711 1218 qui
750 1176 778 1203 a
817 1163 976 1203 Cassio
1019 1162 1175 1204 relicti
1214 1164 1312 1203 urbi
1352 1163 1427 1203 illi
1464 1169 1727 1216 praeerant3

238 1229 412 1266 ceteros
455 1233 537 1276 per
574 1219 791 1260 Amanum
829 1218 875 1258 in
915 1217 1131 1260 Ciliciam
1173 1218 1487 1268 descendisse3
1538 1233 1627 1275 quo
1665 1233 1727 1261 ex

237 1292 420 1322 numero
469 1290 517 1317 se
555 1288 731 1331 quoque
772 1287 869 1316 esse
907 1274 1141 1316 dicebant:
1192 1274 1398 1317 Cassium
1437 1277 1586 1317 autem
1624 1288 1725 1316 cum

236 1337 329 1377 suis
359 1333 563 1376 omnibus
593 1332 736 1385 copiis
765 1330 1012 1372 nuntiatum
1052 1344 1152 1372 esse
1181 1330 1411 1385 quatridui
1440 1331 1529 1372 iter
1556 1331 1725 1372 Laodi-

237 1405 317 1432 cea
360 1389 525 1430 afuisse
562 1390 678 1439 tum,
726 1400 862 1441 quum
899 1387 1145 1428 Dolabella
1185 1400 1238 1428 eo
1279 1387 1497 1429 tenderet.
1555 1387 1722 1437 Quam-

235 1448 389 1489 obrem
429 1443 640 1499 opinione
688 1443 882 1484 celerius
920 1442 1102 1484 confido
1139 1442 1538 1485 sceleratissimum
1579 1444 1721 1485 latro-

233 1517 333 1545 nem
362 1511 528 1557 poenas
557 1499 780 1540 daturum.
838 1512 917 1540 1111.
947 1497 1102 1540 Nonas
1132 1498 1305 1553 Iunias,
1333 1500 1526 1553 Pergae.

234 1665 648 1704 Schandthatenverein
673 1664 744 1698 mit
767 1663 965 1698 Dolabella
990 1669 1165 1711 getreten
1191 1663 1287 1697 sind.
1336 1683 1378 1689 --
1422 1667 1550 1706 const„
1577 1662 1718 1696 iudica-

231 1717 378 1751 veritis.
405 1713 634 1756 —-‘firmav.‚
659 1713 731 1746 mit
755 1712 897 1746 Eurem
924 1712 1082 1747 Befehle
1107 1715 1339 1747 unterstiitzt
1364 1712 1465 1746 habt.
1510 1729 1553 1736 —-
1596 1711 1720 1745 volun-

233 1766 379 1807 tarium,
403 1775 467 1797 aus
492 1761 764 1809 Freiwilligen
790 1760 1006 1795 bestehend.

328 1835 362 1867 7.
411 1831 481 1864 His
515 1829 572 1863 lit.
604 1828 731 1872 script.
781 1827 872 1862 Also
911 1828 1016 1862 eine
1051 1827 1114 1861 Na
1126 1825 1386 1862 chschrift!
1435 1846 1476 1853 —-
1530 1838 1576 1861 esc
1607 1827 1716 1870 Asia,

231 1892 290 1915 wo
316 1891 359 1914 er
382 1877 553 1913 damahls
579 1887 756 1925 gewesen
781 1886 875 1911 war.
904 1896 947 1901 —
974 1876 1012 1909 in
1038 1875 1301 1920 Pamphyliam,
1327 1875 1372 1909 ad
1397 1875 1528 1909 urbem
1554 1876 1714 1918 Pergam

230 1932 346 1970 (nunc
372 1927 496 1973 Pirpi)
523 1926 688 1967 scilicet,
716 1924 780 1957 ubi
807 1924 873 1958 has
900 1925 1031 1959 literas
1057 1923 1213 1969 scripsit
1237 1924 1434 1958 Lentulus.
1461 1924 1569 1959 SCH.
1596 1943 1640 1949 —
1666 1924 1714 1957 Ii.

230 1976 292 2011 Sic
318 1977 432 2021 Neap.
460 1975 510 2009 Hz·
536 1973 630 2008 cett.
660 1973 855 2006 ORELLI.
901 1992 942 1998 —
988 1983 1058 2006 non
1084 1976 1263 2016 receptum
1287 1972 1387 2006 kurz
1412 1973 1477 2005 fiir
1501 1983 1616 2017 quum
1641 1983 1715 2006 non

230 2032 402 2069 receptus
429 2030 539 2065 esset,
567 2022 611 2056 da
636 2033 678 2055 er
702 2020 810 2055 nicht
836 2021 1074 2054 eino-elassen
1097 2022 1215 2055 ware.
1257 2042 1299 2047 —
1349 2021 1579 2064 Laodiceam,
1604 2020 1714 2056 wohl

231 2073 289 2106 die
316 2071 485 2106 seestadt
511 2071 550 2104 in
572 2069 686 2114 Syria
712 2052 969 2103 Cassiotis.³S.
997 2081 1055 2115 ep.
1082 2069 1165 2111 744,
1190 2069 1223 2103 4.
1252 2086 1295 2093 -α
1330 2079 1373 2102 ea:
1406 2068 1473 2111 ms,
1507 2070 1625 2113 Neap.
1652 2068 1711 2102 its.

229 2140 276 2146 --
299 2132 336 2153 se
359 2121 418 2163 iis,
447 2120 517 2153 Md.
545 2118 610 2152 his.
658 2135 698 2140 —
741 2119 921 2152 Amanum
946 2124 1113 2151 montem
1140 2117 1241 2149 inter
1266 2117 1418 2161 Syriam
1453 2124 1491 2151 et
1524 2117 1710 2151 Ciliciam.

231 2189 272 2193 —
301 2169 496 2203 Laodicea.
520 2167 619 2202 Crat.
644 2165 772 2199 Lamb.
800 2177 823 2199 a
848 2167 976 2208 Laod„
1014 2171 1057 2198 ut
1088 2165 1211 2198 abesse
1244 2175 1268 2198 a
1301 2165 1506 2209 Colophone
1539 2165 1620 2199 Liv.
1648 2166 1710 2207 37,

229 2219 288 2259 26,
314 2218 346 2251 5.
373 2216 415 2250 F.
461 2214 604 2258 Perga.
630 2214 826 2248 ORELLI.
853 2235 895 2240 -
922 2225 980 2258 op.
1003 2213 1128 2255 celer„
1155 2211 1350 2248 schneller
1374 2214 1428 2248 als
1454 2225 1540 2248 man
1566 2213 1707 2262 glaubt.

236 2284 270 2288 θ»
299 2265 396 2299 ΙΙΙΙ.
425 2264 518 2299 Νοη.
544 2264 637 2305 Iun„
665 2273 724 2296 am
749 2264 782 2298 2.
810 2262 951 2296 Iunius.
