1795 3086
499 84 816 129 EPISTOLA
846 83 1101 130 DCCLIX.
1450 90 1541 138 199

69 203 198 244 diem.
266 200 354 242 Sed
391 199 619 255 putabam,
668 210 797 252 quum
826 195 1049 252 Rhegium
1077 196 1321 251 venissem,
1362 199 1461 242 sore
1489 207 1537 244 ut

68 260 166 299 illic
204 259 354 303 δολιχόν
390 255 508 295 πλόον
545 252 792 304 ὁρμαίνοντες
819 254 1145 307 cogitaremus,
1186 256 1415 298 corbitane
1446 256 1535 299 Pa-

66 321 180 365 tras,
219 327 272 353 an
310 309 566 352 actuariolis
605 308 662 349 ad
700 308 1020 362 Leucopetram
1059 311 1427 364 Tarentinorum,
1468 318 1537 354 ast

64 368 169 409 inde
198 370 314 409 Corc
352 380 467 407 ram:
505 369 575 417 et,
604 365 643 405 si
672 364 902 421 oneraria,
942 365 1153 407 statimne
1183 365 1326 419 freto,
1365 382 1420 410 an
1450 368 1536 424 Sy-

67 426 249 466 racusis.
316 382 416 464 {130
444 434 575 475 super
603 433 651 460 re
689 420 878 461 scribam
919 419 975 459 ad
1014 423 1058 460 te
1096 420 1287 475 Rhegio.
1355 424 1534 466 Meher-

65 480 186 532 cule,
216 479 278 519 mi
306 478 480 529 Attice,
520 488 650 529 saepe
675 489 870 526 mecum,
907 472 933 515 23
961 478 1052 524 δεῦρ’
1081 472 1167 517 ὁδός
1193 490 1256 515 σοι
1281 481 1324 518 τι·
1348 478 1535 526 δύναται,-

63 549 144 576 cur
183 549 264 589 ego
301 538 443 575 tecum
480 545 567 573 non
605 533 724 573 sum?
780 544 860 571 eur
899 530 1071 571 ocellos
1120 531 1307 584 Italiae,
1353 535 1535 576 villulas

64 605 181 632 ineas
211 603 296 631 non
325 587 483 630 video?
532 587 621 629 Sed
652 586 698 627 id
738 586 847 629 satis
884 599 1122 640 superque,
1159 589 1305 627 tecum
1344 603 1412 630 me
1448 605 1536 632 non

61 661 168 687 csse.
237 645 360 694 Quid
398 643 667 697 fugientem?
716 642 1044 697 periculumne‘!
1099 643 1160 683 At
1195 641 1244 681 id
1283 656 1399 684 nunc
1436 647 1535 700 qui-

62 703 187 754 dem,
224 701 312 741 nisi
340 699 501 750 fallor,
540 699 707 739 nullum
737 703 814 739 est.
877 697 948 738 Ad
986 698 1131 752 ipsum
1170 700 1317 739 autem
1353 706 1537 743 revocat

60 772 130 798 me
172 756 417 798 auctoritas
459 759 546 795 tua.
616 753 786 795 Scribis
831 755 949 795 enim
988 753 1032 793 in
1071 752 1243 794 caelum
1283 753 1395 796 ferri
1434 770 1536 811 pro-

60 813 297 853 sectionem
327 824 494 858 meam,
524 809 604 850 sed
634 811 721 860 ita,
752 810 789 849 si
815 813 913 849 ante
935 808 1040 850 Kal.
1062 808 1159 850 Ian.
1183 809 1387 852 redeam:
1449 812 1538 853 uod

60 869 242 923 quidem
272 871 394 908 certe
426 866 584 907 enitar.
649 864 770 905 Malo
810 866 926 904 enim
965 865 1036 905 vel
1075 878 1174 905 cuni
1211 865 1373 907 timore
1447 868 1539 907 omi

59 938 158 964 csse
187 937 317 977 quam
346 923 442 963 sine
472 920 633 962 timore
648 918 836 961 Athenis
856 920 960 961 tuis.
1018 919 1106 961 Sed
1137 923 1286 963 tamen
1314 924 1537 977 prospice,

59 993 145 1033 quo
191 981 276 1019 ista
313 981 521 1030 vergant3
568 975 763 1030 mihique
802 980 878 1017 aut
915 974 1060 1017 scribe
1100 980 1199 1028 aut,
1238 977 1358 1031 quod
1396 979 1539 1019 multo

57 1035 234 1086 malim,
264 1034 376 1074 affer
404 1034 513 1086 ipse.
580 1031 706 1072 Haec
734 1030 963 1073 hactenus.
1037 1031 1161 1073 Illud
1199 1033 1332 1074 velim
1372 1032 1417 1074 in
1462 1035 1539 1075 bo-

58 1104 158 1130 nam
186 1094 356 1143 partem
385 1086 605 1140 accipias,
646 1101 716 1127 me
743 1100 877 1140 agere
905 1091 1075 1140 tecum,
1115 1088 1235 1142 quod
1264 1089 1348 1130 tibi
1376 1090 1539 1132 maiori

56 1159 190 1186 curae
228 1146 365 1185 sciam
403 1156 524 1194 esse,
573 1156 704 1196 quam
744 1142 832 1195 ipsi
874 1142 997 1183 mihi.
1068 1141 1262 1185 Nomina
1300 1158 1424 1197 mea,
1461 1160 1541 1200 per

54 1202 189 1254 deos,
218 1200 400 1255 expedi,
431 1198 625 1239 exsolve.
692 1198 822 1240 Bella
852 1198 1027 1253 reliqua
1057 1198 1236 1255 reliqui.
1306 1200 1398 1241 Sed
1428 1214 1538 1256 opus

53 1355 145 1389 ietzt
161 1355 320 1401 Reggio.
346 1373 391 1381 —-
416 1354 504 1390 602..
530 1357 598 1390 πλ.
625 1351 803 1400 ὅρμαίν.
819 1380 830 1397 ,
856 1355 946 1398 „die
962 1356 1073 1402 lange
1086 1355 1263 1390 Seefahrt
1275 1355 1539 1390 bedenkend.“

52 1403 127 1436 Die
152 1404 268 1437 stelle
299 1416 365 1438 aus
393 1405 522 1449 Odyss.
549 1408 588 1447 Γ,
616 1406 695 1447 169,
721 1416 782 1439 wo
813 1405 1010 1440 Menelaus
1042 1405 1234 1448 uben-legs,
1273 1404 1323 1438 ob
1347 1416 1389 1438 er
1419 1405 1539 1440 ober-

55 1451 149 1484 oder
180 1452 377 1486 unterlialb
414 1452 529 1487 Chios
560 1453 658 1486 nach
690 1453 815 1486 seiner
847 1452 1026 1486 Heimath
1052 1451 1340 1486 zur'tzckkehren
1366 1453 1468 1487 solle.
1491 1471 1537 1479 --·

55 1500 265 1541 corbitam,
289 1502 376 1534 navi
403 1501 594 1541 oneraria,
629 1501 750 1534 einem
776 1511 928 1546 grosseti
956 1500 1183 1534 Lastschiffe
1208 1501 1280 1535 mit
1303 1501 1436 1546 Segeln
1462 1501 1538 1535 und

53 1547 269 1589 Mastkorb3
306 1559 379 1582 von
405 1549 594 1582 welchem
627 1548 694 1581 der
724 1549 848 1582 Name
880 1549 1185 1583 Korbschiff.
1217 1566 1266 1574 ·-
1302 1549 1538 1593 actum-ione,

54 1595 204 1628 kleinen
230 1597 605 1642 Kiistenfahrzeugen
644 1592 772 1639 (ἀκτή)
797 1608 869 1629 von
903 1596 1053 1631 Rudern
1087 1597 1293 1641 getrieben.
1319 1615 1367 1622 —
1397 1597 1536 1632 Leuco-

52 1647 218 1686 petram,
246 1644 535 1687 Weissenfells‚
560 1646 684 1679 Leuca
709 1656 758 1677 an
785 1644 853 1677 der
877 1651 1071 1678 untersten
1083 1645 1208 1691 Spitze
1232 1655 1306 1679 von
1324 1645 1536 1681 Calabrien.

55 1709 100 1715 —
127 1696 195 1726 ast.
221 1689 282 1725 Sic
307 1693 390 1728 Md.
419 1693 536 1727 Oxon.
567 1696 596 1726 l.
623 1694 655 1728 2.
683 1692 786 1726 Vict.
811 1693 895 1726 Bos,
921 1693 1054 1726 Graev.
1082 1704 1127 1726 ac
1150 1694 1233 1727 inde
1253 1694 1368 1729 Rom.
1387 1695 1472 1727 Asc.
1502 1696 1535 1728 1.

57 1741 160 1772 Crat.
186 1739 317 1773 Lamb.
344 1745 451 1785 atque
477 1741 557 1773 iude
581 1740 626 1772 de
650 1741 781 1774 Lamb.
809 1752 907 1786 susp.
933 1742 1022 1778 Ern.
1050 1740 1139 1776 Sch.
1165 1742 1263 1775 Liin.
1313 1741 1414 1775 Mihi
1440 1751 1536 1786 quo-

55 1798 125 1831 que
159 1786 332 1832 displicet
366 1789 440 1822 hoc
473 1793 550 1828 ast,-
585 1788 684 1833 quod
719 1789 758 1822 in
784 1788 880 1832 Epp.
908 1789 956 1822 ad
979 1789 1060 1823 Ate.
1093 1789 1291 1834 aliquoties
1313 1789 1536 1824 mordicitus

53 1835 222 1867 retinent
255 1835 363 1877 libri,
397 1847 585 1881 nunquam
617 1843 742 1870 autem
773 1837 916 1881 legitur
947 1837 988 1870 in
1014 1837 1103 1879 Epp.
1129 1837 1188 1872 ad.
1215 1837 1298 1871 Dio.
1325 1838 1536 1883 ceterisque

56 1883 131 1916 Cic.
166 1883 326 1928 scriptis.
362 1884 558 1918 ORELLI.
590 1903 634 1910 —
670 1884 872 1929 Corcyram
897 1884 980 1920 scil.
1006 1884 1216 1929 navigaturi
1249 1896 1431 1928 essemus,
1467 1886 1534 1919 ab·

53 1931 192 1975 hangig
213 1943 281 1964 von
309 1942 352 1964 ne
381 1933 458 1965 und
491 1943 548 1964 cm.
582 1951 627 1956 —
659 1932 825 1965 statimne
849 1955 859 1966 .
888 1957 898 1966 .
923 1933 1071 1977 Syram,
1107 1933 1156 1967 ob
1187 1931 1255 1966 ich
1286 1934 1534 1967 unmittelbar

55 1990 141 2011 vom
177 1980 459 2023 Rheginischen
491 1980 613 2014 Sunde
639 1992 704 2014 aus
728 1980 828 2014 nach
854 1980 1138 2014 Griechenland
1163 1981 1419 2016 fiberschiffen
1443 1982 1535 2017 oder

53 2038 170 2059 zuvor
195 2028 305 2060 einen
333 2028 493 2062 Abstich
518 2028 618 2061 nach
644 2028 808 2074 Syrakus
832 2029 995 2062 macheu
1021 2029 1128 2064 sollo.

146 2077 182 2110 2.
210 2086 318 2119 saepe
341 2086 475 2109 mecum
501 2077 637 2121 cogito.
665 2094 707 2101 -·
738 2074 760 2119 ἡ
789 2102 796 2110 .
823 2101 832 2109 .
859 2101 869 2111 .
895 2074 1113 2119 δύναται,·
1137 2089 1210 2112 was
1236 2078 1348 2112 niitzt
1365 2077 1438 2112 Dir
1454 2090 1533 2113 nun

51 2122 145 2155 Dein
172 2124 265 2167 lVeg
290 2124 452 2157 hieher?
486 2124 556 2157 Eiu
577 2123 686 2163 Vers,
713 2124 785 2157 den
811 2135 853 2158 er
875 2125 993 2158 sehon
1019 2137 1078 2170 ep.
1104 2127 1173 2161 724
1197 2125 1339 2160 citirte.
1366 2144 1411 2152 ·-—
1437 2129 1534 2161 ocel-

50 2172 118 2209 los,
145 2171 205 2203 die
231 2172 423 2206 Kleinode.
448 2190 496 2198 -
519 2172 611 2206 satis
635 2183 809 2217 superque
834 2180 888 2207 est
910 2171 950 2206 τὸ
977 2178 1090 2207 tecum
1114 2184 1184 2207 non
1215 2185 1270 2208 me
1285 2185 1372 2209 esse.
1399 2193 1442 2201 —
1470 2176 1536 2209 Ad

50 2219 162 2260 ipsum
196 2220 402 2265 periculum
439 2227 533 2262 cet.‚
575 2221 759 2255 vielmehr
789 2221 859 2255 soll
891 2221 958 2255 ich
997 2222 1142 2255 Deiner
1174 2222 1450 2269 Aufforderung
1487 2235 1533 2257 zu

52 2267 166 2310 Folge
191 2274 287 2308 erst,
319 2279 426 2302 wann
452 2268 505 2302 sie
528 2268 697 2310 kommt‚
728 2280 788 2303 am
814 2270 937 2303 Platze
962 2270 1054 2305 sein.
1079 2270 1164 2316 Vgl.
1189 2281 1248 2316 ep.
1276 2272 1359 2310 760,
1386 2274 1428 2308 2:
1472 2274 1533 2305 Ita

50 2312 184 2354 fiebat,
220 2322 282 2357 ut,
317 2316 407 2350 dum
440 2317 563 2353 minus
597 2317 756 2362 periculi
785 2317 999 2361 videretur,
1032 2318 1221 2360 abessem3
1262 2318 1305 2353 in
1337 2320 1531 2354 flammam

49 2361 166 2405 ipsam
196 2364 370 2397 venirem.
402 2366 482 2405 776,
515 2366 558 2400 6;
592 2365 827 2400 Veniendum
861 2373 917 2400 est
949 2366 1067 2411 igitur
1099 2366 1136 2399 in
1168 2367 1289 2412 ipsam
1320 2367 1530 2405 flammam,

49 2428 94 2433 —
122 2414 203 2442 mne
231 2412 320 2445 isal=
343 2413 424 2445 lau.
450 2412 485 2446 s.
511 2424 557 2446 zu
582 2424 639 2457 ep.
669 2414 750 2448 742,
775 2414 860 2455 748,
882 2415 915 2449 3.
943 2415 1025 2458 749,
1044 2415 1077 2449 4.
1106 2416 1189 2458 751,
1214 2417 1250 2451 6.
1277 2434 1322 2440 —
1345 2415 1529 2458 prospice,

51 2457 166 2490 blick'
192 2458 229 2490 iu
257 2459 317 2492 die
341 2461 468 2493 Ferne.
496 2480 537 2486 -—
566 2461 659 2502 ista,
683 2472 775 2505 quae
798 2462 980 2495 Antonius
1005 2462 1159 2508 eiusque
1185 2462 1281 2497 socii
1307 2463 1463 2507 agitent.

145 2507 178 2539 3.
205 2516 256 2538 me
289 2517 405 2548 agere
436 2512 569 2550 tecum,
604 2509 685 2541 dass
720 2508 786 2543 ich
812 2510 914 2543 noch
940 2510 1001 2544 ein
1028 2512 1141 2544 VVort
1166 2512 1262 2544 iiber
1285 2512 1361 2544 Das
1387 2521 1430 2544 zu
1455 2510 1528 2544 Dir

50 2550 161 2591 rede,
195 2565 266 2585 was
292 2565 327 2586 u.
354 2566 380 2587 s.
407 2566 456 2591 W.
514 2558 623 2589 Demi
654 2557 775 2591 Deine
807 2559 1082 2593 Freundschaft
1105 2560 1184 2592 will
1208 2559 1291 2592 sich
1314 2558 1424 2591 nicht
1448 2564 1527 2592 erst

50 2601 181 2633 (larum
207 2602 327 2634 bitten
359 2602 483 2635 lassen.
533 2605 686 2638 Ebenso
714 2604 742 2646 ξ.
767 2604 801 2638 4.
826 2607 981 2647 Metuo,
1016 2619 1063 2640 ne
1089 2613 1128 2639 tu
1153 2606 1312 2639 nimium
1337 2611 1453 2650 putes.
1479 2624 1524 2631 —

50 2649 197 2694 qipedi,
226 2650 338 2693 bring
363 2650 431 2682 in’s
455 2652 588 2686 neine.
616 2672 659 2677 -—
687 2653 796 2685 Bella
822 2654 959 2697 reliqua
985 2654 1138 2698 reliqui,
1175 2654 1238 2687 ich
1263 2654 1363 2687 habe
1386 2653 1527 2688 schone

50 2696 329 2737 Uberschiisse,
370 2698 576 2731 Ausstande
618 2701 759 2734 zuriick
802 2701 981 2745 gelassen.
1029 2703 1065 2735 S.
1104 2713 1162 2747 ep.
1206 2702 1288 2744 755,
1327 2702 1365 2736 5·
1434 2704 1526 2745 „Sat

50 2754 183 2789 magna
221 2746 357 2792 reliqui
395 2746 611 2782 debitorum
645 2749 818 2788 nomina,
859 2751 960 2784 unde
1001 2748 1253 2784 creditoribus
1287 2749 1380 2785 meis
1420 2751 1527 2785 satis*
