1795 3086
493 69 805 113 EPISTOLA
840 71 1094 114 DCCXIV.
1453 71 1536 116 lli

67 197 160 225 mus
191 195 247 223 ex
279 181 533 236 municipiis
564 185 740 222 nostros
772 183 1062 233 necessarios,
1100 195 1240 236 neque
1271 182 1413 222 solum
1445 182 1538 222 edi-

65 241 155 289 cto,
196 238 275 278 sed
317 239 455 281 etiam
492 236 640 277 literis
680 237 728 276 id
769 235 1020 289 fecerimus,
1062 238 1186 293 digni
1225 251 1389 289 sumus,
1427 250 1538 290 quos

68 294 230 334 habeas
260 294 326 333 tui
356 291 536 334 consilii
567 292 822 346 participes,
862 291 909 331 in
952 306 1003 332 ea
1032 294 1293 348 praesertim
1324 306 1386 338 re,
1424 305 1538 345 quae

68 349 123 389 ad
152 362 232 390 nos
262 349 464 402 pertinet.
522 347 672 398 Quare
701 347 892 401 petimus
919 359 946 386 a
974 350 1040 392 te,
1077 349 1216 389 facias
1256 362 1335 389 nos
1373 347 1537 388 certio—

69 418 139 445 res
169 409 270 444 tuae
298 401 541 445 voluntatis
571 404 619 442 in
648 416 749 443 nos:
779 406 962 457 putesne
985 415 1064 442 nos
1085 407 1202 444 tutos
1225 403 1322 444 fore
1345 403 1392 444 in
1415 407 1539 443 tanta

2 476 3 488 ἢ
70 459 322 513 frequentia
351 459 545 498 militum
573 462 900 509 veteranorum,
929 470 1039 511 quos
1071 457 1206 498 etiam
1237 459 1292 499 de
1322 471 1536 513 reponen-

1 507 3 527 ³
68 515 126 555 da
155 528 234 556 ara
262 515 460 568 cogitare
491 513 714 555 audimus:
744 513 865 568 quod
887 513 1004 553 velle
1034 516 1080 553 et
1106 514 1294 566 probare
1315 515 1395 555 vix
1418 513 1538 568 quis-

69 584 201 623 quam
240 583 368 624 posse
406 569 610 621 videtur,
659 569 737 624 qui
775 582 856 610 nos
894 569 1043 610 salvos
1083 572 1127 608 et
1164 567 1374 610 honestos
1413 568 1538 610 velit.

68 625 160 666 Nos
191 627 245 665 ab
275 625 405 666 initio
437 629 658 679 spectasse
687 624 829 664 otium
858 634 942 664 nec
977 623 1220 678 quidquam
1251 623 1374 664 aliud
1403 626 1539 665 liber-

69 685 159 721 tate
200 681 421 720 communi
462 681 688 735 quaesisse
729 681 880 720 exitus
919 679 1136 720 declarat.
1201 679 1382 719 Fallere
1412 693 1541 720 nemo

68 749 147 776 nos
184 738 344 790 potest,
382 735 472 776 nisi
508 740 578 776 tu:
618 735 738 790 quod
777 738 900 776 certe
939 736 1063 776 abest
1102 735 1156 775 ab
1195 738 1272 774 tua
1298 734 1467 775 virtute
1497 740 1541 775 et

68 790 205 832 fider
235 790 315 831 sed
355 792 471 831 alius
508 805 636 831 nemo
674 790 930 831 facultatem
968 789 1101 830 habet
1140 788 1399 844 decipiendi
1435 803 1540 838 nos;

69 847 151 887 tibi
191 847 309 886 enim
349 847 425 886 uni
466 846 738 887 credidimus
779 849 824 886 et
861 845 1078 886 credituri
1118 859 1282 887 sumus.
1340 844 1538 886 Maximo

68 903 227 942 timore
258 901 313 942 de
342 902 469 943 nobis
499 901 760 942 afficiuntur
789 901 922 941 amici
951 902 1119 942 nostri:
1159 901 1319 956 quibus
1349 901 1435 942 etsi
1466 906 1541 941 tua

71 957 182 997 fides
212 958 445 1011 explorata
473 961 553 1009 est,
593 961 740 998 tanum
779 957 897 997 illud
925 957 971 997 in
998 962 1190 998 mentem
1219 956 1355 1009 venit,
1393 956 1539 997 multi-

70 1012 266 1053 tudinem
309 1015 621 1053 veteranorum
661 1011 843 1052 facilius
881 1011 1058 1066 impelli
1097 1014 1150 1053 ab
1189 1012 1293 1053 aliis
1337 1013 1541 1066 quolibet

2 1090 3 1111 2
69 1081 199 1122 quam
228 1080 253 1108 a
283 1070 324 1107 te
356 1067 542 1108 retineri
570 1080 715 1122 posse.
772 1067 1015 1109 Rescribas
1044 1069 1173 1109 nobis
1204 1068 1260 1108 ad
1289 1068 1440 1109 omnia
1468 1081 1539 1108 ro-

1 1141 3 1153 1
69 1136 234 1176 gamus.
292 1122 406 1163 Nam
436 1123 554 1163 illud
583 1122 716 1163 valde
746 1123 845 1165 leve
883 1127 952 1163 est
991 1136 1043 1163 ac
1071 1124 1369 1177 nugatorium,
1410 1136 1463 1163 ea
1492 1136 1540 1163 re

71 1178 378 1218 denuntiatum
416 1192 510 1218 esse
550 1178 799 1231 veteranis,
849 1178 968 1232 quod
1009 1178 1064 1219 de
1105 1178 1351 1219 commodis
1388 1192 1540 1220 eorum

71 1247 216 1275 mense
245 1233 376 1274 Iunio
406 1233 575 1275 laturus
606 1247 739 1276 esses.
800 1233 942 1283 Quem
972 1235 1089 1275 enim
1118 1234 1432 1288 impedimento
1473 1233 1540 1274 fu-

71 1395 148 1429 cuti
175 1393 357 1427 fuerimus
381 1381 673 1438 seceriniusque,
700 1391 801 1437 quod
825 1390 959 1426 velles.
987 1388 1175 1424 GRAEV.
1194 1408 1237 1413 —
1265 1389 1392 1433 edicto,
1420 1390 1541 1424 durch

71 1444 180 1477 einen
213 1441 462 1476 'o'ffentlichen
497 1441 713 1487 Anschlag,
756 1440 884 1474 worin
916 1440 1052 1472 Brutus
1087 1437 1162 1470 und
1195 1436 1344 1471 Cassius
1377 1438 1543 1473 bekannt

72 1492 264 1524 machten:
294 1489 379 1523 ihre
403 1489 608 1537 Anhang-er
635 1490 790 1529 sossten,
817 1489 862 1522 da
887 1486 1071 1521 Antonius
1098 1484 1214 1518 ihnen
1240 1485 1371 1520 seinen
1397 1486 1540 1520 Schutz

70 1538 327 1582 x-ersprochen
351 1537 466 1578 habe,
505 1537 708 1583 unbesorgt
741 1547 805 1569 um
844 1535 896 1569 sie
929 1546 992 1568 aus
1029 1533 1208 1567 einander
1234 1533 1371 1581 gehen.
1421 1534 1456 1568 S.
1483 1546 1545 1579 ep.

71 1588 152 1627 704,
180 1588 221 1619 4:
249 1586 411 1619 Edictum
436 1585 544 1619 Bruti
569 1591 606 1618 et
631 1584 747 1617 Cassii
773 1583 902 1628 probo.
931 1600 974 1607 —
1025 1582 1130 1624 digni
1153 1592 1286 1624 sumus,
1313 1593 1400 1626 quos
1424 1594 1473 1612 z:
1497 1589 1541 1616 ut

72 1645 148 1668 nos.
199 1633 235 1667 S.
263 1633 409 1666 Grotef.
438 1633 465 1674 §.
489 1634 570 1667 403.
596 1631 747 1665 Ramsh.
774 1632 801 1673 §.
831 1632 911 1671 184,
937 1631 971 1665 5.
1008 1648 1049 1655 -
1101 1629 1152 1662 tui
1186 1631 1342 1674 consilii,
1377 1630 1458 1664 dass
1483 1632 1543 1665 Du

72 1695 138 1715 uns
163 1693 225 1714 aus
253 1681 410 1715 Deinem
436 1680 634 1714 Vorhaben
658 1680 749 1714 kein
775 1679 1018 1712 Geheimniss
1045 1677 1223 1712 machest.

165 1749 198 1782 2.
236 1748 278 1781 de
315 1757 437 1790 repon.
473 1757 553 1786 ara,
587 1746 702 1780 daran
735 1744 896 1788 deuken,
931 1745 1062 1778 C’a'sars
1098 1744 1208 1778 Altar
1232 1743 1377 1778 wieder
1412 1746 1542 1778 aufzu-

69 1796 239 1838 richten;
290 1806 400 1839 quam
442 1794 638 1828 Dolabella
682 1800 880 1827 everterat.
940 1792 1073 1826 Cicero
1114 1793 1326 1825 columnam
1371 1792 1542 1837 appellat

28 1868 30 1873 -
71 1845 234 1889 Philipp.
270 1844 299 1884 Ι,
332 1844 364 1876 3.
415 1843 509 1874 Eam
543 1842 739 1874 simulatus
780 1841 848 1874 ille
891 1840 1030 1873 Marius
1070 1839 1218 1873 Caesari
1259 1845 1438 1885 tanquam
1472 1841 1541 1874 deo

0 1890 5 1922 :¹
72 1898 254 1926 erexerat.
280 1890 388 1925 SCH.
416 1889 451 1923 S.
479 1902 525 1922 zu
552 1901 608 1935 ep.
637 1891 718 1931 712,
736 1891 766 1923 l.
793 1906 836 1912 —
864 1888 924 1932 qui
948 1898 1011 1921 nos
1035 1898 1065 1920 ε.
1095 1892 1126 1920 et
1151 1886 1185 1921 Ιι.
1211 1888 1314 1928 velit,
1340 1887 1407 1922 der
1427 1900 1542 1922 unser

71 1940 194 1974 Leben
220 1939 296 1971 und
321 1949 457 1971 unsere
483 1937 591 1970 Ehre
625 1936 732 1970 nicht
763 1935 966 1983 gefahrdet
991 1934 1177 1969 wiinscht.
1227 1954 1274 1960 -
1320 1946 1430 1981 neque
1455 1937 1543 1981 quid

72 1989 174 2022 aliud
198 1988 368 2020 libertate
394 1996 436 2027 c.,
462 1985 538 2018 und
562 1985 698 2019 Nichts
726 1984 779 2017 als
808 1983 867 2017 die
892 1983 1123 2031 allgemeine
1149 1983 1342 2026 Freiheit;
1379 1995 1446 2018 nos
1479 1986 1539 2018 ni-

71 2037 131 2069 hil
164 2035 268 2068 aliud
304 2044 413 2078 quam
447 2034 661 2067 libertatem
696 2043 931 2066 communem
966 2031 1162 2074 quaesisse.
1214 2031 1277 2078 Sic
1310 2031 1384 2065 Md.
1416 2043 1439 2065 α
1476 2033 1538 2065 lib.

70 2085 186 2129 Neap.
211 2082 339 2116 Lamb.
368 2083 437 2116 cfr.
464 2081 572 2114 Hand
599 2081 753 2115 Tursell.
782 2083 812 2114 l.
841 2092 877 2125 p.
904 2081 962 2119 42,
992 2078 1187 2112 ORELLI.
1226 2080 1294 2114 Ub.
1321 2079 1393 2114 den
1417 2079 1539 2114 Ablat.

71 2131 169 2165 nach
194 2131 296 2165 aliud
319 2141 346 2163 s.
373 2129 524 2163 Ramsh.
550 2129 579 2171 ἕ,
606 2130 684 2163 155.
719 2128 827 2161 Anm.
854 2130 884 2161 l.
936 2126 984 2160 So
1010 2127 1111 2160 Plato
1136 2129 1282 2161 Menon.
1310 2139 1340 2161 c.
1369 2128 1436 2163 24:
1469 2126 1540 2162 Σοὶ

72 2178 168 2213 δοκεῖ
193 2178 239 2221 μὴ
266 2174 443 2221 ἐπιστήμη
471 2173 576 2219 εἶναι,
602 2173 676 2210 ἀλλ’
711 2173 824 2210 ἄλλο
859 2171 1131 2218 ἐπιστήμης.
1179 2194 1228 2200 -
1277 2175 1321 2208 ab
1352 2179 1425 2209 lua.
1475 2175 1539 2209 Sic

72 2228 144 2261 Md.
170 2228 270 2262 Vict.
298 2228 329 2261 2.
357 2239 406 2256 z
431 2236 454 2258 a
481 2230 542 2258 lua
568 2225 665 2259 Cett.
719 2244 763 2249 —
805 2223 887 2265 fid„
913 2235 988 2257 von
1011 2223 1172 2257 Deinem
1197 2223 1419 2272 gegebenen
1444 2223 1538 2257 Ver-

71 2275 255 2321 sprechen
280 2275 366 2307 fern
391 2274 452 2307 ist.
503 2274 603 2306 abest
627 2285 676 2303 z
701 2272 892 2311 abhorret,
919 2272 1084 2305 alienum
1112 2278 1176 2305 est.

165 2343 199 2376 3.
226 2341 356 2375 timore
381 2341 423 2374 de
446 2340 559 2374 nobis.
609 2339 672 2373 Sic
698 2339 771 2372 Md.
800 2338 900 2372 Crat.
927 2338 1024 2371 Vict.
1052 2340 1083 2372 l.
1110 2340 1141 2373 2.
1169 2338 1304 2373 GraeV.
1330 2339 1467 2373 Bened.
1495 2340 1539 2372 de

72 2389 171 2423 nobis
196 2390 323 2422 timore
346 2389 471 2422 Lamb.
498 2388 591 2421 Ern.
619 2386 704 2421 Seh.
730 2387 822 2420 Liin.
850 2386 1044 2420 ORELLI.
1087 2404 1132 2411 ·-
1183 2387 1226 2419 ab
1253 2387 1343 2420 aliis
1368 2387 1538 2431 quolibet.

15 2434 19 2438 ’
74 2437 136 2470 Sic
161 2437 232 2469 Md.
260 2449 279 2470 a
304 2448 362 2481 pr.
388 2448 510 2470 manu.
544 2436 641 2469 Vict.
671 2438 701 2469 l.
729 2435 865 2469 Graev.
901 2441 942 2468 ut
974 2434 1015 2466 in
1050 2434 1121 2479 Ep.
1148 2446 1224 2479 seq.
1263 2445 1328 2468 nos
1363 2446 1539 2478 quoquam

72 2485 222 2528 impelli.
268 2484 339 2518 Md.
370 2496 389 2517 a
424 2496 493 2518 sec.
531 2495 580 2518 m.
614 2484 730 2527 Neap.
766 2482 848 2516 Asc.
884 2485 914 2516 1.
948 2482 1048 2516 Crat.
1085 2483 1183 2516 Vict.
1210 2484 1243 2517 2.
1276 2482 1403 2515 Lamb.
1443 2482 1533 2515 Ern.

73 2532 209 2566 Bened.
237 2531 321 2564 Sch.
349 2532 440 2565 Liin.
466 2533 511 2565 ab
537 2532 613 2565 alio
640 2531 804 2575 quolibet.
841 2529 1035 2564 ORELLI.
1063 2548 1104 2553 —
1158 2532 1243 2571 leve,
1270 2530 1310 2563 in
1336 2540 1409 2573 quo
1435 2530 1537 2563 nihil

74 2587 130 2614 est
154 2579 343 2625 ponderis,
370 2580 561 2627 grundlos‘
576 2579 654 2612 und
677 2577 1007 2626 geschw‘atzartig.
1034 2596 1076 2602 —
1104 2589 1147 2611 ea
1173 2588 1214 2610 re
1239 2602 1248 2610 .
1273 2602 1282 2610 .
1310 2602 1317 2609 .
1343 2579 1537 2619 veteranis,

74 2628 134 2661 die
159 2629 368 2661 Veteranen
395 2628 494 2661 seien
520 2628 737 2674 desswegen
763 2627 802 2658 in
827 2625 887 2658 die
919 2625 1025 2660 stadt
1051 2626 1231 2667 berufen,
1265 2624 1358 2659 weil
1391 2627 1450 2660 Du
1484 2627 1535 2659 im

74 2675 226 2710 Monath
251 2675 378 2708 Iunius
404 2677 468 2708 auf
489 2675 574 2708 ihre
599 2674 870 2721 Belohnungen
895 2680 1076 2719 antragen
1100 2672 1264 2707 wollest.
1316 2673 1373 2706 za
1394 2674 1536 2707 denunt.

75 2734 148 2757 esse
171 2735 248 2770 erg.
278 2725 447 2762 Manum*
466 2729 507 2757 ut
530 2724 570 2756 in
592 2723 725 2756 urbem
751 2724 969 2765 frequentes
996 2720 1254 2754 convenirent.
1309 2739 1350 2745 —
1400 2723 1533 2765 imped.
