1795 3086
368 112 373 120 1
441 85 750 128 EPISTOLA
781 85 1095 129 DCCCLVII.
1217 117 1223 126 ,
1416 86 1522 136 389.

49 195 162 234 enim
192 207 285 234 eum
313 207 483 249 semper
511 200 555 235 te
584 200 628 235 et
657 197 842 249 privatis
873 199 917 236 in
950 199 1076 239 rebus
1108 199 1151 237 et
1168 197 1357 250 publicis
1378 211 1503 251 prae-

48 248 218 300 stitisti,
248 250 406 290 tuenda
436 251 518 291 tibi
547 255 594 290 ut
622 251 682 290 sit
711 252 906 304 gravitas
936 258 977 293 ct
1004 252 1276 294 constantiae
1303 254 1502 297 servien-

48 304 163 345 dum.
234 304 369 357 Nam,
429 304 546 359 quod
585 305 776 345 allatura
816 311 883 347 est
922 308 1017 361 ipsa
1057 307 1348 353 diuturnitas,
1393 321 1528 361 quae-

46 359 264 400 maximos
295 361 437 400 luctus
465 364 684 400 vetustate
713 361 857 406 tollit,
895 362 941 401 id
981 376 1060 403 nos
1100 363 1357 415 praecipere
1396 376 1496 403 con-

47 414 147 453 silio
185 414 503 468 prudentiaque
542 414 760 455 debemus.
840 416 1016 456 Etenim
1056 418 1093 456 si
1133 417 1256 457 nulla
1296 416 1381 457 fuit
1421 430 1498 457 un-

45 481 190 521 quam,
220 471 374 509 liberis
404 468 595 518 amissis,
625 475 715 510 tam
746 470 972 511 imbecillo
1003 470 1162 511 mulier
1190 470 1358 523 animo,
1389 485 1498 527 quae

45 537 130 564 non
170 524 403 578 aliquando
443 524 622 578 lugendi
662 525 838 565 modum
880 526 1058 567 fecerit:
1098 530 1216 565 certe
1247 540 1351 573 nos,
1382 528 1499 581 quod

14 583 112 627 ¹est
140 578 236 620 dies
265 579 470 624 allatura,
511 580 557 619 id
589 580 777 620 consilio
817 586 916 621 ante
956 581 1074 621 ferre
1115 581 1319 621 debemus
1360 596 1499 636 neque

12 656 13 673 1
44 638 304 688 exspectare
334 634 544 688 temporis
582 635 862 687 medicinam,
903 650 1031 690 quam
1071 642 1400 688 repraesentare
1431 650 1499 678 ra-

12 688 163 741 tione
196 687 426 743 possimus.
505 689 590 729 His
641 703 723 743 ego
772 690 915 732 literis
966 691 1005 731 si
1047 689 1155 744 quid
1194 691 1499 744 profecissem,

42 743 348 784 existimabam
378 744 613 798 optandum
656 744 867 798 quiddam
896 759 963 785 me
993 758 1091 786 esse
1119 750 1384 787 assecutum:
1428 747 1497 787 sin

12 832 13 841 ,
40 799 185 838 minus
214 797 328 839 forte
357 800 622 844 valuissent,
661 797 813 839 officio
843 806 988 840 tamen
1018 813 1113 840 esse
1143 800 1394 841 functurum
1424 802 1497 842 be—

41 853 395 894 nevolentissimi
433 858 563 908 atque
594 853 876 903 amicissimi3
919 867 1048 908 quem
1078 868 1146 894 me
1177 855 1259 894 tibi
1290 860 1334 896 et
1362 854 1496 897 fuisse

12 928 13 955 ς
39 922 212 962 semper
240 908 467 950 existimes
498 910 631 950 velim
661 912 705 948 et
733 908 927 949 futurum
958 922 1051 950 esse
1083 908 1293 950 confidas.

14 1060 15 1076 l

14 1134 15 1137 ,
39 1099 176 1133 Ceteri.
205 1099 281 1133 ΟΒ.
308 1118 354 1125 -
387 1103 419 1131 te
443 1109 578 1142 semper
604 1100 822 1147 Mart-Lag.
851 1100 923 1134 OR.
953 1118 992 1123 —
1016 1100 1250 1143 praestitisti,
1278 1101 1495 1149 Mart-Lag.

34 1147 248 1190 praebuisti.
286 1147 358 1180 ΟΒ.
411 1165 451 1171 —-
503 1150 536 1178 et
562 1150 670 1179 const.
705 1148 939 1189 serviendum,
978 1147 1054 1180 und
1085 1149 1150 1181 fiir
1181 1148 1251 1181 den
1287 1148 1364 1181 Ruf
1396 1148 1495 1183 eines

37 1195 159 1228 festen
187 1194 414 1227 Charakters
440 1203 577 1241 soz-gen
603 1201 789 1228 musst.—
812 1196 1025 1238 praecipere
1050 1196 1203 1229 consilio
1218 1196 1495 1239 prudentiaque,

36 1243 104 1275 auf
125 1241 296 1274 Anderer
320 1241 430 1282 Rath,
455 1252 518 1273 aus
545 1241 792 1289 Uberlegung
824 1242 900 1274 und
933 1254 995 1275 aus
1021 1242 1205 1288 Klugheit
1243 1243 1494 1291 vorwegneh-

37 1300 136 1331 men,
171 1288 306 1322 friiher
340 1301 407 1321 uus
439 1289 638 1335 aneignen‚
675 1303 724 1320 Ξ
756 1290 968 1331 anteferre
1003 1290 1054 1322 im
1081 1290 1172 1337 folg.
1198 1289 1227 1331 §.
1276 1290 1494 1333 praeripere

16 1372 17 1384 ἵ
38 1336 126 1377 (Md.
152 1343 193 1370 ut
218 1336 394 1377 videtur.)
418 1336 516 1369 crat.
544 1335 639 1368 Vict.
668 1339 698 1369 1.
750 1337 923 1371 Correxit
948 1337 1021 1370 iam
1047 1338 1139 1371 Vict.
1166 1339 1201 1372 2.
1231 1337 1305 1371 OR.

16 1422 18 1445 ς
131 1404 164 1438 6.
197 1405 486 1446 repraesentare,
515 1402 906 1449 vergegenw'airtigen,
940 1402 1111 1450 sogleich
1145 1414 1214 1436 uns
1243 1402 1492 1444 verschaffen,

16 1451 158 1485 sofort
181 1449 402 1490 anwenden‚
428 1448 735 1495 beschleunigen,
762 1450 814 1482 im
841 1450 977 1483 Voraus
1005 1449 1252 1496 gebrauchen.
1281 1450 1366 1497 Vgl.
1393 1450 1494 1485 caes.

15 1491 128 1533 B.G.
146 1497 176 1539 Ῑ,
195 1498 259 1532 4οε
286 1509 336 1540 se,
364 1496 462 1540 quod
491 1496 530 1528 in
556 1496 770 1542 longiorem
796 1496 899 1530 diem*
923 1498 1125 1531 collaturus
1144 1503 1249 1537 esset,
1275 1508 1493 1542 repraesen-

15 1534 214 1580 taturum.
265 1544 394 1579 senec.
423 1555 479 1588 ep.
507 1545 563 1578 95.
589 1543 657 1576 int.
685 1544 841 1586 Quintil.
868 1545 911 1586 X,
938 1547 972 1587 7,
997 1546 1029 1579 2.
1057 1545 1156 1579 Hirt.
1182 1545 1277 1579 Bell.
1302 1545 1412 1579 Alex.
1438 1547 1493 1580 70.

35 1593 136 1628 Suet.
164 1592 290 1627 Claud.
316 1593 372 1627 34.
399 1590 528 1625 Vitell.
559 1592 611 1625 10.
640 1590 792 1624 Phaedr.
821 1592 890 1634 ΙΙΙ,
920 1594 974 1634 10,
1000 1593 1056 1628 32.
1092 1611 1135 1616 —-
1183 1592 1379 1626 valuissent
1404 1592 1490 1627 scil.

34 1639 171 1684 literae
197 1651 312 1674 meae.
350 1659 391 1664 —
434 1640 656 1681 functurum.
693 1637 755 1673 Sic
782 1639 854 1673 Md.
882 1639 1015 1673 Graev.
1043 1639 1138 1672 Lan.
1165 1639 1301 1674 Bened.
1319 1639 1492 1681 functum

34 1689 151 1732 Neap.
188 1687 336 1723 Ascens.
366 1690 395 1721 1.
437 1686 534 1720 Crat.
576 1686 673 1722 Vict.
704 1689 731 1720 l.
760 1688 792 1722 2.
839 1687 963 1721 Lamb.
1003 1686 1094 1720 Ern.
1141 1687 1361 1734 Mart.-Lag.
1403 1686 1489 1721 Sch‚

35 1736 125 1769 Liin.
154 1736 225 1769 OR.

1229 1804 1241 1835 9
