1795 3086
245 105 340 152 292
521 103 582 146 M.
614 103 671 147 T.
701 98 1042 145 CICERONIS
1069 100 1445 146 EPISTOLAE.

246 233 329 275 pro
357 231 427 260 me
457 215 584 258 adire
613 212 845 255 dubitavit.
909 211 979 254 Ad
1013 211 1125 255 haec
1164 212 1321 255 officia
1357 213 1428 255 vel
1455 212 1615 256 merita
1641 226 1719 268 po-

245 277 335 316 tius
365 269 681 314 iucundissima
700 268 967 310 consuetudo
987 269 1180 322 accedit,
1209 273 1260 310 ut
1279 269 1400 311 nullo
1420 282 1598 324 prorsus
1619 270 1719 323 plus

247 330 426 371 homine
465 327 676 368 delecter.
739 324 840 366 Non
876 328 981 379 puto
1026 330 1070 367 te
1107 325 1195 364 iam
1234 328 1514 379 exspectare,
1561 326 1719 380 quibus

247 399 344 427 eum
379 383 464 424 tibi
501 381 649 424 verbis
686 380 1014 423 commendem:
1061 393 1194 422 causa
1239 381 1357 421 enim
1400 381 1514 421 tanti
1552 381 1719 422 amoris

249 439 466 494 intelligis
494 450 604 492 quae
632 437 766 479 verba
794 435 1043 485 desideret3
1071 437 1127 477 iis
1157 449 1228 476 me
1257 435 1458 476 omnibus
1487 448 1611 476 usum
1640 450 1720 489 pu·

246 499 353 538 tato.
422 494 616 536 Tantum
644 491 779 533 velim
808 490 1058 544 existimes,
1096 492 1135 532 si
1164 492 1343 545 negotia
1370 490 1577 543 Lamiae,
1616 504 1719 544 pro-

247 553 496 603 curatores,
533 549 738 599 libertos,
789 546 1029 599 familiam,
1069 547 1397 602 quibuscunque
1439 547 1566 587 rebus
1605 559 1717 600 opus

245 607 355 659 erit,
393 603 667 655 defenderis⁷
706 601 875 656 gratius
911 601 1022 643 mihi
1057 602 1277 655 futurum,
1317 616 1446 657 quam
1483 603 1522 643 si
1560 615 1614 643 ea
1640 605 1717 643 tua

246 661 490 703 liberalitas
527 657 813 714 pertinuisset
850 655 908 698 ad
952 670 1047 698 rem
1087 656 1353 699 familiarem
1389 671 1546 700 meam.
1622 656 1719 698 Nec

245 718 418 769 dubito,
447 715 554 770 quin
582 715 675 755 sine
702 726 802 754 mea
830 710 1232 764 commendatione,
1262 713 1378 768 quod
1406 718 1526 754 tuum
1556 716 1622 753 est
1650 714 1717 753 iu-

243 774 406 814 dicium
436 771 491 813 de
521 769 792 819 hominibus,
828 768 968 822 ipsius
1006 767 1190 808 Lamiae
1220 781 1351 809 causa
1390 769 1586 810 studiose
1625 781 1719 809 om-

243 830 318 870 nia
347 828 546 870 facturus
575 825 650 868 sis.
711 824 988 877 Quamquam
1017 826 1112 864 erat
1142 823 1267 864 nobis
1297 823 1463 864 (lictum
1492 828 1536 864 te
1565 824 1717 863 existi-

240 898 364 926 mare
394 883 529 924 alicui
558 883 732 922 senatus
760 880 988 931 consulto,
1023 878 1141 933 quod
1171 882 1327 919 contra
1356 879 1617 933 dignitatem
1645 883 1717 919 tu-

238 954 312 981 am
339 939 490 991 fieret,
519 935 754 978 scribendo
781 934 984 976 Lamiam
1013 934 1212 975 affuisse:
1251 936 1327 988 qui
1358 935 1534 976 omnino
1563 947 1718 975 consu-

240 997 356 1037 libus
393 995 487 1034 illis
524 1004 747 1046 nunquam
794 990 880 1031 fuit
921 989 980 1030 ad
1022 989 1323 1031 scribendum:
1369 990 1532 1031 deinde
1571 990 1718 1031 omnia.

240 1056 335 1092 tum
364 1048 476 1090 salsa
504 1052 680 1089 senatus
709 1045 909 1087 consulta
937 1044 1260 1086 deferebantur.
1318 1044 1419 1087 Nisi
1440 1047 1556 1087 sorte
1583 1046 1718 1086 etiam

240 1107 311 1147 illi
342 1103 660 1158 Semproniano
687 1104 864 1142 senatus
894 1100 1097 1141 consulto
1124 1113 1195 1141 me
1224 1114 1375 1143 censes
1405 1101 1608 1142 affuisse:
1639 1101 1718 1154 qui

241 1176 295 1203 ne
325 1160 497 1202 Romae
526 1157 704 1213 quidem
733 1160 827 1196 tum
857 1153 945 1208 fui,
984 1160 1034 1197 ut
1061 1159 1170 1197 tum.
1193 1155 1247 1196 de
1276 1170 1327 1196 eo
1367 1157 1422 1196 ad
1460 1161 1504 1197 te
1541 1154 1718 1209 scripsi,

243 1231 291 1260 re
319 1215 501 1257 recenti.
558 1212 649 1255 Sed
678 1211 789 1253 haec
817 1209 1044 1252 hactenus.
1101 1210 1196 1263 Te,
1224 1211 1286 1252 mi
1315 1211 1554 1264 Cornifici,
1583 1212 1716 1252 etiam

241 1277 372 1328 atque
403 1270 536 1312 etiam
572 1282 703 1322 rogo,
741 1270 791 1307 ut
827 1267 977 1308 omnia
1012 1267 1199 1308 Lamiae
1237 1268 1415 1322 negotia
1456 1280 1555 1308 mea
1591 1271 1716 1321 putes

240 1342 337 1371 esse
372 1338 609 1380 curesque,
641 1327 689 1364 ut
716 1322 937 1376 intelligat
973 1322 1091 1364 hanc
1121 1323 1545 1364 commendationem
1573 1323 1716 1363 maxi-

239 1456 360 1482 meae.
385 1461 433 1470 ·-
458 1447 492 1477 te
514 1452 589 1475 zam
614 1444 841 1485 exspectare,
873 1440 958 1474 dass
983 1442 1042 1474 Du
1069 1447 1175 1474 unter
1199 1440 1352 1474 solchen
1379 1440 1606 1474 Umstiinden
1632 1440 1716 1474 dar·
1782 1440 1783 1450 ¹

241 1495 306 1528 auf
332 1493 466 1526 sehest.
499 1508 544 1516 —
578 1499 687 1523 causa
712 1489 803 1522 enim
828 1511 837 1520 .
866 1512 874 1521 .
902 1488 1103 1531 desideret,
1140 1488 1235 1521 deun
1267 1489 1329 1521 Du
1354 1488 1498 1530 weisst‚
1536 1500 1613 1523 was
1648 1489 1715 1522 fiir

239 1544 374 1577 Worte
405 1540 491 1573 eine
522 1549 564 1572 so
598 1537 674 1570 tief
702 1536 934 1581 begriindete
967 1537 1084 1570 Liebe
1119 1536 1318 1571 erfordern
1351 1535 1481 1569 diirt'te
1514 1536 1550 1568 d.
1584 1536 1609 1568 i.
1644 1537 1714 1570 wie

240 1588 451 1624 wortreich
476 1585 542 1620 ich
568 1585 630 1618 bei
658 1584 725 1618 der
751 1584 1003 1629 Empfehlung
1030 1584 1131 1618 eines
1158 1586 1313 1618 Mannes
1338 1584 1415 1617 sein
1440 1583 1612 1626 mochte,
1648 1584 1715 1618 der
1780 1614 1781 1623 ,

240 1638 322 1671 eine
347 1647 389 1670 so
414 1646 539 1681 grosse
562 1633 680 1668 Liebe
705 1633 767 1666 bei
792 1632 865 1665 mir
890 1632 992 1666 wohl
1019 1633 1186 1666 verdient
1210 1632 1291 1666 hat.
1317 1632 1378 1665 Sic
1397 1632 1476 1665 Md.
1500 1630 1597 1665 Vict.
1623 1634 1653 1666 l.
1679 1634 1711 1668 2.

241 1685 403 1721 eortius.
432 1693 582 1716 causam
611 1707 619 1716 .
647 1706 656 1714 .
682 1679 889 1722 intelligis.-
922 1691 1013 1724 quae
1035 1682 1152 1727 Neap.
1177 1681 1261 1714 Asc.
1289 1682 1388 1715 Crat.
1416 1680 1546 1716 hamb.
1572 1680 1712 1717 Bened,

238 1743 368 1767 causas
394 1758 402 1766 .
429 1756 438 1766 .
465 1755 474 1764 .
500 1727 704 1771 intelligis.-
737 1739 828 1772 quae
853 1754 862 1762 .
891 1753 900 1762 .
925 1728 1125 1773 desideret,
1151 1729 1211 1764 iis.
1240 1729 1378 1767 Graev.
1397 1729 1489 1763 Ern.
1505 1726 1592 1763 Sch.
1612 1729 1708 1762 Liin.

240 1782 316 1817 OR.
342 1780 400 1814 iis.
426 1777 509 1814 Md.
539 1777 642 1812 Vict.
669 1778 702 1812 2.
728 1775 797 1811 his.
1697 1796 1700 1798 ,

333 1849 368 1884 2.
388 1845 602 1890 familiam,
629 1842 691 1876 die
714 1843 867 1877 Sclaven
895 1843 956 1877 des
981 1844 1128 1881 Lamia.
1155 1862 1198 1870 —
1225 1843 1319 1888 quod
1341 1847 1438 1877 tuum
1462 1846 1515 1876 est
1538 1841 1711 1876 iudicium

237 1897 280 1932 de
305 1895 525 1935 hominibus,
552 1893 727 1935 verm'dge
742 1892 879 1925 Deiner
905 1892 1092 1936 richtigen
1108 1892 1376 1936 Beurtheilung
1401 1890 1560 1924 anderer
1576 1892 1709 1924 Lente.

237 1945 276 1981 S.
310 1944 462 1978 Ramsh.
497 1944 528 1986 §.
558 1941 638 1981 159,
673 1941 709 1979 3,
746 1952 777 1973 e.
812 1958 859 1964 -—
897 1941 1070 1982 afficisse,
1110 1953 1179 1983 „er
1211 1940 1262 1974 sei
1298 1940 1359 1973 bei
1390 1939 1477 1972 dem
1512 1939 1711 1972 Senatsbe-

236 1992 404 2026 schlusse
434 1996 549 2024 unter
573 1988 643 2021 den
678 1988 1033 2034 Urkundspersonen
1067 1989 1283 2033 gewesen.“
1330 1987 1397 2021 Bei
1429 1988 1496 2020 der
1526 1987 1708 2020 schriftli-

238 2040 334 2075 chen
370 2038 582 2082 Abfassung
619 2035 720 2069 iedes
752 2036 1107 2070 Rathsbeschlusses
1146 2048 1221 2070 war
1255 2036 1338 2068 eine
1373 2035 1601 2080 Deputation
1636 2046 1709 2069 von

236 2089 462 2129 senatuum,
500 2086 561 2119 die
586 2085 639 2117 als
665 2085 813 2129 Zeugen
840 2085 1053 2118 demselben
1086 2083 1446 2129 vorangeschrieben
1478 2083 1639 2116 wurden.
1661 2101 1709 2107 —-
1772 2122 1773 2125 Ἴ

236 2135 440 2170 consulibus
471 2133 567 2174 illis,
601 2133 765 2165 Antonio
799 2139 835 2165 et
867 2133 1077 2166 Dolabella.
1112 2131 1147 2166 S.
1185 2144 1241 2177 ep.
1275 2133 1354 2166 712.
1378 2131 1465 2174 suit
1496 2131 1546 2163 ad
1577 2131 1709 2172 scrib„

235 2185 303 2219 der
326 2182 594 2226 Ausfertigung
618 2180 722 2213 eines
738 2179 1101 2214 Senatsbeschlusses
1117 2180 1355 2224 beigewohnt
1380 2179 1455 2213 hat.
1481 2178 1589 2221 afficit
1613 2178 1708 2211 scri-

234 2232 347 2266 luendo
373 2231 520 2265 Manut.
546 2228 643 2263 coni.
671 2229 800 2262 Lamb.
829 2229 900 2262 cfr.
927 2229 976 2261 ad
1000 2228 1145 2261 Divers.
1178 2230 1214 2268 9,
1251 2228 1303 2261 15.
1339 2226 1456 2262 Attic.
1488 2227 1520 2269 I,
1548 2228 1603 2262 19.
1633 2227 1709 2260 ΟΒ.

237 2301 280 2308 -
313 2279 457 2319 deinde,
498 2277 661 2317 „zudern
694 2278 764 2321 gab
800 2287 884 2309 man
917 2276 1126 2309 iadamals
1164 2276 1282 2308 lauter
1314 2274 1475 2307 unachte
1513 2274 1708 2308 Senatsbe-

234 2328 399 2362 schliisse
425 2337 468 2360 zu
491 2325 726 2358 Protokoll.“
778 2323 960 2357 Antonius
991 2324 1077 2357 liess
1109 2330 1191 2357 acta
1225 2322 1392 2358 Caesaris
1427 2322 1547 2356 durch
1573 2322 1706 2355 dessen

234 2373 495 2417 vormahligen
527 2371 715 2406 Secretair
745 2373 970 2417 arifertigen.
1005 2390 1052 2396 —-
1083 2371 1355 2415 Semproniano.
1394 2369 1430 2404 S.
1464 2382 1521 2416 ep.
1557 2371 1636 2412 813,
1669 2371 1704 2404 3.

236 2426 316 2466 780,
343 2424 378 2458 4.
429 2423 543 2454 Hatte
571 2420 762 2453 vielleicht
786 2420 970 2453 Antonius
996 2420 1116 2452 durch
1145 2421 1215 2453 den
1242 2420 1283 2452 C.
1300 2419 1544 2465 Sempronius
1569 2419 1705 2459 Rufus,
1766 2451 1768 2454 Α

235 2473 302 2505 der
336 2471 382 2504 ad
412 2468 540 2502 Famil.
576 2469 681 2510 VIII,
713 2470 748 2504 8.
778 2469 864 2508 X11,
899 2469 957 2504 22.
990 2468 1038 2500 ad
1063 2468 1267 2509 Attic.AV1‚
1293 2469 1325 2502 2.
1353 2479 1387 2502 u.
1410 2479 1438 2501 s,
1465 2477 1510 2499 w.
1536 2466 1707 2500 erwa'hnt

234 2519 346 2561 wird,
374 2517 507 2550 darauf
531 2522 712 2563 antragen
739 2517 879 2556 lassen,
915 2517 996 2549 dass
1023 2516 1106 2549 dem
1143 2516 1369 2551 Cornificius
1393 2515 1453 2548 ein
1477 2514 1707 2559 Nachfolger

1766 2523 1770 2551 t

234 2570 270 2601 in
297 2567 363 2600 der
394 2565 556 2599 Provinz
581 2564 711 2597 Africa
737 2564 891 2598 bestellt
923 2564 1078 2597 wiirde?
1111 2570 1207 2597 etwa
1239 2562 1446 2596 Calvisius?
1481 2563 1515 2595 S.
1542 2563 1704 2606 Philipp.
1767 2587 1771 2598 .

235 2618 304 2656 ΙΙΙ,
334 2616 388 2648 1⁰.
418 2624 474 2658 ep.
503 2614 585 2648 765.
612 2623 644 2645 u.
671 2624 700 2646 z.
729 2623 783 2657 ep.
812 2614 879 2647 641
906 2611 957 2645 im
992 2612 1074 2645 Anf.
1113 2632 1155 2638 -—
1190 2616 1229 2645 ut
1263 2615 1334 2644 tum
1363 2612 1407 2644 de
1439 2620 1491 2643 eo.
1526 2610 1586 2643 Sic
1620 2610 1702 2646 Md.
1767 2638 1770 2646 ,

230 2665 348 2707 Neap.
377 2663 457 2694 Asc.
487 2663 519 2694 1.
545 2661 646 2695 Crat.
675 2660 772 2694 Vict.
799 2661 832 2695 2.
861 2659 990 2693 Lamb.
1016 2659 1156 2693 Bened.
1173 2660 1305 2704 quidem
1330 2663 1401 2692 ium
1416 2658 1501 2701 fui,
1527 2658 1637 2700 deque
1662 2667 1702 2690 eo

1767 2669 1771 2686 l

229 2712 333 2744 Vict.
365 2712 393 2742 1.
424 2709 555 2742 Graev.
584 2708 672 2741 Ern.
698 2707 786 2747 Sch.
814 2708 910 2743 Liin.
941 2707 1138 2744 ORELLI.
1164 2726 1210 2733 -
1238 2718 1276 2742 re
1301 2707 1458 2750 recenti,
1484 2705 1529 2739 da
1554 2706 1613 2739 die
1638 2706 1702 2739 Sa-
1766 2725 1769 2731 -

228 2760 300 2793 che
325 2757 426 2791 noch
452 2767 524 2790 neu
551 2766 638 2790 war.
