1795 3086
238 99 332 148 372
516 102 576 144 M..
611 100 665 142 T.
700 99 1043 143 CICERONIS
1073 100 1450 146 EPISTOLAE.

239 215 381 268 ploima
387 212 414 234 “
475 212 641 254 Bestiis
670 226 779 254 velo
809 213 930 255 cives
961 212 1208 265 Romanos,
1247 213 1293 253 in
1324 212 1402 254 115
1412 212 1729 255 circulatorem

238 271 456 325 quendam
489 269 761 321 auctionum,
808 269 1119 311 notissimum
1132 270 1357 310 hominem
1387 268 1583 323 Hispali,
1621 270 1729 324 quia

237 325 454 366 desmmis
494 328 607 374 ciat,
647 324 829 365 obiecit.
899 325 1012 366 Cum
1058 323 1373 366 huiuscemodi
1411 328 1618 379 portento
1657 338 1729 365 les

238 381 350 421 mihi
377 380 479 421 11111.
540 380 630 421 Sed
660 380 715 421 de
747 380 828 420 illo
868 381 999 434 pluia
1030 394 1195 423 coram.
1253 380 1402 430 Nune,
1443 380 1565 435 quod
1603 393 1727 433 prae-
1794 410 1795 413 ,

236 441 340 488 stat,
371 436 481 492 quid
511 450 581 477 me
622 436 775 478 velitis
813 435 979 490 facere,
1022 438 1292 478 constituite.
1364 436 1484 477 Tres
1529 436 1730 490 legiones
1794 434 1795 452 ³

240 493 391 533 firmas
423 492 590 533 habeo:
629 506 814 547 quarum
843 505 991 541 unam,
1029 492 1293 534 duodetrie
1296 493 1469 545 simam,
1508 505 1644 546 quum
1673 491 1730 532 ad

237 562 285 590 se
324 549 459 589 initio
500 547 611 589 belli
663 548 927 589 arcessisset
968 549 1192 590 Antonius
1240 507 1328 590 ἰαῦ
1376 547 1728 602 pollicitatione,

235 618 324 659 quo
354 603 429 644 die
458 604 504 644 in
546 607 695 645 castra
734 604 944 654 venisset,
995 605 1207 646 denarios
1255 605 1501 659 quingenos
1530 603 1731 666 singulis

238 660 461 701 militibus
491 659 714 706 daturum,
745 661 791 700 in
819 660 1017 701 victoria
1045 673 1154 701 1810
1184 661 1340 702 eadem
1369 658 1586 714 praemia,
1615 672 1730 714 quae

236 717 330 757 suis
360 715 612 770 legionibus
650 740 705 745 -
745 729 936 770 qumum
975 715 1077 770 quis
1107 716 1248 757 ullam
1278 716 1415 757 finem
1446 719 1522 757 aut
1550 715 1732 756 modum

237 771 436 813 futurum
468 770 666 825 putabit?
697 794 748 800 --
778 771 1141 813 incitatissimam
1172 771 1354 822 retinui,
1394 784 1528 825 aegre
1558 771 1732 812 11181181·-
1782 778 1785 781 ’

237 829 386 868 cules:
432 840 516 868 nec
558 827 857 879 retinuissem,
908 828 946 869 si
983 841 1072 868 uno
1114 828 1212 868 loco
1260 826 1529 879 habuissem,
1580 830 1739 880 utpote

237 897 371 938 quum
423 883 623 937 singulae
670 885 887 937 quaedam
936 883 1148 924 cohmtes
1204 883 1472 924 seditionem
1527 881 1730 924 fecerint.

237 939 460 993 Reliquas
490 952 663 993 quoque
694 940 894 994 legiones
925 952 1013 980 non
1058 939 1236 980 destitit
1273 939 1424 980 literis
1470 942 1600 992 atque
1629 937 1733 979 infi-

237 996 346 1037 nitis
376 971 785 1057 pollicitationibus
815 996 1020 1036 incitare
1095 995 1192 1036 Nec
1220 1009 1327 1036 vero
1356 996 1503 1035 minus
1533 993 1732 1058 Lepidus

237 1051 353 1092 ursit
383 1064 454 1090 me
485 1054 531 1090 et
561 1049 654 1090 suis
684 1054 728 1091 et
766 1050 952 1091 Antonii
998 1050 1162 1101 literis,
1205 1055 1255 1092 ut
1292 1052 1514 1115 legionem
1553 1049 1732 1092 tricesi-

237 1120 354 1148 mam
384 1105 611 1147 mittelem
642 1105 742 1147 sibi.
802 1107 960 1160 ltaque
990 1119 1121 1161 quem
1153 1106 1407 1148 exercitum
1447 1120 1591 1161 neque
1629 1119 1732 1147 ven-

238 1163 346 1203 dele
376 1162 485 1202 ullis
527 1163 737 1216 praemiis
775 1162 901 1204 volui
940 1175 1022 1202 nec
1063 1176 1218 1203 eorum
1258 1162 1563 1217 periculorum
1601 1166 1736 1214 metu,

237 1232 370 1283 quae,
397 1218 647 1259 victonibus
678 1218 791 1271 illis,
820 1217 1215 1272 portendebantur,
1253 1218 1528 1282 deminuere,
1564 1217 1735 1260 debetis

236 1273 500 1317 existimate
549 1278 769 1316 ietentum
818 1278 863 1315 et
913 1278 1221 1316 conservatum
1263 1274 1329 1315 rei
1368 1276 1578 1339 publicae
1615 1287 1733 1316 esse:

237 1336 373 1385 atque
418 1331 484 1370 ita
533 1329 735 1380 credere,
791 1329 1088 1385 quodcunque
1138 1331 1462 1384 imperassetis,
1511 1330 1736 1372 facturum

240 1386 396 1431 fuisse,
436 1386 491 1437 si,
532 1385 653 1439 quod
684 1386 907 1437 1115515115,
948 1385 1051 1427 feci.
1130 1385 1249 1427 Nam
1286 1391 1333 1427 et
1370 1387 1650 1442 provinciam
1688 1386 1736 1427 in

240 1442 335 1484 otio
368 1445 413 1482 et
443 1441 695 1482 exercitum
736 1442 781 1482 in
824 1455 922 1482 mea
958 1444 1181 1496 potestate
1212 1443 1360 1483 tenui·
1402 1442 1568 1484 finibus
1607 1455 1735 1484 meae

241 1498 503 1562 piovinciae
532 1510 749 1552 nusquam
781 1498 977 1538 excessi.
1022 1497 1216 1539 militem
1255 1511 1345 1540 non
1374 1498 1508 1540 modo
1536 1499 1733 1563 legiona-

242 1554 372 1617 rium,
402 1553 483 1594 sed
513 1566 569 1593 ne
607 1553 903 1594 auxiliaiium
940 1552 1123 1608 quidem
1163 1554 1307 1595 ullum
1348 1567 1571 1610 quoquam
1608 1554 1734 1596 misi:

242 1615 303 1662 et,
331 1611 369 1651 si
399 1623 511 1663 quos
541 1609 716 1718 equites
745 1609 1014 1651 decedentes
1054 1612 1214 1652 nactus
1254 1623 1367 1664 sum,
1413 1609 1636 1667 supplicio
1666 1609 1775 1652 as-

1779 1228 1788 1620 „qm-*w*-
1785 1155 1789 1224 ——u

240 1778 322 1811 sine
350 1787 533 1811 consensu
557 1777 672 1811 totius
699 1778 833 1824 populi
860 1777 1050 1812 damnare.
1094 1797 1141 1803 —
1182 1778 1219 1812 in
1245 1778 1306 1819 iis,
1340 1785 1454 1813 1111181·
1477 1778 1618 1813 diesen.
1670 1776 1734 1811 sic

241 1826 315 1860 Md.
343 1825 443 1859 Vict.
471 1828 509 1864 2,
552 1826 746 1867 Romanos,
784 1826 823 1859 in
847 1825 902 1859 his
928 1827 1045 1871 Neap.
1073 1827 1159 1860 Asc.
1189 1830 1220 1861 l.
1259 1827 1360 1862 Crat.
1396 1828 1495 1862 Vict.
1524 1830 1557 1862 1.
1594 1826 1732 1861 Bened.

241 1873 351 1906 etiam
373 1874 409 1906 in
436 1872 493 1907 his
518 1873 655 1907 Graev.
683 1874 775 1907 ΕΓΗ.
803 1873 891 1908 Sch.
920 1875 1014 1908 Liin.
1047 1875 1247 1909 ORELLI.
1285 1895 1327 1900 —-
1361 1875 1530 1909 circulat.
1558 1876 1582 1910 i.
1609 1885 1638 1908 e.
1665 1874 1733 1907 ho·
1766 1906 1769 1910 .

241 1922 397 1959 minem,
426 1922 490 1966 qui
516 1922 707 1955 auctiones
734 1922 840 1956 obire
867 1923 1034 1963 solebat,
1066 1929 1108 1957 ut
1141 1935 1312 1966 merces,
1349 1935 1444 1969 quae
1469 1923 1523 1956 ibi
1548 1924 1650 1957 forte
1675 1923 1734 1956 vi·

243 1970 342 2003 lior-e
368 1970 494 2014 pretio
521 1970 710 2006 venirent,
738 1973 942 2011 coemeret,
969 1971 1104 2005 deinde
1129 1984 1215 2006 cum
1242 1972 1354 2006 lucro
1378 1971 1616 2015 venditurus,
1657 1969 1734 2004 ein

242 2017 471 2051 Tro‘dler.
498 2018 607 2052 SCH.
636 2037 677 2043 -
705 2019 871 2062 Hispali,
894 2019 987 2053 ietzt
1015 2019 1173 2064 Sevilla,
1199 2021 1240 2053 in
1266 2020 1448 2067 Hispania
1472 2020 1631 2054 Baetica.

339 2089 372 2122 4.
425 2090 519 2133 quod
541 2095 729 2134 pinueslat
761 2103 841 2125 was
865 2103 938 2125 vor
973 2092 1098 2125 Allem
1134 2103 1202 2126 101
1204 2092 1310 2140 croht
1360 2092 1488 2126 Lamb.
1523 2095 1648 2126 restat.
1691 2111 1732 2116 —-
1772 2054 1777 2102 ἱ

243 2138 370 2170 denar.
398 2148 604 2181 qumgenos
639 2153 687 2170 :1:-
726 2141 766 2174 14
794 2140 918 2173 Pfund
955 2140 1151 2188 Stet-ling,
1195 2141 1292 2174 nach
1330 2140 1529 2174 Melinoths
1570 2139 1734 2176 Berech

244 2197 361 2233 nung.
408 2204 455 2209 -ο-
504 2186 579 2219 suis
606 2187 679 2228 leg
707 2187 860 2221 diturus
888 2195 992 2221 85581.
1046 2207 1092 2213 -
1142 2200 1304 2244 quorum,
1329 2189 1455 2223 dieser
1478 2189 1554 2222 und
1580 2191 1735 2224 solcher

244 2233 604 2282 Verspxechungen.
645 2253 691 2260 —-
733 2236 1054 2278 incztatisnmam,
1091 2247 1130 2270 so
1155 2237 1245 2270 sehr
1270 2237 1323 2271 sie
1348 2237 1448 2270 auch
1473 2237 1642 2272 dadurch
1668 2249 1733 2272 an

245 2281 417 2329 gelockt,
443 2283 645 2329 aufgeregt
670 2295 762 2316 war.
800 2303 846 2308 —-
881 2295 1006 2325 (agie,
1034 2284 1103 2317 mit
1129 2296 1285 2332 §gr-ossei
1310 2284 1435 2319 11111118.
1475 2303 1517 2310 —
1555 2297 1626 2320 uno
1652 2289 1732 2321 Ioco

246 2332 281 2365 d.
311 2330 335 2363 i.
362 2341 478 2364 weun
505 2330 559 2364 518
596 2330 705 2364 nicht
747 2331 787 2364 in
826 2332 1124 2366 ν81581118118118η
1152 2332 1488 2377 Standquaiticren
1523 2341 1733 2369 zerstreuet

245 2389 423 2425 geweseu
449 2380 590 2412 waren.
627 2399 668 2403 -
704 2380 1029 2423 utpot‹,zu1nahl.
1064 2398 1107 2407 -—
1141 2382 1246 2416 sedit.
1267 2382 1435 2423 fecerint
1456 2381 1631 2416 adversus
1658 2394 1730 2416 me.
1764 2333 1795 2700 1}

247 2427 501 2510 -1i⁷²c'¹a{g’9
515 2427 811 2509 mgfzuwiegeln.
860 2447 899 2453 —-
939 2430 1033 2462 ursit
1059 2440 1128 2472 me,
1155 2436 1273 2464 setzte
1299 2430 1375 2464 mir
1400 2443 1458 2465 zu.
1509 2431 1590 2464 Zur
1614 2430 1734 2466 Sache

245 2487 292 2520 vg
312 2500 319 2507 .
347 2487 404 2520 ep.
504 2499 514 2518 ,
569 2500 577 2508 .

341 2543 374 2577 5.
425 2542 622 2576 actoribus
646 2542 739 2585 illis,
769 2544 799 2577 si
826 2544 887 2577 illi
913 2545 1197 2579 1111081808-
1226 2545 1372 2579 credere
1396 2547 1549 2582 debetis.
1583 2566 1626 2571 —
1656 2549 1730 2591 fa-

244 2595 397 2623 ctutum.
437 2591 627 2625 For-tasse:
648 2593 845 2646 facturum
869 2604 935 2627 me.
969 2593 1100 2628 Aliter
1121 2593 1296 2641 ambigue
1323 2597 1515 2630 referetur
1539 2595 1583 2629 ad
1608 2608 1641 2628 v.
1669 2606 1732 2629 ετ-

244 2638 407 2671 ercitum.
437 2639 632 2677 ORELLI
660 2659 707 2665 -—
732 2641 765 2674 sz'
792 2668 800 2676 .
852 2642 956 2683 feci,
990 2653 1103 2677 wenn
1130 2641 1196 2675 ich
1220 2642 1357 2677 ander-s
1384 2650 1484 2678 sonst
1509 2644 1636 2678 Eur-en
1662 2645 1764 2678 Be-

243 2685 377 2720 sehlen
403 2687 730 2742 nachgekommen
756 2688 832 2723 bin.
876 2691 987 2732 elcut,
1014 2690 1109 2734 quod
1141 2701 1211 2723 non
1235 2690 1412 2734 iussistis,
1437 2693 1524 2733 feci
1556 2693 1601 2725 de
1632 2692 1660 2726 Ι.
1688 2692 1727 2725 F.
1760 2720 1762 2736 ;

245 2734 432 2768 Gronovii
459 2737 555 2769 coni.
584 2736 671 2770 Sch.
701 2737 795 2772 Liin.
832 2738 1027 2772 ORELLI.
1081 2757 1127 2763 -
1175 2739 1382 2773 decedentes
1414 2740 1460 2773 de
1484 2740 1643 2774 statione
1669 2746 1731 2774 aut
1756 2760 1757 2763 =

243 2782 446 2826 praesidiis
473 2784 575 2818 meis.
604 2785 839 2820 ERNESTI.
892 2787 949 2819 An
976 2787 1219 2821 discedentes?
1256 2789 1327 2822 cfr.
1355 2788 1455 2822 infra
1482 2789 1546 2832 Ep.
1573 2789 1630 2831 34,
1659 2789 1725 2822 bis.
1789 2776 1794 2839 J
