1795 3086
251 68 342 117 304
520 69 584 113 Μ.
615 69 672 113 Τ.
704 67 1047 114 CICERONIS
1084 69 1452 116 EPISTOEAE.

249 187 336 227 tur.
396 182 485 225 Sed
513 195 654 236 neque
675 181 862 224 Caesari
882 183 1093 238 imperari
1116 185 1262 237 potest
1291 197 1375 226 nec
1403 184 1570 228 Caesar
1598 200 1723 229 exer-

251 240 362 282 citui
401 253 502 280 suo:
550 237 664 292 quod
708 243 942 292 utrumque
982 238 1217 293 pessimum
1263 244 1343 282 est.
1419 241 1565 291 Quum
1610 242 1725 284 haec

250 298 362 338 talia
391 296 504 345 sint,
542 308 627 347 quo
652 294 822 347 minus,
868 294 983 348 quod
1013 294 1071 336 ad
1108 308 1177 335 me
1218 295 1478 351 pertinebit,
1519 296 1724 340 homines

250 351 561 405 interpellent,
592 353 642 389 ut
670 362 802 403 supra
831 350 1018 403 scripsi,
1057 363 1144 391 non
1172 351 1392 404 impedio:
1432 352 1546 394 haec
1574 368 1723 407 quem-

249 407 487 449 admodum
516 405 738 459 explicari
777 406 969 460 possint,
1008 411 1104 458 aut,
1142 419 1169 447 a
1197 410 1240 447 te
1269 421 1400 461 quum
1441 409 1721 462 explicabun-

248 468 346 515 tur,
377 476 431 503 ne
461 461 785 516 impediantur,
825 462 972 501 timeo.
1028 462 1163 502 Alere
1192 462 1281 502 iam
1310 464 1476 505 milites
1505 477 1592 505 non
1621 478 1723 520 pos-

247 532 358 560 sum.
429 517 574 567 Quum
614 517 670 557 ad
710 530 802 557 rem
841 517 1061 570 publicam
1091 518 1366 560 liberandam
1399 521 1592 573 accessi,
1630 521 1722 562 HS.

246 574 361 615 mihi
389 573 474 615 fuit
494 573 705 629 pecuniae
725 572 1086 627 quadringenties
1111 574 1309 627 amplius.
1367 576 1562 617 Tantum
1583 577 1721 629 abest,

246 635 296 672 ut
324 643 446 671 meae
477 631 541 670 rei
571 628 809 669 familiaris
848 628 1035 670 liberum
1079 629 1141 669 sit
1179 629 1442 684 quidquam,
1484 635 1534 672 ut
1571 645 1723 673 omnes

247 688 336 727 iam
365 699 484 726 meos
514 685 682 726 amicos
712 698 815 725 aere
844 685 989 725 alieno
1029 684 1356 728 obstrinxerim.
1423 687 1602 741 Septem
1642 702 1723 728 nu·-

246 756 367 783 mero
405 754 517 782 nunc
560 741 756 794 legiones
796 740 887 782 alo:
938 753 1025 794 qua
1072 739 1360 793 difficultate,
1399 746 1448 783 tu
1486 744 1722 785 arbitrare.

244 798 374 850 Non,
403 799 441 838 si
471 797 691 838 Varronis
720 795 953 837 thesauros
983 795 1215 848 haberem,
1256 797 1496 839 subsistere
1525 798 1721 853 sumptui

242 868 429 910 possem.
488 852 634 902 Quum
664 853 852 907 primum
882 852 936 894 de
963 852 1155 893 Antonio
1194 852 1477 905 exploratum
1506 853 1720 905 habuero,

242 911 407 952 faciam
436 913 479 950 te
509 908 759 950 certiorem.
827 909 900 949 Tu
937 922 1007 949 me
1047 907 1236 960 amabis,
1276 907 1365 961 ita,
1406 909 1446 949 si
1485 907 1573 951 hoc
1601 909 1720 950 idem

241 980 312 1007 me
350 966 396 1007 in
434 969 478 1006 te
516 964 666 1006 facere
705 964 910 1006 senseris.
976 977 1037 1006 111.
1077 963 1193 1006 Non.
1235 962 1404 1017 Maias,
1453 977 1507 1007 ex
1544 966 1720 1017 castris,

241 1022 456 1063 Dertona.

242 1198 290 1205 -
318 1179 392 1213 Sed
421 1187 529 1221 neque
562 1173 719 1209 Caesari
758 1180 850 1216 cet.‚
889 1173 999 1207 allein
1041 1175 1155 1208 Ca‘sar
1189 1175 1320 1208 Octav.
1348 1176 1438 1210 lasst
1469 1177 1552 1211 sich
1584 1177 1719 1213 Nichts

242 1227 420 1262 befehlen
455 1225 530 1258 und
562 1224 706 1257 seinem
737 1224 855 1256 Heere
888 1223 985 1256 kann
1021 1234 1061 1256 er
1093 1222 1199 1256 nicht
1233 1223 1420 1257 besehlen.
1456 1244 1500 1250 —
1537 1237 1601 1260 suo
1635 1227 1717 1260 scil.

242 1276 430 1322 imperare
455 1278 591 1320 potest.
619 1271 730 1305 Statt.
756 1283 826 1305 nec
859 1282 879 1305 a
905 1271 1064 1306 Caesare
1089 1282 1209 1304 exerc.
1236 1282 1309 1305 suo.
1337 1291 1381 1297 ——
1407 1273 1458 1306 ad
1486 1285 1540 1308 me
1563 1274 1616 1308 im
1643 1275 1718 1308 Ge-

240 1336 345 1370 gens.
372 1334 445 1357 von
471 1321 516 1355 ad
541 1331 621 1353 rem
645 1319 846 1365 publicam.
874 1337 916 1343 —
943 1318 1031 1352 haec
1051 1345 1060 1353 .
1080 1345 1089 1355 .
1110 1345 1121 1356 .
1154 1320 1334 1362 explicari
1355 1321 1492 1364 possint
1516 1323 1539 1355 i.
1567 1334 1596 1356 e.
1622 1335 1718 1368 quo-

239 1373 355 1407 modo
380 1371 497 1416 possit
520 1367 677 1402 inveniri
703 1367 857 1414 aliquod
881 1367 1092 1400 remedium
1116 1368 1153 1400 in
1180 1366 1238 1400 his
1263 1369 1378 1401 tantis
1412 1369 1715 1411 difficultatibus,

237 1422 313 1455 wie
346 1431 434 1454 man
468 1418 563 1452 diess
589 1416 757 1450 Gewirre
791 1417 853 1450 des
885 1414 1007 1449 Staats
1030 1416 1132 1449 losen
1157 1415 1294 1460 k'dnne,
1319 1416 1448 1451 darum
1472 1418 1538 1452 bin
1561 1419 1625 1453 ich
1650 1420 1716 1453 be·-

235 1476 355 1515 sorgt.
380 1467 469 1512 Vgl.
496 1467 592 1500 oben
617 1464 652 1509 ᾖ.
682 1467 714 1498 1.

333 1537 367 1571 5.
395 1534 468 1568 HS.
495 1531 580 1567 mihi
605 1556 614 1565 .
643 1557 651 1565 .
681 1531 854 1575 amplius,
890 1531 996 1564 hatte
1019 1530 1084 1564 ich
1110 1529 1221 1564 mehr
1255 1531 1307 1564 als
1332 1531 1487 1571 400,000
1510 1531 1716 1568 Sestertien

237 1600 287 1617 z
313 1584 444 1625 ‹10‚000
469 1583 557 1616 flor.
590 1581 721 1613 baares
753 1579 861 1613 Geld.
896 1579 970 1612 del.
1003 1579 1176 1622 pecuniae
1209 1590 1294 1612 cum
1320 1579 1388 1612 Ed.
1418 1579 1520 1617 1471.
1548 1586 1587 1614 et
1611 1581 1714 1616 Crat.

236 1634 330 1668 Ern.
359 1631 442 1665 Sch.
468 1632 565 1664 Liin.
595 1627 789 1663 ORELLI.
817 1646 861 1652 —
896 1628 1071 1666 liberum,
1106 1639 1182 1661 non
1216 1628 1514 1673 oppigneratum.
1541 1646 1589 1653 —
1629 1640 1716 1664 aere

236 1681 356 1714 alieno
382 1681 510 1721 obstr„
549 1677 586 1710 in
613 1675 802 1711 Schulden
829 1681 970 1721 gesetzt
1003 1675 1115 1708 habe.
1152 1694 1195 1700 -—
1235 1676 1374 1719 Septem
1399 1685 1543 1709 numero
1569 1701 1579 1713 .
1602 1702 1610 1711 .
1637 1678 1713 1715 alo.

236 1729 300 1763 Sic
341 1728 489 1774 scripsi:
539 1737 632 1772 quae
672 1724 837 1758 formula
876 1723 1045 1757 vocabuli
1076 1734 1220 1758 numero
1252 1723 1414 1758 numeris
1451 1726 1715 1770 postponendi,

236 1778 334 1823 apud
360 1775 589 1821 antiquiores
614 1780 652 1807 et
675 1773 714 1806 in
740 1772 970 1805 carminibus
995 1772 1121 1819 legum
1146 1783 1189 1805 ac
1205 1773 1375 1806 formulis
1400 1777 1713 1807 testamentorum

236 1825 438 1860 admodum
465 1823 621 1861 usitata,
647 1821 894 1856 librariorum
916 1827 1068 1865 captum
1084 1821 1294 1866 superabat.
1313 1819 1511 1855 ORELLI.
1540 1839 1585 1845 —-
1615 1822 1713 1856 Var-

235 1875 339 1908 ronis
364 1873 562 1907 thesauros.
587 1870 727 1904 Vocab.
767 1868 876 1903 Varr.
913 1875 1135 1914 suspectum.
1193 1870 1370 1911 Fuerunt,
1404 1868 1468 1913 qui
1504 1868 1549 1901 de
1583 1869 1715 1903 Crassi

234 1922 414 1956 thesauris
429 1920 653 1965 cogitarent.
702 1919 834 1951 Fuitne
852 1917 962 1950 index
979 1917 1116 1950 satirae
1131 1918 1356 1963 Menippeae
1374 1917 1559 1957 Varronis,
1587 1928 1711 1960 gram-

234 1971 384 2005 maticis
409 1969 508 2002 haud
532 1966 789 2001 memoratae?
818 1965 1014 2000 ORELLI.
1050 1966 1105 1999 M.
1145 1967 1313 1999 Terentii
1345 1965 1527 1999 Varronis
1561 1964 1713 1999 divitiae

233 2031 310 2053 non
337 2020 390 2052 ita
416 2028 572 2064 magnae
597 2017 770 2056 fuerunt,
798 2020 837 2047 ut
863 2014 903 2046 in
929 2014 1171 2059 proverbium
1196 2014 1301 2048 abire
1326 2013 1527 2060 potuerint.
1579 2014 1712 2058 Itaque
1752 2014 1757 2038 ἒ

234 2067 420 2102 Corradus
445 2064 644 2099 intellexit:
682 2064 738 2104 „si
766 2063 960 2096 thesauros
987 2062 1185 2101 haberem,
1221 2063 1346 2108 quales
1373 2067 1474 2103 sunt,
1510 2060 1554 2093 de
1578 2062 1711 2106 quibus
1764 2058 1768 2104 ξ

233 2117 353 2149 Varro
379 2115 415 2147 in
442 2115 540 2148 libro
567 2124 630 2146 suo
656 2112 702 2145 de
729 2110 867 2144 divitiis
892 2110 1068 2143 scribitf‘
1094 2110 1203 2144 SCH.
1237 2130 1279 2135 —
1318 2111 1513 2144 subsistere
1543 2109 1710 2152 sumptui,

232 2165 303 2198 den
331 2162 511 2197 Aufwand
542 2161 746 2194 anshalten.
780 2157 959 2202 sufficere
992 2158 1143 2200 sumptui
1169 2158 1233 2197 Cd.
1260 2160 1354 2203 Reg.
1382 2164 1419 2191 et
1442 2158 1580 2203 Margo
1606 2159 1708 2191 Crat.

232 2213 410 2246 sustinere
433 2214 610 2253 sumplam
636 2221 655 2242 e
680 2209 785 2254 gloss.
814 2206 905 2243 Cdd.
932 2205 1018 2251 aliq.
1044 2205 1163 2252 Neap.
1189 2207 1275 2240 Asc.
1295 2210 1329 2242 l.
1349 2208 1452 2244 Crat.
1469 2206 1601 2240 Lamb.
1628 2206 1705 2240 ΟΒ.

233 2279 277 2286 -
304 2261 377 2296 ΙΙΙ.
404 2259 499 2293 Non.
526 2257 672 2303 Maias,
699 2268 760 2291 am
785 2256 817 2292 5.
843 2254 935 2291 Mai.
