1795 3086
222 104 318 152 286
499 105 561 147 M.
594 105 649 147 Τ.
685 101 1031 149 CICERONIS
1061 106 1433 153 EPISTOLAE.

224 224 366 259 ctasse
387 229 467 257 noc
490 217 844 269 exspectaturum
863 216 1043 260 decreta
1072 222 1245 260 nostra:
1282 220 1359 260 sed
1388 224 1433 262 te
1460 221 1602 275 ipsum
1631 226 1707 263 tuo

221 287 346 316 more
375 285 468 312 rem
496 272 716 326 publicam
745 271 1040 316 defensurum.
1098 274 1174 327 Et,
1203 289 1467 331 quamquam
1487 276 1705 318 nihildum

221 330 505 371 audieramus
535 339 616 367 nec
646 328 718 368 ubi
747 341 866 370 esses
895 344 977 372 nec
1005 343 1114 385 quas
1143 332 1292 385 copias
1322 331 1528 374 haberesx
1558 337 1705 375 tamen

220 387 287 426 sic
316 383 586 436 statuebam,
622 396 793 436 omnes,
832 398 943 439 quae
969 386 1016 426 in
1044 386 1145 427 istis
1174 388 1374 442 partibus
1411 392 1560 430 essent
1598 403 1705 443 opes

220 441 460 493 copiaeque
477 469 490 490 ,
519 442 618 480 tuas
649 452 764 480 esse:
808 454 889 493 per
918 445 1047 496 teque
1076 443 1229 485 Asiam
1260 444 1535 497 provinciam
1564 444 1704 485 confi-

218 496 375 537 debam
405 496 492 536 iam
521 495 588 535 rei
618 495 818 548 publicae
848 496 1155 551 reciperatam.
1222 500 1296 542 Tu
1325 499 1399 543 sac
1428 499 1475 541 in
1504 500 1706 555 augenda

217 551 368 606 gloria
395 555 440 593 te
468 550 612 605 ipsum
641 550 806 593 vincas.
866 552 998 596 Vale.

427 774 746 818 EPISTOLA
784 774 1014 818 DCCCV.
1074 775 1154 828 (ad
1184 775 1288 818 Div.
1319 776 1380 818 X.
1412 778 1497 822 10.)

382 848 461 883 scr.
487 851 631 885 Romae
655 851 729 889 111.
755 851 835 885 Kal.
860 850 952 896 Apr.
978 850 1020 884 A.
1048 851 1093 885 U.
1119 851 1159 886 c.
1187 852 1268 886 711.
1317 850 1368 896 (a.
1396 853 1436 887 c,
1463 852 1538 895 43.)

214 916 359 952 Laudat
392 917 524 952 Planci
557 918 791 964 praeclaram
835 918 1087 1002 v⁰lu¹<itatem2
1111 917 1352 964 studiumque
1393 929 1475 954 rem
1515 920 1703 965 publicam

816 967 924 1000 iuvan
955 966 980 1004 i.
1007 969 1054 1001 1·
1091 990 1100 999 .

746 1033 934 1069 CICERO
959 1032 1172 1073 PLANCO,

322 1100 427 1143 Etsi
456 1100 567 1142 satis
596 1114 651 1141 ex
679 1100 848 1142 Furnio
877 1104 1033 1142 nostro
1072 1115 1336 1155 cognoram,
1376 1116 1487 1157 quae
1522 1106 1598 1144 tua
1627 1115 1702 1145 voa

212 1156 385 1210 luntas,
425 1156 545 1211 quod
574 1156 814 1197 consilium
853 1156 910 1198 de
940 1169 989 1197 re
1016 1157 1194 1211 publica
1223 1161 1363 1199 esset:
1402 1163 1574 1210 tamen,
1615 1160 1703 1199 tuis

212 1213 358 1254 literis
388 1213 540 1265 lectis,
570 1212 781 1267 liquidius
810 1211 866 1254 de
893 1217 990 1254 toto
1019 1226 1150 1254 sensu
1178 1218 1255 1255 tuo
1283 1212 1493 1256 iudicavi.
1536 1214 1703 1265 Quam-

212 1269 388 1321 obrem,
448 1282 715 1323 quamquam
772 1267 818 1308 in
865 1282 952 1309 uno
999 1270 1171 1324 proelio
1217 1270 1359 1310 omnis
1400 1270 1583 1311 fortuna
1635 1271 1703 1311 rei

212 1325 417 1378 publicae
446 1326 688 1378 disceptat3
718 1324 837 1378 quod
866 1323 1067 1379 quidem,
1097 1339 1229 1380 quum
1258 1325 1369 1366 haec
1398 1326 1582 1381 legeres,
1611 1327 1702 1367 iam

210 1381 440 1422 decretum
466 1381 718 1422 arbitrabar
747 1380 867 1421 fore:
907 1385 1052 1422 tamen
1081 1381 1180 1435 ipsa
1208 1381 1352 1434 fama,
1390 1395 1504 1436 quae
1543 1383 1599 1424 de
1627 1386 1702 1423 tua

210 1437 434 1478 voluntate
462 1437 737 1491 percrebuit,
766 1449 971 1490 magnam
1002 1450 1048 1478 es
1077 1436 1252 1478 laudem
1282 1442 1553 1479 consecutus.
1608 1439 1701 1480 Ita-

210 1507 294 1547 que
322 1493 362 1534 si
390 1493 615 1534 consulem
644 1491 816 1533 Romae
844 1492 1170 1545 habuissemus,
1200 1492 1473 1534 declaratum
1502 1498 1617 1535 esset
1645 1495 1701 1535 ab

210 1553 364 1589 senatu
394 1562 495 1589 cum
523 1548 612 1589 tuis
641 1548 813 1602 magnis
841 1547 1106 1601 honoribus,
1137 1561 1269 1603 quam
1298 1554 1453 1603 gratus
1482 1556 1598 1591 esset
1626 1563 1700 1590 co-

211 1608 338 1646 natus
370 1608 415 1646 et
447 1607 685 1659 apparatus
714 1609 827 1646 tuus.
888 1603 1026 1646 Cuius
1064 1604 1131 1646 rei
1160 1618 1248 1645 non
1276 1605 1412 1647 modo
1441 1619 1528 1647 non
1571 1619 1699 1660 prae-

210 1661 336 1701 teriit
373 1666 572 1715 tempus,
617 1660 699 1702 sed
727 1673 782 1701 ne
820 1663 1041 1701 maturum
1088 1660 1266 1715 quidem
1308 1662 1561 1703 etiamnunc
1599 1676 1700 1703 meo

207 1716 386 1771 quidem
415 1716 586 1758 iudicio
616 1717 714 1758 fuit.
773 1716 821 1757 Is
862 1716 978 1758 enim
1008 1716 1199 1771 denique
1228 1716 1369 1758 honos
1398 1717 1513 1758 mihi
1551 1717 1696 1759 videri

207 1773 341 1826 solet,
380 1773 457 1828 qui
486 1786 574 1815 non
603 1775 789 1828 propter
817 1785 940 1826 spem
970 1772 1112 1815 futuri
1141 1772 1373 1825 beneficii,
1410 1773 1489 1815 sed
1518 1778 1700 1828 propter

205 1935 246 1962 ut
271 1936 379 1963 antea
402 1930 442 1963 in
469 1930 721 1977 opprimendo
748 1931 907 1966 Caesare
934 1944 1006 1965 non
1041 1932 1267 1978 exspectasti
1303 1937 1455 1965 senatus
1487 1931 1696 1965 auctorita·-

205 1984 282 2011 tem
315 1985 354 2012 et
384 1980 610 2014 mandatum.
648 1980 770 2024 vergi.
804 1991 863 2026 ep.
891 1982 974 2023 779,
1001 1982 1035 2016 2.
1071 1999 1114 2004 —
1149 1980 1371 2020 statuebam,
1406 1983 1513 2013 setzt'
1547 1980 1610 2013 ich
1644 1981 1696 2014 als

202 2025 331 2071 gewiss
355 2028 511 2061 Voraus.
537 2047 583 2054 —
606 2029 795 2072 partibas,
822 2029 1054 2073 regionibus.
1079 2047 1126 2052 —
1154 2033 1237 2062 tuas
1262 2039 1338 2061 esse
1362 2028 1388 2061 i.
1416 2039 1449 2061 e.
1473 2028 1513 2060 in
1540 2034 1602 2061 tua
1628 2039 1696 2073 po-

202 2079 350 2110 testate.
376 2094 422 2100 —
457 2076 704 2122 reciperatam
737 2077 761 2110 i.
795 2089 829 2110 e.
857 2078 1091 2123 redemptam
1116 2088 1137 2110 a
1171 2076 1383 2110 Dolabella.
1417 2094 1462 2100 —-
1500 2079 1533 2108 te
1563 2076 1695 2120 ipsam,

202 2123 257 2156 im
296 2124 459 2168 Gegens.
493 2137 567 2159 von
599 2125 778 2158 Keinen
814 2127 1035 2160 anderen.
1094 2126 1280 2158 Dennoch
1316 2125 1443 2159 wollte
1474 2124 1625 2158 Ernesti
1658 2129 1693 2158 te

201 2170 292 2215 ipse,
319 2172 469 2206 Ramsh.
496 2175 526 2218 §.
555 2174 636 2214 158,
665 2174 698 2208 2.
725 2173 761 2208 d.
787 2192 834 2198 ——
859 2174 1003 2217 vincas,
1031 2173 1284 2208 iibertreffest.

300 2242 332 2274 1.
359 2240 455 2275 Etsi.
506 2240 643 2274 Dieser
676 2240 785 2275 Brief
819 2241 968 2275 scheint
1005 2240 1086 2274 eine
1126 2243 1296 2275 Antwort
1328 2239 1397 2273 auf
1428 2240 1498 2274 den
1530 2240 1612 2276 803.
1646 2251 1693 2274 zu

203 2287 294 2322 sein.
328 2308 370 2314 —
406 2298 449 2321 ez>
480 2288 629 2322 Furnio.
662 2288 698 2322 S.
725 2301 781 2335 ep.
807 2291 890 2332 800,
919 2292 951 2324 1.
985 2307 1029 2313 —-
1065 2289 1254 2333 liquidius,
1293 2288 1432 2326 klarer,
1467 2307 1515 2313 —
1549 2288 1587 2321 in
1622 2298 1692 2321 nno

199 2335 362 2380 proelio,
389 2336 489 2382 quod
516 2337 679 2380 Hirtius,
718 2339 839 2371 Pansa
865 2345 903 2371 et
929 2337 1109 2371 Octavius
1136 2337 1183 2370 ad
1207 2337 1398 2372 Mutinam
1423 2348 1512 2371 cum
1538 2337 1592 2370 M.
1620 2338 1693 2370 An-

201 2385 307 2418 tonio
348 2384 582 2418 commissuri
621 2392 716 2419 sunt.
752 2406 794 2412 —
836 2386 1037 2430 disceptat,
1075 2386 1221 2430 agitur,
1263 2385 1456 2428 consistit,
1502 2385 1569 2418 auf
1605 2385 1692 2418 dem

200 2431 329 2478 Spiele
355 2434 472 2476 steht,
508 2433 755 2469 entschieden
782 2434 890 2467 wird.
924 2455 966 2460 —
1003 2434 1200 2473 decretum,
1230 2433 1474 2467 commissum
1490 2433 1598 2476 sore,
1624 2443 1690 2477 ge-

201 2481 333 2515 liefert
357 2482 435 2515 sein
462 2482 571 2519 wird.
599 2482 689 2526 Vgl.
718 2493 775 2527 ep.
801 2483 883 2525 802,
910 2485 945 2519 7.
971 2500 1019 2506 -—
1055 2483 1230 2516 consulem
1255 2482 1280 2514 i.
1307 2492 1341 2518 e.
1367 2481 1528 2515 alterum
1553 2492 1572 2513 e
1599 2492 1691 2514 con-

200 2530 353 2564 sulibus.
404 2530 505 2564 Nam
529 2531 663 2564 aberat
687 2537 842 2575 uterque
874 2530 1022 2574 consul,
1057 2530 1204 2564 Hirtius
1242 2537 1281 2563 et
1313 2531 1454 2572 Pansa,
1489 2529 1536 2562 ad
1568 2529 1690 2563 Muti-

200 2589 286 2612 nam
313 2578 508 2612 obsidione
531 2578 769 2612 liberandam
794 2579 977 2624 profecti,
1016 2578 1224 2613 MANUT.
1252 2598 1294 2603 —
1331 2582 1500 2619 conatus,
1533 2576 1687 2611 Vorha-

200 2626 286 2659 ben.
314 2645 359 2650 —
388 2627 498 2661 Cuius
523 2627 600 2670 rei,
628 2629 743 2661 Dazu.
771 2646 815 2652 —
841 2628 883 2672 Is
907 2628 1001 2660 enim
1026 2652 1035 2660 .
1064 2652 1073 2660 .
1098 2627 1215 2668 solet,
1242 2627 1337 2660 deun
1354 2627 1529 2660 meistens
1541 2625 1688 2658 kommt

200 2675 273 2708 mir
303 2676 380 2708 Das
413 2682 490 2709 erst
521 2676 574 2709 als
605 2674 709 2709 Ehre
740 2687 818 2709 vor.
865 2667 972 2709 Uber
1003 2676 1045 2708 Is
1069 2687 1098 2709 s.
1124 2675 1281 2709 Ramsh.
1308 2677 1338 2720 §.
1366 2675 1446 2717 159,
1474 2676 1504 2708 1.
1532 2674 1686 2711 Grotef,
1710 2665 1715 2679 ¹
1762 2711 1765 2713 ,

199 2723 236 2766 5.
264 2725 345 2759 211.
371 2741 419 2748 —-
456 2724 607 2768 denique
631 2738 680 2756 Ξ
706 2723 868 2758 demum.
902 2743 946 2749 —
971 2723 1101 2766 futuri
1134 2722 1319 2767 beneficii,
1348 2722 1555 2767 *kiinftiger
1587 2722 1685 2755 Ver-

200 2771 363 2814 dienste,
391 2772 653 2807 Grossthaten.
681 2791 724 2798 --
750 2776 907 2818 propter
932 2782 1069 2815 magna
1093 2772 1243 2815 merita,
1278 2782 1404 2818 wegen
1439 2781 1585 2817 grosset
1619 2770 1683 2804 be-
