<?xml version="1.0" encoding="UTF-8"?>
<!DOCTYPE html PUBLIC "-//W3C//DTD XHTML 1.0 Transitional//EN"
    "http://www.w3.org/TR/xhtml1/DTD/xhtml1-transitional.dtd">
<html xmlns="http://www.w3.org/1999/xhtml" xml:lang="en" lang="en">
 <head>
  <title>
</title>
<meta http-equiv="Content-Type" content="text/html;charset=utf-8" />
  <meta name='ocr-system' content='tesseract 3.04.00' />
  <meta name='ocr-capabilities' content='ocr_page ocr_carea ocr_par ocr_line ocrx_word'/>
</head>
<body>
  <div class='ocr_page' id='page_1' title='image "./epistolaeadattic04ciceuoft_0063.png"; bbox 0 0 1795 3086; ppageno 0'>
   <div class='ocr_carea' id='block_1_1' title="bbox 560 70 1575 119">
    <p class='ocr_par' dir='ltr' id='par_1_1' title="bbox 560 70 1575 119">
     <span class='ocr_line' id='line_1_1' title="bbox 560 70 1575 119; baseline 0.008 -8"><span class='ocrx_word' id='word_1_1' title='bbox 560 70 873 112; x_wconf 82' lang='lat' dir='ltr'><strong>EPISTOLA</strong></span> <span class='ocrx_word' id='word_1_2' title='bbox 904 70 1039 114; x_wconf 85' lang='lat' dir='ltr'>DCX</span> <span class='ocrx_word' id='word_1_3' title='bbox 1046 73 1096 114; x_wconf 84' lang='lat' dir='ltr'>C.</span> <span class='ocrx_word' id='word_1_4' title='bbox 1513 72 1575 119; x_wconf 83' lang='grc'>53</span> 
     </span>
    </p>
   </div>
   <div class='ocr_carea' id='block_1_2' title="bbox 0 0 31 1714">
    <p class='ocr_par' dir='ltr' id='par_1_2' title="bbox 0 0 31 1714">
     <span class='ocr_line' id='line_1_2' title="bbox 0 0 31 1714; baseline 0 0"><span class='ocrx_word' id='word_1_5' title='bbox 0 0 31 1714; x_wconf 95' lang='lat' dir='ltr'> </span> 
     </span>
    </p>
   </div>
   <div class='ocr_carea' id='block_1_3' title="bbox 24 101 29 165">
    <p class='ocr_par' dir='ltr' id='par_1_3' title="bbox 24 101 29 165">
     <span class='ocr_line' id='line_1_3' title="bbox 24 101 29 165; baseline 0 0"><span class='ocrx_word' id='word_1_6' title='bbox 24 101 29 165; x_wconf 71' lang='grc' dir='ltr'>ἔ</span> 
     </span>
    </p>
   </div>
   <div class='ocr_carea' id='block_1_4' title="bbox 23 179 1565 725">
    <p class='ocr_par' dir='ltr' id='par_1_4' title="bbox 23 179 1565 293">
     <span class='ocr_line' id='line_1_4' title="bbox 23 179 1565 243; baseline 0.001 -18"><span class='ocrx_word' id='word_1_7' title='bbox 23 206 27 225; x_wconf 63' lang='grc' dir='ltr'>ι</span> <span class='ocrx_word' id='word_1_8' title='bbox 89 185 175 225; x_wconf 88' lang='lat' dir='ltr'>lius</span> <span class='ocrx_word' id='word_1_9' title='bbox 217 182 304 222; x_wconf 86' lang='lat' dir='ltr'>suit</span> <span class='ocrx_word' id='word_1_10' title='bbox 346 179 515 243; x_wconf 75' lang='lat' dir='ltr'>peiisse</span> <span class='ocrx_word' id='word_1_11' title='bbox 547 181 623 222; x_wconf 90' lang='lat' dir='ltr'>illo</span> <span class='ocrx_word' id='word_1_12' title='bbox 654 180 908 232; x_wconf 67' lang='lat' dir='ltr'>imm-‚secto</span> <span class='ocrx_word' id='word_1_13' title='bbox 949 185 1065 237; x_wconf 89' lang='lat' dir='ltr'>quod</span> <span class='ocrx_word' id='word_1_14' title='bbox 1099 182 1267 225; x_wconf 82' lang='lat' dir='ltr'>utinam</span> <span class='ocrx_word' id='word_1_15' title='bbox 1305 183 1565 226; x_wconf 83' lang='lat' dir='ltr'>accidisset!</span> 
     </span>
     <span class='ocr_line' id='line_1_5' title="bbox 23 234 1562 301; baseline 0.002 -23"><span class='ocrx_word' id='word_1_16' title='bbox 23 250 27 293; x_wconf 72' lang='grc' dir='ltr'><em>ς</em></span> <span class='ocrx_word' id='word_1_17' title='bbox 87 252 217 301; x_wconf 82' lang='lat' dir='ltr'>quam</span> <span class='ocrx_word' id='word_1_18' title='bbox 249 237 362 278; x_wconf 85' lang='lat' dir='ltr'>haec</span> <span class='ocrx_word' id='word_1_19' title='bbox 396 235 564 277; x_wconf 69' lang='lat' dir='ltr'>videte.</span> <span class='ocrx_word' id='word_1_20' title='bbox 626 234 844 277; x_wconf 82' lang='lat' dir='ltr'>Octavius</span> <span class='ocrx_word' id='word_1_21' title='bbox 883 236 1122 292; x_wconf 85' lang='lat' dir='ltr'>Neapolim</span> <span class='ocrx_word' id='word_1_22' title='bbox 1162 239 1286 280; x_wconf 83' lang='lat' dir='ltr'>venit</span> <span class='ocrx_word' id='word_1_23' title='bbox 1324 252 1416 281; x_wconf 79' lang='lat' dir='ltr'>xlv.</span> <span class='ocrx_word' id='word_1_24' title='bbox 1457 239 1562 280; x_wconf 82' lang='lat' dir='ltr'>Kal.</span> 
     </span>
    </p>

    <p class='ocr_par' dir='ltr' id='par_1_5' title="bbox 82 290 1564 725">
     <span class='ocr_line' id='line_1_6' title="bbox 87 290 1564 351; baseline 0.001 -17"><span class='ocrx_word' id='word_1_25' title='bbox 87 293 157 334; x_wconf 93' lang='lat' dir='ltr'>Ibi</span> <span class='ocrx_word' id='word_1_26' title='bbox 187 306 284 333; x_wconf 86' lang='lat' dir='ltr'>eum</span> <span class='ocrx_word' id='word_1_27' title='bbox 314 292 481 332; x_wconf 86' lang='lat' dir='ltr'><strong>Balbus</strong></span> <span class='ocrx_word' id='word_1_28' title='bbox 510 305 638 332; x_wconf 87' lang='lat' dir='ltr'>mane</span> <span class='ocrx_word' id='word_1_29' title='bbox 667 290 910 346; x_wconf 75' lang='lat' dir='ltr'>postiidie3</span> <span class='ocrx_word' id='word_1_30' title='bbox 946 295 1186 351; x_wconf 87' lang='lat' dir='ltr'>eodemque</span> <span class='ocrx_word' id='word_1_31' title='bbox 1216 295 1289 336; x_wconf 87' lang='lat' dir='ltr'>die</span> <span class='ocrx_word' id='word_1_32' title='bbox 1317 308 1487 336; x_wconf 89' lang='lat' dir='ltr'>mecum</span> <span class='ocrx_word' id='word_1_33' title='bbox 1517 296 1564 335; x_wconf 89' lang='lat' dir='ltr'>in</span> 
     </span>
     <span class='ocr_line' id='line_1_7' title="bbox 85 347 1563 403; baseline -0.001 -12"><span class='ocrx_word' id='word_1_34' title='bbox 85 350 299 398; x_wconf 87' lang='lat' dir='ltr'>Cumano,</span> <span class='ocrx_word' id='word_1_35' title='bbox 342 348 467 387; x_wconf 82' lang='lat' dir='ltr'>illum</span> <span class='ocrx_word' id='word_1_36' title='bbox 508 347 806 388; x_wconf 85' lang='lat' dir='ltr'>hereditatem</span> <span class='ocrx_word' id='word_1_37' title='bbox 847 347 1084 389; x_wconf 75' lang='lat' dir='ltr'>aditui-‚um</span> <span class='ocrx_word' id='word_1_38' title='bbox 1152 351 1259 401; x_wconf 89' lang='lat' dir='ltr'>Sed,</span> <span class='ocrx_word' id='word_1_39' title='bbox 1300 354 1347 392; x_wconf 86' lang='lat' dir='ltr'>ut</span> <span class='ocrx_word' id='word_1_40' title='bbox 1385 351 1563 403; x_wconf 80' lang='lat' dir='ltr'>scribis,</span> 
     </span>
     <span class='ocr_line' id='line_1_8' title="bbox 83 402 1562 457; baseline 0.003 -14"><span class='ocrx_word' id='word_1_41' title='bbox 83 403 304 456; x_wconf 74' lang='grc' dir='ltr'>ῥοιζὸθεμιν</span> <span class='ocrx_word' id='word_1_42' title='bbox 331 416 535 457; x_wconf 84' lang='lat' dir='ltr'>magnam</span> <span class='ocrx_word' id='word_1_43' title='bbox 567 417 665 444; x_wconf 90' lang='lat' dir='ltr'>cum</span> <span class='ocrx_word' id='word_1_44' title='bbox 695 403 905 444; x_wconf 85' lang='lat' dir='ltr'>Antonio.</span> <span class='ocrx_word' id='word_1_45' title='bbox 972 402 1215 447; x_wconf 86' lang='lat' dir='ltr'>Buthrotia</span> <span class='ocrx_word' id='word_1_46' title='bbox 1243 406 1357 447; x_wconf 87' lang='lat' dir='ltr'>mihi</span> <span class='ocrx_word' id='word_1_47' title='bbox 1388 410 1463 448; x_wconf 81' lang='lat' dir='ltr'>tua</span> <span class='ocrx_word' id='word_1_48' title='bbox 1493 419 1562 448; x_wconf 81' lang='lat' dir='ltr'>les</span> 
     </span>
     <span class='ocr_line' id='line_1_9' title="bbox 84 458 1561 515; baseline 0.001 -13"><span class='ocrx_word' id='word_1_49' title='bbox 84 465 166 510; x_wconf 87' lang='lat' dir='ltr'>est,</span> <span class='ocrx_word' id='word_1_50' title='bbox 207 465 257 500; x_wconf 86' lang='lat' dir='ltr'>ut</span> <span class='ocrx_word' id='word_1_51' title='bbox 295 459 440 510; x_wconf 89' lang='lat' dir='ltr'>debet,</span> <span class='ocrx_word' id='word_1_52' title='bbox 480 458 655 513; x_wconf 82' lang='lat' dir='ltr'>eritque</span> <span class='ocrx_word' id='word_1_53' title='bbox 694 471 840 500; x_wconf 81' lang='lat' dir='ltr'>culae.</span> <span class='ocrx_word' id='word_1_54' title='bbox 919 458 1054 509; x_wconf 90' lang='lat' dir='ltr'>Quod</span> <span class='ocrx_word' id='word_1_55' title='bbox 1092 461 1283 515; x_wconf 82' lang='lat' dir='ltr'>quaeris,</span> <span class='ocrx_word' id='word_1_56' title='bbox 1321 462 1467 503; x_wconf 83' lang='lat' dir='ltr'>iamne</span> <span class='ocrx_word' id='word_1_57' title='bbox 1505 462 1561 503; x_wconf 85' lang='lat' dir='ltr'>ad</span> 
     </span>
     <span class='ocr_line' id='line_1_10' title="bbox 82 490 1562 571; baseline 0.001 -14"><span class='ocrx_word' id='word_1_58' title='bbox 82 521 267 558; x_wconf 86' lang='lat' dir='ltr'>centena</span> <span class='ocrx_word' id='word_1_59' title='bbox 307 490 878 556; x_wconf 81' lang='lat' dir='ltr'>Cluvianum·adventa1e</span> <span class='ocrx_word' id='word_1_60' title='bbox 916 515 1119 565; x_wconf 77' lang='lat' dir='ltr'>videtu13</span> <span class='ocrx_word' id='word_1_61' title='bbox 1162 516 1242 556; x_wconf 87' lang='lat' dir='ltr'>sed</span> <span class='ocrx_word' id='word_1_62' title='bbox 1272 518 1417 571; x_wconf 86' lang='lat' dir='ltr'>primo</span> <span class='ocrx_word' id='word_1_63' title='bbox 1446 531 1562 559; x_wconf 87' lang='lat' dir='ltr'>anno</span> 
     </span>
     <span class='ocr_line' id='line_1_11' title="bbox 84 569 1560 626; baseline 0.001 -13"><span class='ocrx_word' id='word_1_64' title='bbox 84 585 228 613; x_wconf 78' lang='lat' dir='ltr'>Lxxx.</span> <span class='ocrx_word' id='word_1_65' title='bbox 261 570 540 611; x_wconf 83' lang='lat' dir='ltr'><strong>detersimus.</strong></span> <span class='ocrx_word' id='word_1_66' title='bbox 599 569 655 619; x_wconf 99' lang='lat' dir='ltr'>Q.</span> <span class='ocrx_word' id='word_1_67' title='bbox 687 575 815 624; x_wconf 77' lang='lat' dir='ltr'>patei</span> <span class='ocrx_word' id='word_1_68' title='bbox 845 571 900 610; x_wconf 84' lang='lat' dir='ltr'>ad</span> <span class='ocrx_word' id='word_1_69' title='bbox 930 584 998 611; x_wconf 88' lang='lat' dir='ltr'>me</span> <span class='ocrx_word' id='word_1_70' title='bbox 1029 571 1188 626; x_wconf 78' lang='lat' dir='ltr'>gravia</span> <span class='ocrx_word' id='word_1_71' title='bbox 1227 571 1282 611; x_wconf 90' lang='lat' dir='ltr'>de</span> <span class='ocrx_word' id='word_1_72' title='bbox 1312 572 1424 623; x_wconf 85' lang='lat' dir='ltr'>filio,</span> <span class='ocrx_word' id='word_1_73' title='bbox 1469 586 1560 614; x_wconf 88' lang='lat' dir='ltr'>ma-</span> 
     </span>
     <span class='ocr_line' id='line_1_12' title="bbox 83 626 1562 690; baseline 0.001 -23.001"><span class='ocrx_word' id='word_1_74' title='bbox 83 629 204 668; x_wconf 81' lang='lat' dir='ltr'>xime</span> <span class='ocrx_word' id='word_1_75' title='bbox 234 626 350 690; x_wconf 79' lang='lat' dir='ltr'>quod</span> <span class='ocrx_word' id='word_1_76' title='bbox 379 627 512 666; x_wconf 78' lang='lat' dir='ltr'>niatli</span> <span class='ocrx_word' id='word_1_77' title='bbox 542 640 657 666; x_wconf 85' lang='lat' dir='ltr'>nuuc</span> <span class='ocrx_word' id='word_1_78' title='bbox 687 626 934 680; x_wconf 82' lang='lat' dir='ltr'>indulgeat,</span> <span class='ocrx_word' id='word_1_79' title='bbox 966 627 1041 667; x_wconf 85' lang='lat' dir='ltr'>cui</span> <span class='ocrx_word' id='word_1_80' title='bbox 1071 630 1202 668; x_wconf 83' lang='lat' dir='ltr'>antea</span> <span class='ocrx_word' id='word_1_81' title='bbox 1232 628 1342 667; x_wconf 90' lang='lat' dir='ltr'>bene</span> <span class='ocrx_word' id='word_1_82' title='bbox 1373 628 1562 669; x_wconf 82' lang='lat' dir='ltr'>merenti</span> 
     </span>
     <span class='ocr_line' id='line_1_13' title="bbox 82 680 1558 725; baseline 0.001 -2"><span class='ocrx_word' id='word_1_83' title='bbox 82 682 220 724; x_wconf 85' lang='lat' dir='ltr'>suerit</span> <span class='ocrx_word' id='word_1_84' title='bbox 259 682 482 723; x_wconf 85' lang='lat' dir='ltr'>inimicus.</span> <span class='ocrx_word' id='word_1_85' title='bbox 549 680 774 724; x_wconf 79' lang='lat' dir='ltr'>Ardentes</span> <span class='ocrx_word' id='word_1_86' title='bbox 816 682 863 722; x_wconf 92' lang='lat' dir='ltr'>in</span> <span class='ocrx_word' id='word_1_87' title='bbox 904 696 1003 723; x_wconf 86' lang='lat' dir='ltr'>eum</span> <span class='ocrx_word' id='word_1_88' title='bbox 1042 681 1197 725; x_wconf 82' lang='lat' dir='ltr'>lite1as</span> <span class='ocrx_word' id='word_1_89' title='bbox 1238 681 1295 723; x_wconf 82' lang='lat' dir='ltr'>ad</span> <span class='ocrx_word' id='word_1_90' title='bbox 1325 696 1394 723; x_wconf 87' lang='lat' dir='ltr'>me</span> <span class='ocrx_word' id='word_1_91' title='bbox 1424 684 1558 725; x_wconf 86' lang='lat' dir='ltr'>misit.</span> 
     </span>
    </p>
   </div>
   <div class='ocr_carea' id='block_1_5' title="bbox 89 777 267 784">
    <p class='ocr_par' dir='ltr' id='par_1_6' title="bbox 89 777 267 784">
     <span class='ocr_line' id='line_1_14' title="bbox 89 777 267 784; baseline 0 0"><span class='ocrx_word' id='word_1_92' title='bbox 89 777 267 784; x_wconf 95' lang='lat' dir='ltr'> </span> 
     </span>
    </p>
   </div>
   <div class='ocr_carea' id='block_1_6' title="bbox 11 826 1562 1640">
    <p class='ocr_par' dir='ltr' id='par_1_7' title="bbox 11 826 1562 1640">
     <span class='ocr_line' id='line_1_15' title="bbox 18 826 1560 873; baseline 0.002 -13"><span class='ocrx_word' id='word_1_93' title='bbox 18 866 19 870; x_wconf 13' lang='grc' dir='ltr'><strong>Ἰ</strong></span> <span class='ocrx_word' id='word_1_94' title='bbox 78 827 107 869; x_wconf 84' lang='lat'>§.</span> <span class='ocrx_word' id='word_1_95' title='bbox 138 828 213 862; x_wconf 68' lang='lat'>184.</span> <span class='ocrx_word' id='word_1_96' title='bbox 266 826 421 861; x_wconf 84' lang='lat' dir='ltr'>Sensus:</span> <span class='ocrx_word' id='word_1_97' title='bbox 450 827 586 861; x_wconf 83' lang='lat' dir='ltr'>melius</span> <span class='ocrx_word' id='word_1_98' title='bbox 612 826 745 861; x_wconf 80' lang='lat' dir='ltr'>suisset</span> <span class='ocrx_word' id='word_1_99' title='bbox 770 834 854 873; x_wconf 86' lang='lat' dir='ltr'>post</span> <span class='ocrx_word' id='word_1_100' title='bbox 881 839 1015 862; x_wconf 84' lang='lat' dir='ltr'>necem</span> <span class='ocrx_word' id='word_1_101' title='bbox 1043 828 1210 863; x_wconf 86' lang='lat' dir='ltr'>Caesaris</span> <span class='ocrx_word' id='word_1_102' title='bbox 1230 829 1436 864; x_wconf 81' lang='lat' dir='ltr'>Antonium</span> <span class='ocrx_word' id='word_1_103' title='bbox 1463 829 1560 864; x_wconf 81' lang='lat' dir='ltr'>eius-</span> 
     </span>
     <span class='ocr_line' id='line_1_16' title="bbox 79 875 1562 922; baseline 0.002 -15"><span class='ocrx_word' id='word_1_104' title='bbox 79 886 153 919; x_wconf 89' lang='lat' dir='ltr'>que</span> <span class='ocrx_word' id='word_1_105' title='bbox 179 875 338 908; x_wconf 71' lang='lat' dir='ltr'>asseclas</span> <span class='ocrx_word' id='word_1_106' title='bbox 364 876 480 909; x_wconf 85' lang='lat' dir='ltr'>armis</span> <span class='ocrx_word' id='word_1_107' title='bbox 506 875 662 915; x_wconf 71' lang='lat' dir='ltr'>adoriri,</span> <span class='ocrx_word' id='word_1_108' title='bbox 688 875 833 909; x_wconf 81' lang='lat' dir='ltr'>etiamsi</span> <span class='ocrx_word' id='word_1_109' title='bbox 869 877 1105 921; x_wconf 87' lang='lat' dir='ltr'>pereundum</span> <span class='ocrx_word' id='word_1_110' title='bbox 1132 877 1240 911; x_wconf 88' lang='lat' dir='ltr'>nobis</span> <span class='ocrx_word' id='word_1_111' title='bbox 1265 876 1423 921; x_wconf 80' lang='lat' dir='ltr'>fuisset3</span> <span class='ocrx_word' id='word_1_112' title='bbox 1462 877 1562 922; x_wconf 83' lang='lat' dir='ltr'>quod</span> 
     </span>
     <span class='ocr_line' id='line_1_17' title="bbox 77 923 1558 970; baseline 0.003 -15"><span class='ocrx_word' id='word_1_113' title='bbox 77 923 222 956; x_wconf 83' lang='lat' dir='ltr'>utinam</span> <span class='ocrx_word' id='word_1_114' title='bbox 247 923 498 957; x_wconf 77' lang='lat' dir='ltr'>accidisset!“</span> <span class='ocrx_word' id='word_1_115' title='bbox 548 923 612 957; x_wconf 88' lang='lat' dir='ltr'>Sic</span> <span class='ocrx_word' id='word_1_116' title='bbox 638 923 723 956; x_wconf 87' lang='lat' dir='ltr'>dedi</span> <span class='ocrx_word' id='word_1_117' title='bbox 749 923 795 957; x_wconf 90' lang='lat' dir='ltr'>de</span> <span class='ocrx_word' id='word_1_118' title='bbox 822 924 852 957; x_wconf 90' lang='grc' dir='ltr'>Ι.</span> <span class='ocrx_word' id='word_1_119' title='bbox 880 924 943 958; x_wconf 88' lang='lat' dir='ltr'>Fr.</span> <span class='ocrx_word' id='word_1_120' title='bbox 971 925 1156 959; x_wconf 89' lang='lat' dir='ltr'>Gronovii</span> <span class='ocrx_word' id='word_1_121' title='bbox 1181 925 1401 960; x_wconf 77' lang='lat' dir='ltr'>coniectura</span> <span class='ocrx_word' id='word_1_122' title='bbox 1426 925 1558 970; x_wconf 84' lang='lat' dir='ltr'>probb.</span> 
     </span>
     <span class='ocr_line' id='line_1_18' title="bbox 16 970 1560 1017; baseline 0.001 -13"><span class='ocrx_word' id='word_1_123' title='bbox 16 1012 17 1015; x_wconf 11' lang='grc' dir='ltr'><strong>Ἴ</strong></span> <span class='ocrx_word' id='word_1_124' title='bbox 77 971 170 1004; x_wconf 84' lang='lat' dir='ltr'>Ern.</span> <span class='ocrx_word' id='word_1_125' title='bbox 205 977 241 1005; x_wconf 88' lang='lat' dir='ltr'>et</span> <span class='ocrx_word' id='word_1_126' title='bbox 275 972 386 1005; x_wconf 85' lang='lat' dir='ltr'>Beier</span> <span class='ocrx_word' id='word_1_127' title='bbox 414 970 544 1013; x_wconf 83' lang='lat' dir='ltr'>Officc.</span> <span class='ocrx_word' id='word_1_128' title='bbox 571 970 615 1004; x_wconf 89' lang='lat' dir='ltr'>T.</span> <span class='ocrx_word' id='word_1_129' title='bbox 642 973 664 1006; x_wconf 89' lang='lat'><strong>2</strong></span> <span class='ocrx_word' id='word_1_130' title='bbox 701 983 736 1016; x_wconf 89' lang='lat' dir='ltr'>p.</span> <span class='ocrx_word' id='word_1_131' title='bbox 764 973 846 1007; x_wconf 83' lang='lat'>360.</span> <span class='ocrx_word' id='word_1_132' title='bbox 880 972 976 1017; x_wconf 79' lang='lat' dir='ltr'>quod</span> <span class='ocrx_word' id='word_1_133' title='bbox 997 983 1177 1017; x_wconf 79' lang='lat' dir='ltr'>nunquam</span> <span class='ocrx_word' id='word_1_134' title='bbox 1202 984 1276 1007; x_wconf 87' lang='lat' dir='ltr'>acc.</span> <span class='ocrx_word' id='word_1_135' title='bbox 1314 973 1440 1008; x_wconf 85' lang='lat' dir='ltr'>Ceteri</span> <span class='ocrx_word' id='word_1_136' title='bbox 1473 983 1560 1007; x_wconf 88' lang='lat' dir='ltr'>cum</span> 
     </span>
     <span class='ocr_line' id='line_1_19' title="bbox 16 1018 1561 1061; baseline 0.001 -8"><span class='ocrx_word' id='word_1_137' title='bbox 16 1018 17 1023; x_wconf 71' lang='grc'>’</span> <span class='ocrx_word' id='word_1_138' title='bbox 76 1019 168 1053; x_wconf 87' lang='lat' dir='ltr'>Cdd.</span> <span class='ocrx_word' id='word_1_139' title='bbox 197 1019 307 1055; x_wconf 84' lang='lat' dir='ltr'>notis.</span> <span class='ocrx_word' id='word_1_140' title='bbox 357 1020 538 1053; x_wconf 88' lang='lat' dir='ltr'>Defendit</span> <span class='ocrx_word' id='word_1_141' title='bbox 564 1019 662 1052; x_wconf 82' lang='lat' dir='ltr'>hanc</span> <span class='ocrx_word' id='word_1_142' title='bbox 689 1020 892 1054; x_wconf 85' lang='lat' dir='ltr'>lectionem</span> <span class='ocrx_word' id='word_1_143' title='bbox 918 1020 1007 1054; x_wconf 83' lang='lat' dir='ltr'>sch.</span> <span class='ocrx_word' id='word_1_144' title='bbox 1044 1020 1084 1053; x_wconf 89' lang='lat' dir='ltr'>in</span> <span class='ocrx_word' id='word_1_145' title='bbox 1110 1021 1179 1054; x_wconf 88' lang='lat' dir='ltr'>Ed.</span> <span class='ocrx_word' id='word_1_146' title='bbox 1208 1021 1292 1055; x_wconf 80' lang='lat' dir='ltr'>mai.</span> <span class='ocrx_word' id='word_1_147' title='bbox 1329 1020 1426 1061; x_wconf 85' lang='lat' dir='ltr'>(scil.</span> <span class='ocrx_word' id='word_1_148' title='bbox 1453 1020 1561 1056; x_wconf 87' lang='lat' dir='ltr'>Cice-</span> 
     </span>
     <span class='ocr_line' id='line_1_20' title="bbox 76 1066 1560 1121; baseline 0.001 -21"><span class='ocrx_word' id='word_1_149' title='bbox 76 1077 209 1101; x_wconf 84' lang='lat' dir='ltr'>ronem</span> <span class='ocrx_word' id='word_1_150' title='bbox 243 1066 472 1121; x_wconf 82' lang='lat' dir='ltr'>significare,</span> <span class='ocrx_word' id='word_1_151' title='bbox 505 1067 612 1112; x_wconf 82' lang='lat' dir='ltr'>quasi</span> <span class='ocrx_word' id='word_1_152' title='bbox 646 1067 683 1100; x_wconf 85' lang='lat' dir='ltr'>id</span> <span class='ocrx_word' id='word_1_153' title='bbox 720 1079 790 1112; x_wconf 92' lang='lat' dir='ltr'>pro</span> <span class='ocrx_word' id='word_1_154' title='bbox 826 1074 931 1103; x_wconf 85' lang='lat' dir='ltr'>certo</span> <span class='ocrx_word' id='word_1_155' title='bbox 966 1067 1124 1103; x_wconf 83' lang='lat' dir='ltr'>haberet</span> <span class='ocrx_word' id='word_1_156' title='bbox 1156 1071 1328 1103; x_wconf 81' lang='lat' dir='ltr'>futurum</span> <span class='ocrx_word' id='word_1_157' title='bbox 1354 1069 1482 1111; x_wconf 80' lang='lat' dir='ltr'>fuisse,</span> <span class='ocrx_word' id='word_1_158' title='bbox 1519 1075 1560 1102; x_wconf 91' lang='lat' dir='ltr'>ut</span> 
     </span>
     <span class='ocr_line' id='line_1_21' title="bbox 76 1114 1559 1161; baseline 0 -12"><span class='ocrx_word' id='word_1_159' title='bbox 76 1115 260 1149; x_wconf 84' lang='lat' dir='ltr'>Antonius</span> <span class='ocrx_word' id='word_1_160' title='bbox 285 1115 536 1157; x_wconf 78' lang='lat' dir='ltr'>vinceretul).</span> <span class='ocrx_word' id='word_1_161' title='bbox 587 1114 662 1148; x_wconf 87' lang='lat' dir='ltr'>Sed</span> <span class='ocrx_word' id='word_1_162' title='bbox 687 1115 801 1148; x_wconf 87' lang='lat' dir='ltr'>nimis</span> <span class='ocrx_word' id='word_1_163' title='bbox 828 1116 956 1161; x_wconf 84' lang='lat' dir='ltr'>inepta</span> <span class='ocrx_word' id='word_1_164' title='bbox 983 1123 1037 1150; x_wconf 87' lang='lat' dir='ltr'>est</span> <span class='ocrx_word' id='word_1_165' title='bbox 1061 1116 1132 1150; x_wconf 85' lang='lat' dir='ltr'>ista</span> <span class='ocrx_word' id='word_1_166' title='bbox 1159 1117 1364 1151; x_wconf 84' lang='lat' dir='ltr'>sententia:</span> <span class='ocrx_word' id='word_1_167' title='bbox 1396 1117 1559 1160; x_wconf 79' lang='lat' dir='ltr'>„Melius</span> 
     </span>
     <span class='ocr_line' id='line_1_22' title="bbox 14 1162 1559 1208; baseline 0.001 -12"><span class='ocrx_word' id='word_1_168' title='bbox 14 1163 17 1199; x_wconf 71' lang='grc' dir='ltr'>ζ</span> <span class='ocrx_word' id='word_1_169' title='bbox 76 1163 150 1197; x_wconf 81' lang='lat' dir='ltr'>fuit</span> <span class='ocrx_word' id='word_1_170' title='bbox 172 1169 251 1197; x_wconf 89' lang='lat' dir='ltr'>tum</span> <span class='ocrx_word' id='word_1_171' title='bbox 278 1163 421 1208; x_wconf 85' lang='lat' dir='ltr'>perisse</span> <span class='ocrx_word' id='word_1_172' title='bbox 449 1174 560 1207; x_wconf 87' lang='lat' dir='ltr'>quam</span> <span class='ocrx_word' id='word_1_173' title='bbox 586 1162 680 1196; x_wconf 83' lang='lat' dir='ltr'>haec</span> <span class='ocrx_word' id='word_1_174' title='bbox 705 1163 858 1207; x_wconf 85' lang='lat' dir='ltr'>videre;</span> <span class='ocrx_word' id='word_1_175' title='bbox 886 1175 1112 1208; x_wconf 82' lang='lat' dir='ltr'>quamquam</span> <span class='ocrx_word' id='word_1_176' title='bbox 1139 1171 1244 1200; x_wconf 83' lang='lat' dir='ltr'>certo</span> <span class='ocrx_word' id='word_1_177' title='bbox 1272 1165 1348 1199; x_wconf 84' lang='lat' dir='ltr'>scio</span> <span class='ocrx_word' id='word_1_178' title='bbox 1374 1164 1461 1198; x_wconf 86' lang='lat' dir='ltr'>fieri</span> <span class='ocrx_word' id='word_1_179' title='bbox 1485 1176 1559 1199; x_wconf 88' lang='lat' dir='ltr'>non</span> 
     </span>
     <span class='ocr_line' id='line_1_23' title="bbox 78 1212 1559 1268; baseline 0.001 -23"><span class='ocrx_word' id='word_1_180' title='bbox 78 1212 257 1256; x_wconf 87' lang='lat' dir='ltr'>potuisse,</span> <span class='ocrx_word' id='word_1_181' title='bbox 294 1222 361 1244; x_wconf 85' lang='lat' dir='ltr'>nos</span> <span class='ocrx_word' id='word_1_182' title='bbox 396 1217 437 1244; x_wconf 89' lang='lat' dir='ltr'>ut</span> <span class='ocrx_word' id='word_1_183' title='bbox 471 1218 552 1245; x_wconf 84' lang='lat' dir='ltr'>tum</span> <span class='ocrx_word' id='word_1_184' title='bbox 587 1222 815 1256; x_wconf 75' lang='lat' dir='ltr'>periremus</span> <span class='ocrx_word' id='word_1_185' title='bbox 821 1212 845 1230; x_wconf 78' lang='lat'>‘⁶</span> <span class='ocrx_word' id='word_1_186' title='bbox 897 1212 932 1245; x_wconf 89' lang='lat' dir='ltr'><strong>E</strong></span> <span class='ocrx_word' id='word_1_187' title='bbox 959 1223 1033 1256; x_wconf 89' lang='lat' dir='ltr'>quo</span> <span class='ocrx_word' id='word_1_188' title='bbox 1065 1224 1153 1246; x_wconf 80' lang='lat' dir='ltr'>sane</span> <span class='ocrx_word' id='word_1_189' title='bbox 1189 1212 1454 1268; x_wconf 80' lang='lat' dir='ltr'>colligendum</span> <span class='ocrx_word' id='word_1_190' title='bbox 1491 1218 1559 1253; x_wconf 86' lang='lat' dir='ltr'>est,</span> 
     </span>
     <span class='ocr_line' id='line_1_24' title="bbox 16 1259 1560 1304; baseline 0 -11"><span class='ocrx_word' id='word_1_191' title='bbox 16 1299 18 1303; x_wconf 56' lang='lat'>.</span> <span class='ocrx_word' id='word_1_192' title='bbox 74 1260 168 1293; x_wconf 86' lang='lat' dir='ltr'>haec</span> <span class='ocrx_word' id='word_1_193' title='bbox 195 1271 341 1304; x_wconf 84' lang='lat' dir='ltr'>quoque</span> <span class='ocrx_word' id='word_1_194' title='bbox 367 1259 496 1293; x_wconf 86' lang='lat' dir='ltr'>videre</span> <span class='ocrx_word' id='word_1_195' title='bbox 525 1259 637 1294; x_wconf 81' lang='lat' dir='ltr'>satius</span> <span class='ocrx_word' id='word_1_196' title='bbox 666 1270 755 1293; x_wconf 82' lang='lat' dir='ltr'>esse.</span> <span class='ocrx_word' id='word_1_197' title='bbox 786 1260 981 1293; x_wconf 87' lang='lat' dir='ltr'>ORELLI.</span> <span class='ocrx_word' id='word_1_198' title='bbox 1025 1272 1129 1301; x_wconf 84' lang='lat' dir='ltr'>„was</span> <span class='ocrx_word' id='word_1_199' title='bbox 1156 1260 1255 1294; x_wconf 89' lang='lat' dir='ltr'>doch</span> <span class='ocrx_word' id='word_1_200' title='bbox 1281 1260 1560 1294; x_wconf 85' lang='lat' dir='ltr'>nimmermehr</span> 
     </span>
     <span class='ocr_line' id='line_1_25' title="bbox 14 1307 1559 1362; baseline 0 -22"><span class='ocrx_word' id='word_1_201' title='bbox 14 1308 16 1310; x_wconf 78' lang='grc'><strong>’</strong></span> <span class='ocrx_word' id='word_1_202' title='bbox 75 1307 293 1362; x_wconf 82' lang='lat' dir='ltr'>geschehen</span> <span class='ocrx_word' id='word_1_203' title='bbox 319 1309 434 1347; x_wconf 83' lang='lat' dir='ltr'>w‘a&#39;re‚</span> <span class='ocrx_word' id='word_1_204' title='bbox 471 1319 585 1342; x_wconf 76' lang='lat' dir='ltr'>werin</span> <span class='ocrx_word' id='word_1_205' title='bbox 618 1318 704 1342; x_wconf 79' lang='lat' dir='ltr'>man</span> <span class='ocrx_word' id='word_1_206' title='bbox 739 1307 914 1355; x_wconf 79' lang='lat' dir='ltr'>sogleich</span> <span class='ocrx_word' id='word_1_207' title='bbox 940 1308 994 1340; x_wconf 86' lang='lat' dir='ltr'>im</span> <span class='ocrx_word' id='word_1_208' title='bbox 1021 1314 1147 1342; x_wconf 80' lang='lat' dir='ltr'>ersten</span> <span class='ocrx_word' id='word_1_209' title='bbox 1172 1308 1464 1342; x_wconf 85' lang='lat' dir='ltr'>Enthusiasmus</span> <span class='ocrx_word' id='word_1_210' title='bbox 1490 1308 1559 1342; x_wconf 83' lang='lat' dir='ltr'>der</span> 
     </span>
     <span class='ocr_line' id='line_1_26' title="bbox 74 1355 1558 1402; baseline -0.001 -13"><span class='ocrx_word' id='word_1_211' title='bbox 74 1356 289 1400; x_wconf 78' lang='lat' dir='ltr'>Optimaten</span> <span class='ocrx_word' id='word_1_212' title='bbox 315 1355 392 1388; x_wconf 90' lang='lat' dir='ltr'>und</span> <span class='ocrx_word' id='word_1_213' title='bbox 419 1355 479 1390; x_wconf 83' lang='lat' dir='ltr'>bei</span> <span class='ocrx_word' id='word_1_214' title='bbox 504 1355 572 1389; x_wconf 86' lang='lat' dir='ltr'>der</span> <span class='ocrx_word' id='word_1_215' title='bbox 597 1362 726 1389; x_wconf 82' lang='lat' dir='ltr'>ersten</span> <span class='ocrx_word' id='word_1_216' title='bbox 751 1356 990 1402; x_wconf 77' lang='lat' dir='ltr'>Bestiiizung·</span> <span class='ocrx_word' id='word_1_217' title='bbox 1015 1356 1083 1389; x_wconf 87' lang='lat' dir='ltr'>der</span> <span class='ocrx_word' id='word_1_218' title='bbox 1103 1356 1326 1389; x_wconf 72' lang='lat' dir='ltr'>C’eisarianer</span> <span class='ocrx_word' id='word_1_219' title='bbox 1350 1355 1558 1391; x_wconf 82' lang='lat' dir='ltr'>querke</span> 
     </span>
     <span class='ocr_line' id='line_1_27' title="bbox 74 1403 1558 1451; baseline -0.001 -13"><span class='ocrx_word' id='word_1_220' title='bbox 74 1404 223 1438; x_wconf 86' lang='lat' dir='ltr'>schritt.</span> <span class='ocrx_word' id='word_1_221' title='bbox 230 1405 255 1422; x_wconf 90' lang='lat'>“</span> <span class='ocrx_word' id='word_1_222' title='bbox 304 1403 435 1437; x_wconf 86' lang='lat' dir='ltr'>Allein</span> <span class='ocrx_word' id='word_1_223' title='bbox 462 1404 595 1438; x_wconf 81' lang='lat' dir='ltr'>Cicero</span> <span class='ocrx_word' id='word_1_224' title='bbox 621 1406 764 1437; x_wconf 85' lang='lat' dir='ltr'>&#39;aussert</span> <span class='ocrx_word' id='word_1_225' title='bbox 789 1403 829 1436; x_wconf 90' lang='lat' dir='ltr'>in</span> <span class='ocrx_word' id='word_1_226' title='bbox 846 1403 928 1438; x_wconf 89' lang='lat' dir='ltr'>den</span> <span class='ocrx_word' id='word_1_227' title='bbox 954 1403 1161 1451; x_wconf 83' lang='lat' dir='ltr'>folgenden</span> <span class='ocrx_word' id='word_1_228' title='bbox 1180 1404 1336 1438; x_wconf 85' lang='lat' dir='ltr'>Briefen</span> <span class='ocrx_word' id='word_1_229' title='bbox 1361 1405 1464 1437; x_wconf 69' lang='lat' dir='ltr'>oster</span> <span class='ocrx_word' id='word_1_230' title='bbox 1485 1403 1558 1436; x_wconf 88' lang='lat' dir='ltr'>den</span> 
     </span>
     <span class='ocr_line' id='line_1_28' title="bbox 74 1451 1557 1498; baseline -0.001 -12"><span class='ocrx_word' id='word_1_231' title='bbox 74 1451 300 1486; x_wconf 84' lang='lat' dir='ltr'>Gedanken:</span> <span class='ocrx_word' id='word_1_232' title='bbox 340 1464 376 1485; x_wconf 86' lang='lat' dir='ltr'>es</span> <span class='ocrx_word' id='word_1_233' title='bbox 413 1451 571 1486; x_wconf 85' lang='lat' dir='ltr'>scheine</span> <span class='ocrx_word' id='word_1_234' title='bbox 606 1452 700 1486; x_wconf 85' lang='lat' dir='ltr'>ietzt</span> <span class='ocrx_word' id='word_1_235' title='bbox 732 1451 803 1486; x_wconf 85' lang='lat' dir='ltr'>mit</span> <span class='ocrx_word' id='word_1_236' title='bbox 836 1451 903 1486; x_wconf 82' lang='lat' dir='ltr'>der</span> <span class='ocrx_word' id='word_1_237' title='bbox 938 1452 1133 1498; x_wconf 82' lang='lat' dir='ltr'>Republik</span> <span class='ocrx_word' id='word_1_238' title='bbox 1158 1452 1283 1498; x_wconf 64' lang='lat' dir='ltr'>vellig</span> <span class='ocrx_word' id='word_1_239' title='bbox 1315 1463 1378 1485; x_wconf 86' lang='lat' dir='ltr'>aus</span> <span class='ocrx_word' id='word_1_240' title='bbox 1405 1464 1452 1485; x_wconf 91' lang='lat' dir='ltr'>zu</span> <span class='ocrx_word' id='word_1_241' title='bbox 1478 1452 1557 1485; x_wconf 84' lang='lat' dir='ltr'>sein</span> 
     </span>
     <span class='ocr_line' id='line_1_29' title="bbox 74 1499 1556 1547; baseline 0 -15"><span class='ocrx_word' id='word_1_242' title='bbox 74 1500 150 1533; x_wconf 88' lang='lat' dir='ltr'>und</span> <span class='ocrx_word' id='word_1_243' title='bbox 172 1512 209 1534; x_wconf 87' lang='lat' dir='ltr'>es</span> <span class='ocrx_word' id='word_1_244' title='bbox 235 1503 337 1534; x_wconf 80' lang='lat' dir='ltr'>w&#39;ale</span> <span class='ocrx_word' id='word_1_245' title='bbox 364 1500 485 1534; x_wconf 77' lang='lat' dir='ltr'>daher</span> <span class='ocrx_word' id='word_1_246' title='bbox 509 1500 637 1534; x_wconf 76' lang='lat' dir='ltr'>besser</span> <span class='ocrx_word' id='word_1_247' title='bbox 662 1512 850 1547; x_wconf 76' lang='lat' dir='ltr'>gewesen,</span> <span class='ocrx_word' id='word_1_248' title='bbox 884 1512 1012 1542; x_wconf 81' lang='lat' dir='ltr'>wenn,</span> <span class='ocrx_word' id='word_1_249' title='bbox 1051 1500 1096 1533; x_wconf 86' lang='lat' dir='ltr'>da</span> <span class='ocrx_word' id='word_1_250' title='bbox 1124 1500 1293 1533; x_wconf 85' lang='lat' dir='ltr'>einmahl</span> <span class='ocrx_word' id='word_1_251' title='bbox 1320 1501 1381 1533; x_wconf 89' lang='lat' dir='ltr'>ein</span> <span class='ocrx_word' id='word_1_252' title='bbox 1406 1499 1556 1533; x_wconf 87' lang='lat' dir='ltr'>Allein-</span> 
     </span>
     <span class='ocr_line' id='line_1_30' title="bbox 76 1548 1556 1592; baseline 0.001 -12"><span class='ocrx_word' id='word_1_253' title='bbox 76 1549 169 1582; x_wconf 87' lang='lat' dir='ltr'>herr</span> <span class='ocrx_word' id='word_1_254' title='bbox 195 1548 340 1580; x_wconf 89' lang='lat' dir='ltr'>bleiben</span> <span class='ocrx_word' id='word_1_255' title='bbox 368 1548 510 1589; x_wconf 78' lang='lat' dir='ltr'>werde,</span> <span class='ocrx_word' id='word_1_256' title='bbox 546 1548 659 1581; x_wconf 78' lang='lat' dir='ltr'>C&#39;a&#39;sar</span> <span class='ocrx_word' id='word_1_257' title='bbox 694 1549 774 1581; x_wconf 88' lang='lat' dir='ltr'>sein</span> <span class='ocrx_word' id='word_1_258' title='bbox 800 1549 928 1582; x_wconf 85' lang='lat' dir='ltr'>Leben</span> <span class='ocrx_word' id='word_1_259' title='bbox 952 1548 1132 1582; x_wconf 85' lang='lat' dir='ltr'>behalten</span> <span class='ocrx_word' id='word_1_260' title='bbox 1157 1548 1274 1582; x_wconf 67' lang='lat' dir='ltr'>h&#39;eitte.</span> <span class='ocrx_word' id='word_1_261' title='bbox 1325 1548 1429 1582; x_wconf 85' lang='lat' dir='ltr'>Dazu</span> <span class='ocrx_word' id='word_1_262' title='bbox 1454 1554 1556 1592; x_wconf 86' lang='lat' dir='ltr'>passt</span> 
     </span>
     <span class='ocr_line' id='line_1_31' title="bbox 11 1596 1557 1640; baseline 0.001 -13"><span class='ocrx_word' id='word_1_263' title='bbox 11 1613 13 1623; x_wconf 74' lang='lat'><strong><em>‹</em></strong></span> <span class='ocrx_word' id='word_1_264' title='bbox 75 1597 166 1639; x_wconf 77' lang='lat' dir='ltr'>qnod</span> <span class='ocrx_word' id='word_1_265' title='bbox 189 1596 326 1628; x_wconf 78' lang='lat' dir='ltr'>utinam</span> <span class='ocrx_word' id='word_1_266' title='bbox 353 1596 589 1629; x_wconf 54' lang='lat' dir='ltr'>accidisseffl:</span> <span class='ocrx_word' id='word_1_267' title='bbox 627 1596 750 1630; x_wconf 88' lang='lat' dir='ltr'>lieber</span> <span class='ocrx_word' id='word_1_268' title='bbox 781 1596 844 1630; x_wconf 79' lang='lat' dir='ltr'>das</span> <span class='ocrx_word' id='word_1_269' title='bbox 871 1597 1000 1630; x_wconf 84' lang='lat' dir='ltr'>Leben</span> <span class='ocrx_word' id='word_1_270' title='bbox 1025 1597 1219 1640; x_wconf 81' lang='lat' dir='ltr'>verloren,</span> <span class='ocrx_word' id='word_1_271' title='bbox 1260 1596 1314 1630; x_wconf 79' lang='lat' dir='ltr'>als</span> <span class='ocrx_word' id='word_1_272' title='bbox 1343 1602 1458 1631; x_wconf 86' lang='lat' dir='ltr'>unter</span> <span class='ocrx_word' id='word_1_273' title='bbox 1483 1597 1557 1630; x_wconf 86' lang='lat' dir='ltr'>sol-</span> 
     </span>
    </p>
   </div>
   <div class='ocr_carea' id='block_1_7' title="bbox 11 1643 1100 1693">
    <p class='ocr_par' dir='ltr' id='par_1_8' title="bbox 11 1643 1100 1693">
     <span class='ocr_line' id='line_1_32' title="bbox 11 1643 1100 1693; baseline 0.001 -16"><span class='ocrx_word' id='word_1_274' title='bbox 11 1661 14 1673; x_wconf 77' lang='grc' dir='ltr'>ι</span> <span class='ocrx_word' id='word_1_275' title='bbox 72 1644 170 1678; x_wconf 87' lang='lat' dir='ltr'>chen</span> <span class='ocrx_word' id='word_1_276' title='bbox 195 1644 473 1688; x_wconf 75' lang='lat' dir='ltr'>usurpatoren,</span> <span class='ocrx_word' id='word_1_277' title='bbox 502 1644 576 1677; x_wconf 88' lang='lat' dir='ltr'>wie</span> <span class='ocrx_word' id='word_1_278' title='bbox 603 1643 663 1677; x_wconf 87' lang='lat' dir='ltr'>die</span> <span class='ocrx_word' id='word_1_279' title='bbox 690 1644 870 1693; x_wconf 78' lang='lat' dir='ltr'>ietzigen‚</span> <span class='ocrx_word' id='word_1_280' title='bbox 897 1657 945 1678; x_wconf 89' lang='lat' dir='ltr'>zu</span> <span class='ocrx_word' id='word_1_281' title='bbox 972 1644 1100 1678; x_wconf 86' lang='lat' dir='ltr'>leben!</span> 
     </span>
    </p>
   </div>
   <div class='ocr_carea' id='block_1_8' title="bbox 0 1704 1556 2616">
    <p class='ocr_par' dir='ltr' id='par_1_9' title="bbox 0 1704 1556 2238">
     <span class='ocr_line' id='line_1_33' title="bbox 3 1704 1553 1751; baseline 0.001 -12"><span class='ocrx_word' id='word_1_282' title='bbox 3 1735 5 1743; x_wconf 69' lang='grc'>,</span> <span class='ocrx_word' id='word_1_283' title='bbox 168 1707 200 1741; x_wconf 88' lang='grc'><strong>3.</strong></span> <span class='ocrx_word' id='word_1_284' title='bbox 247 1705 355 1739; x_wconf 79' lang='lat' dir='ltr'>XIV.</span> <span class='ocrx_word' id='word_1_285' title='bbox 382 1704 470 1738; x_wconf 77' lang='lat' dir='ltr'>Kal.</span> <span class='ocrx_word' id='word_1_286' title='bbox 504 1705 588 1745; x_wconf 80' lang='lat' dir='ltr'>Mai,</span> <span class='ocrx_word' id='word_1_287' title='bbox 623 1716 682 1738; x_wconf 84' lang='lat' dir='ltr'>am</span> <span class='ocrx_word' id='word_1_288' title='bbox 722 1706 774 1741; x_wconf 78' lang='lat'>18.</span> <span class='ocrx_word' id='word_1_289' title='bbox 808 1706 934 1751; x_wconf 87' lang='lat' dir='ltr'>April.</span> <span class='ocrx_word' id='word_1_290' title='bbox 981 1723 1023 1729; x_wconf 90' lang='lat'>-—</span> <span class='ocrx_word' id='word_1_291' title='bbox 1073 1718 1151 1742; x_wconf 81' lang='lat' dir='ltr'>eum</span> <span class='ocrx_word' id='word_1_292' title='bbox 1186 1708 1328 1742; x_wconf 82' lang='lat' dir='ltr'>Balbus</span> <span class='ocrx_word' id='word_1_293' title='bbox 1356 1707 1467 1742; x_wconf 81' lang='lat' dir='ltr'>vidit.</span> <span class='ocrx_word' id='word_1_294' title='bbox 1513 1723 1553 1731; x_wconf 89' lang='lat'>-</span> 
     </span>
     <span class='ocr_line' id='line_1_34' title="bbox 2 1751 1556 1797; baseline 0.001 -11"><span class='ocrx_word' id='word_1_295' title='bbox 2 1751 11 1781; x_wconf 52' lang='lat' dir='ltr'>i*</span> <span class='ocrx_word' id='word_1_296' title='bbox 70 1764 204 1787; x_wconf 84' lang='lat' dir='ltr'>mecum</span> <span class='ocrx_word' id='word_1_297' title='bbox 231 1754 270 1786; x_wconf 88' lang='lat' dir='ltr'>in</span> <span class='ocrx_word' id='word_1_298' title='bbox 296 1753 461 1787; x_wconf 86' lang='lat' dir='ltr'>Cumano</span> <span class='ocrx_word' id='word_1_299' title='bbox 489 1753 638 1786; x_wconf 80' lang='lat' dir='ltr'>locutus</span> <span class='ocrx_word' id='word_1_300' title='bbox 664 1760 729 1789; x_wconf 82' lang='lat' dir='ltr'>est.</span> <span class='ocrx_word' id='word_1_301' title='bbox 770 1772 811 1777; x_wconf 92' lang='lat'>—</span> <span class='ocrx_word' id='word_1_302' title='bbox 845 1755 898 1787; x_wconf 73' lang='lat' dir='ltr'>ill.</span> <span class='ocrx_word' id='word_1_303' title='bbox 926 1754 1041 1789; x_wconf 64' lang='lat' dir='ltr'>ltered.</span> <span class='ocrx_word' id='word_1_304' title='bbox 1069 1757 1169 1797; x_wconf 63' lang='lat' dir='ltr'>adit„</span> <span class='ocrx_word' id='word_1_305' title='bbox 1196 1756 1278 1789; x_wconf 83' lang='lat' dir='ltr'>dass</span> <span class='ocrx_word' id='word_1_306' title='bbox 1306 1767 1348 1789; x_wconf 87' lang='lat' dir='ltr'>er</span> <span class='ocrx_word' id='word_1_307' title='bbox 1370 1755 1431 1788; x_wconf 89' lang='lat' dir='ltr'>die</span> <span class='ocrx_word' id='word_1_308' title='bbox 1457 1753 1556 1789; x_wconf 86' lang='lat' dir='ltr'>Erb-</span> 
     </span>
     <span class='ocr_line' id='line_1_35' title="bbox 2 1800 1555 1848; baseline -0.002 -11"><span class='ocrx_word' id='word_1_309' title='bbox 2 1813 13 1841; x_wconf 67' lang='grc' dir='ltr'>ι,</span> <span class='ocrx_word' id='word_1_310' title='bbox 71 1802 193 1835; x_wconf 79' lang='lat' dir='ltr'>schaft</span> <span class='ocrx_word' id='word_1_311' title='bbox 218 1802 336 1835; x_wconf 79' lang='lat' dir='ltr'>seines</span> <span class='ocrx_word' id='word_1_312' title='bbox 371 1800 636 1835; x_wconf 86' lang='lat' dir='ltr'>Grossoheims</span> <span class='ocrx_word' id='word_1_313' title='bbox 672 1808 846 1836; x_wconf 81' lang='lat' dir='ltr'>antreten</span> <span class='ocrx_word' id='word_1_314' title='bbox 880 1803 1009 1837; x_wconf 81' lang='lat' dir='ltr'>wolle.</span> <span class='ocrx_word' id='word_1_315' title='bbox 1063 1822 1105 1829; x_wconf 92' lang='lat'><em>-</em></span> <span class='ocrx_word' id='word_1_316' title='bbox 1155 1800 1445 1848; x_wconf 70' lang='grc' dir='ltr'>ῥοιζόθεμιν.</span> <span class='ocrx_word' id='word_1_317' title='bbox 1494 1802 1555 1836; x_wconf 82' lang='lat' dir='ltr'>Sic</span> 
     </span>
     <span class='ocr_line' id='line_1_36' title="bbox 2 1847 1554 1895; baseline -0.001 -12"><span class='ocrx_word' id='word_1_318' title='bbox 2 1847 11 1883; x_wconf 74' lang='grc' dir='ltr'>Ι,</span> <span class='ocrx_word' id='word_1_319' title='bbox 71 1851 150 1885; x_wconf 89' lang='lat' dir='ltr'>Bos.</span> <span class='ocrx_word' id='word_1_320' title='bbox 176 1849 274 1883; x_wconf 87' lang='lat' dir='ltr'>coni.</span> <span class='ocrx_word' id='word_1_321' title='bbox 301 1851 448 1884; x_wconf 82' lang='lat' dir='ltr'>incerta</span> <span class='ocrx_word' id='word_1_322' title='bbox 472 1850 1039 1895; x_wconf 70' lang='lat' dir='ltr'>E1n.Sch.Interp1-etantur</span> <span class='ocrx_word' id='word_1_323' title='bbox 1074 1852 1332 1885; x_wconf 79' lang='lat' dir='ltr'>turbulentam</span> <span class='ocrx_word' id='word_1_324' title='bbox 1358 1863 1384 1884; x_wconf 88' lang='lat' dir='ltr'>s.</span> <span class='ocrx_word' id='word_1_325' title='bbox 1412 1849 1554 1885; x_wconf 77' lang='lat' dir='ltr'>tumul-</span> 
     </span>
     <span class='ocr_line' id='line_1_37' title="bbox 2 1897 1551 1945; baseline -0.001 -13"><span class='ocrx_word' id='word_1_326' title='bbox 2 1902 11 1926; x_wconf 66' lang='lat' dir='ltr'>l‘</span> <span class='ocrx_word' id='word_1_327' title='bbox 71 1905 214 1932; x_wconf 77' lang='lat' dir='ltr'>tuosam</span> <span class='ocrx_word' id='word_1_328' title='bbox 242 1897 534 1932; x_wconf 83' lang='lat' dir='ltr'>contentionem.</span> <span class='ocrx_word' id='word_1_329' title='bbox 585 1898 838 1943; x_wconf 70' lang='grc' dir='ltr'>ῥιξοθεμιν</span> <span class='ocrx_word' id='word_1_330' title='bbox 863 1899 973 1941; x_wconf 80' lang='lat' dir='ltr'>(Md.)</span> <span class='ocrx_word' id='word_1_331' title='bbox 1002 1900 1225 1935; x_wconf 81' lang='lat' dir='ltr'>Vict.1.2</span> <span class='ocrx_word' id='word_1_332' title='bbox 1251 1900 1442 1945; x_wconf 74' lang='grc' dir='ltr'>ριζοθεμιν</span> <span class='ocrx_word' id='word_1_333' title='bbox 1467 1899 1551 1932; x_wconf 89' lang='lat' dir='ltr'>Asc.</span> 
     </span>
     <span class='ocr_line' id='line_1_38' title="bbox 2 1943 1551 1992; baseline -0.001 -11"><span class='ocrx_word' id='word_1_334' title='bbox 2 1946 5 1954; x_wconf 54' lang='lat'>⁵</span> <span class='ocrx_word' id='word_1_335' title='bbox 72 1949 103 1981; x_wconf 88' lang='lat' dir='ltr'>l.</span> <span class='ocrx_word' id='word_1_336' title='bbox 131 1946 230 1980; x_wconf 85' lang='lat' dir='ltr'>Crat.</span> <span class='ocrx_word' id='word_1_337' title='bbox 257 1947 394 1980; x_wconf 84' lang='lat' dir='ltr'>Graev.</span> <span class='ocrx_word' id='word_1_338' title='bbox 421 1943 625 1992; x_wconf 72' lang='grc' dir='ltr'>ῥηξόῧεαιν</span> <span class='ocrx_word' id='word_1_339' title='bbox 660 1946 704 1980; x_wconf 88' lang='lat' dir='ltr'>de</span> <span class='ocrx_word' id='word_1_340' title='bbox 739 1947 841 1981; x_wconf 85' lang='lat' dir='ltr'>Vict.</span> <span class='ocrx_word' id='word_1_341' title='bbox 877 1958 976 1991; x_wconf 84' lang='lat' dir='ltr'>susp.</span> <span class='ocrx_word' id='word_1_342' title='bbox 1010 1947 1138 1981; x_wconf 82' lang='lat' dir='ltr'>Lamb.</span> <span class='ocrx_word' id='word_1_343' title='bbox 1175 1948 1217 1989; x_wconf 88' lang='lat' dir='ltr'>(i.</span> <span class='ocrx_word' id='word_1_344' title='bbox 1245 1959 1275 1983; x_wconf 87' lang='lat' dir='ltr'>e.</span> <span class='ocrx_word' id='word_1_345' title='bbox 1304 1953 1440 1981; x_wconf 80' lang='lat' dir='ltr'>statum</span> <span class='ocrx_word' id='word_1_346' title='bbox 1467 1946 1551 1980; x_wconf 86' lang='lat' dir='ltr'>vio-</span> 
     </span>
     <span class='ocr_line' id='line_1_39' title="bbox 2 1994 1551 2039; baseline -0.001 -11"><span class='ocrx_word' id='word_1_347' title='bbox 2 2006 9 2023; x_wconf 64' lang='lat' dir='ltr'><em>r</em></span> <span class='ocrx_word' id='word_1_348' title='bbox 72 1995 230 2036; x_wconf 81' lang='lat' dir='ltr'>lentum,</span> <span class='ocrx_word' id='word_1_349' title='bbox 266 1995 307 2027; x_wconf 89' lang='lat' dir='ltr'>in</span> <span class='ocrx_word' id='word_1_350' title='bbox 340 2005 413 2039; x_wconf 89' lang='lat' dir='ltr'>quo</span> <span class='ocrx_word' id='word_1_351' title='bbox 452 2005 561 2028; x_wconf 82' lang='lat' dir='ltr'>omne</span> <span class='ocrx_word' id='word_1_352' title='bbox 594 1994 650 2028; x_wconf 86' lang='lat' dir='ltr'>ius</span> <span class='ocrx_word' id='word_1_353' title='bbox 689 1994 948 2039; x_wconf 79' lang='lat' dir='ltr'>interiuptuin</span> <span class='ocrx_word' id='word_1_354' title='bbox 985 2006 1027 2028; x_wconf 84' lang='lat' dir='ltr'>ac</span> <span class='ocrx_word' id='word_1_355' title='bbox 1056 1995 1244 2030; x_wconf 77' lang='lat' dir='ltr'>sublatum</span> <span class='ocrx_word' id='word_1_356' title='bbox 1271 2002 1337 2029; x_wconf 85' lang='lat' dir='ltr'>est.</span> <span class='ocrx_word' id='word_1_357' title='bbox 1387 1994 1551 2030; x_wconf 85' lang='lat' dir='ltr'>Deberet</span> 
     </span>
     <span class='ocr_line' id='line_1_40' title="bbox 1 2042 1550 2091; baseline -0.002 -13"><span class='ocrx_word' id='word_1_358' title='bbox 1 2044 9 2085; x_wconf 70' lang='grc' dir='ltr'>Η</span> <span class='ocrx_word' id='word_1_359' title='bbox 71 2051 197 2078; x_wconf 81' lang='lat' dir='ltr'>tamen</span> <span class='ocrx_word' id='word_1_360' title='bbox 224 2054 302 2077; x_wconf 86' lang='lat' dir='ltr'>esse</span> <span class='ocrx_word' id='word_1_361' title='bbox 328 2044 391 2089; x_wconf 52' lang='lat' dir='ltr'>Qus</span> <span class='ocrx_word' id='word_1_362' title='bbox 376 2042 555 2085; x_wconf 76' lang='grc' dir='ltr'><strong>Ξίθεμιν.)</strong></span> <span class='ocrx_word' id='word_1_363' title='bbox 581 2042 654 2076; x_wconf 87' lang='lat' dir='ltr'>OR.</span> <span class='ocrx_word' id='word_1_364' title='bbox 684 2055 747 2085; x_wconf 83' lang='lat' dir='ltr'>„es</span> <span class='ocrx_word' id='word_1_365' title='bbox 773 2042 874 2077; x_wconf 89' lang='lat' dir='ltr'>wi1d</span> <span class='ocrx_word' id='word_1_366' title='bbox 901 2043 1012 2077; x_wconf 90' lang='lat' dir='ltr'>einen</span> <span class='ocrx_word' id='word_1_367' title='bbox 1038 2043 1357 2091; x_wconf 68' lang='lat' dir='ltr'>gei&#39;auschvollen</span> <span class='ocrx_word' id='word_1_368' title='bbox 1382 2044 1550 2083; x_wconf 76' lang='lat' dir='ltr'>Process,</span> 
     </span>
     <span class='ocr_line' id='line_1_41' title="bbox 1 2090 1550 2125; baseline -0.001 -1"><span class='ocrx_word' id='word_1_369' title='bbox 1 2090 4 2123; x_wconf 77' lang='lat'>1</span> <span class='ocrx_word' id='word_1_370' title='bbox 69 2090 277 2124; x_wconf 83' lang='lat' dir='ltr'>ernstliche</span> <span class='ocrx_word' id='word_1_371' title='bbox 313 2090 463 2124; x_wconf 72' lang='lat' dir='ltr'>H&#39;zindel</span> <span class='ocrx_word' id='word_1_372' title='bbox 499 2090 696 2125; x_wconf 87' lang='lat' dir='ltr'>zwischen</span> <span class='ocrx_word' id='word_1_373' title='bbox 729 2091 812 2124; x_wconf 86' lang='lat' dir='ltr'>ihm</span> <span class='ocrx_word' id='word_1_374' title='bbox 848 2091 925 2124; x_wconf 87' lang='lat' dir='ltr'>und</span> <span class='ocrx_word' id='word_1_375' title='bbox 960 2092 1144 2125; x_wconf 85' lang='lat' dir='ltr'>Antonius</span> <span class='ocrx_word' id='word_1_376' title='bbox 1180 2092 1394 2125; x_wconf 86' lang='lat' dir='ltr'>absetzen.“</span> <span class='ocrx_word' id='word_1_377' title='bbox 1442 2092 1550 2124; x_wconf 87' lang='lat' dir='ltr'>Denn</span> 
     </span>
     <span class='ocr_line' id='line_1_42' title="bbox 1 2138 1548 2187; baseline -0.002 -14"><span class='ocrx_word' id='word_1_378' title='bbox 1 2145 9 2183; x_wconf 42' lang='lat' dir='ltr'>&lt;j</span> <span class='ocrx_word' id='word_1_379' title='bbox 70 2139 252 2173; x_wconf 80' lang='lat' dir='ltr'>Antonius</span> <span class='ocrx_word' id='word_1_380' title='bbox 279 2139 385 2173; x_wconf 81' lang='lat' dir='ltr'>hatte</span> <span class='ocrx_word' id='word_1_381' title='bbox 410 2139 504 2172; x_wconf 78' lang='lat' dir='ltr'>alles</span> <span class='ocrx_word' id='word_1_382' title='bbox 532 2138 631 2172; x_wconf 83' lang='lat' dir='ltr'>Geld</span> <span class='ocrx_word' id='word_1_383' title='bbox 656 2139 719 2172; x_wconf 85' lang='lat' dir='ltr'>des</span> <span class='ocrx_word' id='word_1_384' title='bbox 746 2139 875 2173; x_wconf 78' lang='lat' dir='ltr'>C&#39;a&#39;sais</span> <span class='ocrx_word' id='word_1_385' title='bbox 912 2139 1007 2172; x_wconf 77' lang='lat' dir='ltr'>iiber</span> <span class='ocrx_word' id='word_1_386' title='bbox 1031 2140 1092 2173; x_wconf 88' lang='lat' dir='ltr'>die</span> <span class='ocrx_word' id='word_1_387' title='bbox 1119 2140 1222 2174; x_wconf 85' lang='lat' dir='ltr'>Seite</span> <span class='ocrx_word' id='word_1_388' title='bbox 1249 2138 1448 2187; x_wconf 77' lang='lat' dir='ltr'>gebracht.</span> <span class='ocrx_word' id='word_1_389' title='bbox 1497 2138 1548 2171; x_wconf 86' lang='lat' dir='ltr'>Es</span> 
     </span>
     <span class='ocr_line' id='line_1_43' title="bbox 0 2186 1550 2238; baseline -0.001 -18"><span class='ocrx_word' id='word_1_390' title='bbox 0 2191 11 2238; x_wconf 44' lang='grc' dir='ltr'><em>ᾗ</em></span> <span class='ocrx_word' id='word_1_391' title='bbox 69 2188 155 2220; x_wconf 87' lang='lat' dir='ltr'>kam</span> <span class='ocrx_word' id='word_1_392' title='bbox 190 2187 269 2221; x_wconf 83' lang='lat' dir='ltr'>also</span> <span class='ocrx_word' id='word_1_393' title='bbox 304 2187 492 2221; x_wconf 86' lang='lat' dir='ltr'>wirklich</span> <span class='ocrx_word' id='word_1_394' title='bbox 527 2198 614 2220; x_wconf 86' lang='lat' dir='ltr'>zum</span> <span class='ocrx_word' id='word_1_395' title='bbox 642 2187 845 2221; x_wconf 76' lang='lat' dir='ltr'>schweien</span> <span class='ocrx_word' id='word_1_396' title='bbox 880 2187 1021 2221; x_wconf 78' lang='lat' dir='ltr'>Stieite</span> <span class='ocrx_word' id='word_1_397' title='bbox 1054 2188 1247 2222; x_wconf 88' lang='lat' dir='ltr'>zwischen</span> <span class='ocrx_word' id='word_1_398' title='bbox 1283 2187 1417 2221; x_wconf 84' lang='lat' dir='ltr'>beiden</span> <span class='ocrx_word' id='word_1_399' title='bbox 1455 2186 1550 2219; x_wconf 87' lang='lat' dir='ltr'>iiber</span> 
     </span>
    </p>

    <p class='ocr_par' dir='ltr' id='par_1_10' title="bbox 5 2233 1548 2616">
     <span class='ocr_line' id='line_1_44' title="bbox 68 2233 1546 2281; baseline -0.002 -12"><span class='ocrx_word' id='word_1_400' title='bbox 68 2236 130 2269; x_wconf 89' lang='lat' dir='ltr'>die</span> <span class='ocrx_word' id='word_1_401' title='bbox 154 2234 367 2270; x_wconf 82' lang='lat' dir='ltr'>Erbschaft.</span> <span class='ocrx_word' id='word_1_402' title='bbox 397 2254 438 2260; x_wconf 91' lang='lat'>—</span> <span class='ocrx_word' id='word_1_403' title='bbox 467 2246 544 2268; x_wconf 76' lang='lat' dir='ltr'>cum</span> <span class='ocrx_word' id='word_1_404' title='bbox 571 2236 733 2268; x_wconf 74' lang='lat' dir='ltr'>Antonio</span> <span class='ocrx_word' id='word_1_405' title='bbox 761 2235 843 2268; x_wconf 88' lang='lat' dir='ltr'>scil.</span> <span class='ocrx_word' id='word_1_406' title='bbox 871 2237 1038 2269; x_wconf 83' lang='lat' dir='ltr'>futuram</span> <span class='ocrx_word' id='word_1_407' title='bbox 1065 2247 1144 2270; x_wconf 90' lang='lat' dir='ltr'>esse</span> <span class='ocrx_word' id='word_1_408' title='bbox 1168 2242 1274 2281; x_wconf 86' lang='lat' dir='ltr'>puto</span> <span class='ocrx_word' id='word_1_409' title='bbox 1303 2257 1345 2261; x_wconf 91' lang='lat'><strong>—</strong></span> <span class='ocrx_word' id='word_1_410' title='bbox 1385 2233 1546 2269; x_wconf 74' lang='lat' dir='ltr'>Buthro</span> 
     </span>
     <span class='ocr_line' id='line_1_45' title="bbox 5 2283 1546 2332; baseline -0.001 -16"><span class='ocrx_word' id='word_1_411' title='bbox 5 2287 8 2332; x_wconf 52' lang='lat' dir='ltr'>l</span> <span class='ocrx_word' id='word_1_412' title='bbox 68 2284 121 2316; x_wconf 71' lang='lat' dir='ltr'>tia</span> <span class='ocrx_word' id='word_1_413' title='bbox 148 2295 218 2316; x_wconf 77' lang='lat' dir='ltr'>res</span> <span class='ocrx_word' id='word_1_414' title='bbox 247 2283 282 2317; x_wconf 90' lang='lat' dir='ltr'>S.</span> <span class='ocrx_word' id='word_1_415' title='bbox 313 2296 359 2317; x_wconf 89' lang='lat' dir='ltr'>zu</span> <span class='ocrx_word' id='word_1_416' title='bbox 386 2295 443 2328; x_wconf 77' lang='lat' dir='ltr'>ep.</span> <span class='ocrx_word' id='word_1_417' title='bbox 472 2286 554 2325; x_wconf 79' lang='lat'>691,</span> <span class='ocrx_word' id='word_1_418' title='bbox 582 2285 603 2317; x_wconf 84' lang='lat'><strong>2</strong></span> <span class='ocrx_word' id='word_1_419' title='bbox 630 2284 671 2316; x_wconf 81' lang='lat' dir='ltr'>de</span> <span class='ocrx_word' id='word_1_420' title='bbox 686 2283 908 2316; x_wconf 70' lang='lat' dir='ltr'>Buthrotiis.</span> <span class='ocrx_word' id='word_1_421' title='bbox 939 2303 980 2308; x_wconf 94' lang='lat'>-—-</span> <span class='ocrx_word' id='word_1_422' title='bbox 1015 2284 1133 2317; x_wconf 71' lang='lat' dir='ltr'>iamne</span> <span class='ocrx_word' id='word_1_423' title='bbox 1157 2285 1207 2317; x_wconf 80' lang='lat' dir='ltr'>ad</span> <span class='ocrx_word' id='word_1_424' title='bbox 1229 2288 1320 2317; x_wconf 77' lang='lat' dir='ltr'>cent.</span> <span class='ocrx_word' id='word_1_425' title='bbox 1347 2283 1430 2316; x_wconf 88' lang='lat' dir='ltr'>scil</span> <span class='ocrx_word' id='word_1_426' title='bbox 1449 2293 1546 2327; x_wconf 78' lang='lat' dir='ltr'>—per-</span> 
     </span>
     <span class='ocr_line' id='line_1_46' title="bbox 68 2330 1543 2373; baseline -0.002 -9"><span class='ocrx_word' id='word_1_427' title='bbox 68 2331 220 2365; x_wconf 79' lang='lat' dir='ltr'>ductum</span> <span class='ocrx_word' id='word_1_428' title='bbox 246 2331 295 2364; x_wconf 86' lang='lat' dir='ltr'>sit</span> <span class='ocrx_word' id='word_1_429' title='bbox 322 2331 422 2365; x_wconf 81' lang='lat' dir='ltr'>Cluv.</span> <span class='ocrx_word' id='word_1_430' title='bbox 415 2354 438 2370; x_wconf 89' lang='lat'>‚</span> <span class='ocrx_word' id='word_1_431' title='bbox 466 2331 511 2365; x_wconf 92' lang='lat' dir='ltr'>ob</span> <span class='ocrx_word' id='word_1_432' title='bbox 537 2331 602 2364; x_wconf 82' lang='lat' dir='ltr'>ich</span> <span class='ocrx_word' id='word_1_433' title='bbox 628 2332 705 2365; x_wconf 69' lang='lat' dir='ltr'>vvol</span> <span class='ocrx_word' id='word_1_434' title='bbox 730 2343 777 2364; x_wconf 90' lang='lat' dir='ltr'>zu</span> <span class='ocrx_word' id='word_1_435' title='bbox 805 2333 884 2373; x_wconf 85' lang='lat'>100,</span> <span class='ocrx_word' id='word_1_436' title='bbox 889 2333 957 2365; x_wconf 87' lang='grc'>000</span> <span class='ocrx_word' id='word_1_437' title='bbox 984 2330 1191 2366; x_wconf 82' lang='lat' dir='ltr'>Sestertien</span> <span class='ocrx_word' id='word_1_438' title='bbox 1218 2331 1432 2365; x_wconf 78' lang='lat' dir='ltr'>i&#39;a&#39;h11icher</span> <span class='ocrx_word' id='word_1_439' title='bbox 1447 2330 1543 2363; x_wconf 90' lang='lat' dir='ltr'>Ren</span> 
     </span>
     <span class='ocr_line' id='line_1_47' title="bbox 67 2377 1548 2427; baseline -0.001 -14"><span class='ocrx_word' id='word_1_440' title='bbox 67 2386 131 2413; x_wconf 84' lang='lat' dir='ltr'>ten</span> <span class='ocrx_word' id='word_1_441' title='bbox 158 2391 222 2413; x_wconf 88' lang='lat' dir='ltr'>aus</span> <span class='ocrx_word' id='word_1_442' title='bbox 246 2379 396 2413; x_wconf 77' lang='lat' dir='ltr'>meiner</span> <span class='ocrx_word' id='word_1_443' title='bbox 428 2379 736 2413; x_wconf 83' lang='lat' dir='ltr'>Cluviussischen</span> <span class='ocrx_word' id='word_1_444' title='bbox 767 2379 974 2413; x_wconf 86' lang='lat' dir='ltr'>Erbschast</span> <span class='ocrx_word' id='word_1_445' title='bbox 1009 2380 1137 2414; x_wconf 83' lang='lat' dir='ltr'>werde</span> <span class='ocrx_word' id='word_1_446' title='bbox 1174 2381 1378 2427; x_wconf 79' lang='lat' dir='ltr'>gelangen,</span> <span class='ocrx_word' id='word_1_447' title='bbox 1412 2377 1548 2411; x_wconf 80' lang='lat' dir='ltr'>darauf</span> 
     </span>
     <span class='ocr_line' id='line_1_48' title="bbox 68 2425 1544 2475; baseline -0.001 -14"><span class='ocrx_word' id='word_1_448' title='bbox 68 2426 239 2461; x_wconf 87' lang='lat' dir='ltr'>rechnen</span> <span class='ocrx_word' id='word_1_449' title='bbox 264 2427 441 2461; x_wconf 71' lang='lat' dir='ltr'>konnen?</span> <span class='ocrx_word' id='word_1_450' title='bbox 491 2428 575 2475; x_wconf 79' lang='lat' dir='ltr'>Vgl.</span> <span class='ocrx_word' id='word_1_451' title='bbox 606 2439 663 2472; x_wconf 89' lang='lat' dir='ltr'>ep</span> <span class='ocrx_word' id='word_1_452' title='bbox 693 2429 775 2468; x_wconf 82' lang='lat'><strong>691,</strong></span> <span class='ocrx_word' id='word_1_453' title='bbox 802 2429 835 2462; x_wconf 89' lang='lat'>2</span> <span class='ocrx_word' id='word_1_454' title='bbox 878 2446 925 2451; x_wconf 94' lang='lat'>—</span> <span class='ocrx_word' id='word_1_455' title='bbox 975 2428 1115 2462; x_wconf 73' lang='lat' dir='ltr'>advent.</span> <span class='ocrx_word' id='word_1_456' title='bbox 1142 2429 1298 2467; x_wconf 79' lang='lat' dir='ltr'>videtur,</span> <span class='ocrx_word' id='word_1_457' title='bbox 1332 2439 1368 2461; x_wconf 88' lang='lat' dir='ltr'>es</span> <span class='ocrx_word' id='word_1_458' title='bbox 1394 2425 1544 2459; x_wconf 79' lang='lat' dir='ltr'>scheint</span> 
     </span>
     <span class='ocr_line' id='line_1_49' title="bbox 67 2473 1546 2523; baseline -0.002 -15"><span class='ocrx_word' id='word_1_459' title='bbox 67 2475 183 2508; x_wconf 82' lang='lat' dir='ltr'>dahin</span> <span class='ocrx_word' id='word_1_460' title='bbox 210 2487 256 2507; x_wconf 81' lang='lat' dir='ltr'>zu</span> <span class='ocrx_word' id='word_1_461' title='bbox 282 2474 481 2519; x_wconf 77' lang='lat' dir='ltr'>kommen3</span> <span class='ocrx_word' id='word_1_462' title='bbox 515 2476 581 2509; x_wconf 86' lang='lat' dir='ltr'>ich</span> <span class='ocrx_word' id='word_1_463' title='bbox 607 2475 720 2509; x_wconf 84' lang='lat' dir='ltr'>denk&#39;</span> <span class='ocrx_word' id='word_1_464' title='bbox 746 2487 783 2508; x_wconf 86' lang='lat' dir='ltr'>es</span> <span class='ocrx_word' id='word_1_465' title='bbox 809 2475 924 2508; x_wconf 86' lang='lat' dir='ltr'>dahin</span> <span class='ocrx_word' id='word_1_466' title='bbox 953 2488 999 2508; x_wconf 88' lang='lat' dir='ltr'>zu</span> <span class='ocrx_word' id='word_1_467' title='bbox 1025 2476 1201 2523; x_wconf 80' lang='lat' dir='ltr'>blingen.</span> <span class='ocrx_word' id='word_1_468' title='bbox 1242 2494 1280 2501; x_wconf 90' lang='lat'>-</span> <span class='ocrx_word' id='word_1_469' title='bbox 1329 2473 1546 2508; x_wconf 79' lang='lat' dir='ltr'>detersimus</span> 
     </span>
     <span class='ocr_line' id='line_1_50' title="bbox 66 2521 1543 2568; baseline -0.003 -11"><span class='ocrx_word' id='word_1_470' title='bbox 66 2523 130 2557; x_wconf 85' lang='lat' dir='ltr'>vel</span> <span class='ocrx_word' id='word_1_471' title='bbox 164 2524 317 2556; x_wconf 83' lang='lat' dir='ltr'>omnino</span> <span class='ocrx_word' id='word_1_472' title='bbox 352 2523 377 2557; x_wconf 87' lang='lat' dir='ltr'>i.</span> <span class='ocrx_word' id='word_1_473' title='bbox 405 2535 439 2567; x_wconf 82' lang='lat' dir='ltr'>q.</span> <span class='ocrx_word' id='word_1_474' title='bbox 473 2524 641 2568; x_wconf 85' lang='lat' dir='ltr'>cepimus</span> <span class='ocrx_word' id='word_1_475' title='bbox 674 2524 735 2556; x_wconf 87' lang='lat' dir='ltr'>vel</span> <span class='ocrx_word' id='word_1_476' title='bbox 768 2523 807 2555; x_wconf 88' lang='lat' dir='ltr'>in</span> <span class='ocrx_word' id='word_1_477' title='bbox 843 2522 1143 2558; x_wconf 73' lang='lat' dir='ltr'>aedificationem</span> <span class='ocrx_word' id='word_1_478' title='bbox 1178 2523 1457 2568; x_wconf 84' lang='lat' dir='ltr'>insumpsimus.</span> <span class='ocrx_word' id='word_1_479' title='bbox 1493 2521 1543 2553; x_wconf 86' lang='lat' dir='ltr'>cf.</span> 
     </span>
     <span class='ocr_line' id='line_1_51' title="bbox 64 2570 1544 2616; baseline -0.003 -10"><span class='ocrx_word' id='word_1_480' title='bbox 64 2583 122 2616; x_wconf 81' lang='lat' dir='ltr'>ep.</span> <span class='ocrx_word' id='word_1_481' title='bbox 148 2573 228 2606; x_wconf 80' lang='lat'>691.</span> <span class='ocrx_word' id='word_1_482' title='bbox 254 2570 361 2605; x_wconf 83' lang='lat' dir='ltr'>SC&#39;II.</span> <span class='ocrx_word' id='word_1_483' title='bbox 393 2572 551 2613; x_wconf 82' lang='lat' dir='ltr'>„Haben</span> <span class='ocrx_word' id='word_1_484' title='bbox 577 2572 650 2607; x_wconf 83' lang='lat' dir='ltr'>wir</span> <span class='ocrx_word' id='word_1_485' title='bbox 676 2570 774 2606; x_wconf 84' lang='lat' dir='ltr'>doch</span> <span class='ocrx_word' id='word_1_486' title='bbox 800 2572 853 2604; x_wconf 87' lang='lat' dir='ltr'>im</span> <span class='ocrx_word' id='word_1_487' title='bbox 880 2578 1006 2606; x_wconf 80' lang='lat' dir='ltr'>ersten</span> <span class='ocrx_word' id='word_1_488' title='bbox 1032 2572 1145 2606; x_wconf 75' lang='lat' dir='ltr'>Iahie</span> <span class='ocrx_word' id='word_1_489' title='bbox 1172 2571 1292 2606; x_wconf 88' lang='lat' dir='ltr'>sehon</span> <span class='ocrx_word' id='word_1_490' title='bbox 1319 2572 1377 2612; x_wconf 82' lang='grc'>80,</span> <span class='ocrx_word' id='word_1_491' title='bbox 1381 2571 1452 2605; x_wconf 88' lang='grc'>000</span> <span class='ocrx_word' id='word_1_492' title='bbox 1478 2570 1544 2602; x_wconf 78' lang='lat' dir='ltr'>da-</span> 
     </span>
    </p>
   </div>
   <div class='ocr_carea' id='block_1_9' title="bbox 64 2618 486 2666">
    <p class='ocr_par' dir='ltr' id='par_1_11' title="bbox 64 2618 486 2666">
     <span class='ocr_line' id='line_1_52' title="bbox 64 2618 486 2666; baseline 0 -13"><span class='ocrx_word' id='word_1_493' title='bbox 64 2630 138 2653; x_wconf 85' lang='lat' dir='ltr'>von</span> <span class='ocrx_word' id='word_1_494' title='bbox 164 2618 456 2666; x_wconf 75' lang='lat' dir='ltr'>eiiigestrichen.</span> <span class='ocrx_word' id='word_1_495' title='bbox 462 2621 486 2640; x_wconf 76' lang='lat'>‘⁶</span> 
     </span>
    </p>
   </div>
   <div class='ocr_carea' id='block_1_10' title="bbox 2 2679 1547 2807">
    <p class='ocr_par' dir='ltr' id='par_1_12' title="bbox 2 2679 1547 2807">
     <span class='ocr_line' id='line_1_53' title="bbox 160 2679 1544 2728; baseline -0.002 -14"><span class='ocrx_word' id='word_1_496' title='bbox 160 2682 194 2715; x_wconf 73' lang='lat'>4.</span> <span class='ocrx_word' id='word_1_497' title='bbox 229 2680 366 2723; x_wconf 74' lang='lat' dir='ltr'>gr&#39;ccvzcc</span> <span class='ocrx_word' id='word_1_498' title='bbox 392 2679 557 2726; x_wconf 82' lang='lat' dir='ltr'>scripsit</span> <span class='ocrx_word' id='word_1_499' title='bbox 585 2681 704 2723; x_wconf 83' lang='lat' dir='ltr'>„sehr</span> <span class='ocrx_word' id='word_1_500' title='bbox 731 2681 1021 2728; x_wconf 82' lang='lat' dir='ltr'>unangenehme</span> <span class='ocrx_word' id='word_1_501' title='bbox 1047 2680 1215 2727; x_wconf 77' lang='lat' dir='ltr'>Dinge.“</span> <span class='ocrx_word' id='word_1_502' title='bbox 1250 2699 1294 2705; x_wconf 81' lang='lat'>—-</span> <span class='ocrx_word' id='word_1_503' title='bbox 1344 2679 1544 2721; x_wconf 77' lang='lat' dir='ltr'>indulgeat,</span> 
     </span>
     <span class='ocr_line' id='line_1_54' title="bbox 2 2726 1547 2807; baseline -0.002 -44"><span class='ocrx_word' id='word_1_504' title='bbox 2 2766 6 2807; x_wconf 54' lang='grc' dir='ltr'><em>ς</em></span> <span class='ocrx_word' id='word_1_505' title='bbox 67 2726 149 2762; x_wconf 78' lang='lat' dir='ltr'>sich</span> <span class='ocrx_word' id='word_1_506' title='bbox 183 2740 223 2764; x_wconf 83' lang='lat' dir='ltr'>so</span> <span class='ocrx_word' id='word_1_507' title='bbox 257 2741 351 2778; x_wconf 80' lang='lat' dir='ltr'>ganz</span> <span class='ocrx_word' id='word_1_508' title='bbox 390 2728 566 2776; x_wconf 85' lang='lat' dir='ltr'>hingebe</span> <span class='ocrx_word' id='word_1_509' title='bbox 617 2729 703 2776; x_wconf 75' lang='lat' dir='ltr'>Vgl.</span> <span class='ocrx_word' id='word_1_510' title='bbox 731 2731 812 2773; x_wconf 80' lang='grc'>693,</span> <span class='ocrx_word' id='word_1_511' title='bbox 838 2730 871 2765; x_wconf 94' lang='grc'><strong>6</strong></span> <span class='ocrx_word' id='word_1_512' title='bbox 915 2731 1037 2764; x_wconf 64' lang='lat' dir='ltr'>dotata</span> <span class='ocrx_word' id='word_1_513' title='bbox 1068 2728 1227 2771; x_wconf 28' lang='lat' dir='ltr'>Aqmfflza</span> <span class='ocrx_word' id='word_1_514' title='bbox 1275 2747 1311 2753; x_wconf 36' lang='grc' dir='ltr'><strong><em>μ</em></strong></span> <span class='ocrx_word' id='word_1_515' title='bbox 1368 2728 1547 2762; x_wconf 76' lang='lat' dir='ltr'>4rdentes</span> 
     </span>
    </p>
   </div>
  </div>
 </body>
</html>
