1795 3086
184 74 246 119 72
471 76 533 118 M.
565 42 996 119 TJCICERONIS
1026 74 1397 119 EPISTOLAE.

330 187 644 230 EPISTOLA
677 187 988 230 DCXCVIII.
1049 188 1125 236 (ad
1152 186 1242 229 Att.
1273 186 1407 227 XIV.
1440 188 1529 237 16.)

254 262 333 296 Ser.
367 262 526 296 Puteolis
555 263 593 296 iu
620 262 744 297 hortis
771 262 1043 354 Cluviagiscssf.)
1061 263 1158 296 Non.
1186 261 1268 295 Mai.
1296 261 1338 294 A.
1366 261 1411 294 U.
1439 260 1478 295 C.
1517 263 1597 296 710.

843 324 872 345 a.
933 338 941 346 .
1018 336 1024 343 .

193 378 330 411 haudat
357 376 610 420 Dolabella1n3
644 377 747 412 addit
771 378 817 412 ile
853 378 993 412 itinere
1034 388 1100 411 suo
1136 377 1177 411 in
1208 376 1426 418 Graeciam3
1475 376 1674 421 Atticoque

458 426 650 473 negotium
676 426 799 460 Tullii
826 427 993 460 Montani
1018 425 1268 460 commendat.
1308 426 1411 460 1-4,

683 493 861 528 CICERO
887 492 1069 528 ATTICO
1096 492 1132 527 S.

301 559 358 601 V.
389 559 503 602 Non.
535 562 837 603 conscendens
866 563 920 601 ab
963 560 1108 603 hortis
1149 560 1386 602 Cluvianis
1409 558 1472 600 in
1512 556 1671 614 phase—

195 615 286 654 lum
315 616 545 671 epicopum
575 616 656 658 has
687 618 794 659 dedi
825 616 996 663 literas,
1033 630 1169 671 quum
1198 616 1349 658 Piliae
1378 618 1558 656 nostrae
1586 614 1673 656 vil-

196 671 284 710 lam
333 672 391 712 ad
438 672 700 720 Lucrinum,
754 672 952 718 villicos,
1008 676 1323 727 procuratores
1371 670 1676 713 tradidissem.

196 725 298 780 Ipse
327 732 474 769 autem
505 742 558 769 eo
599 729 673 770 die
704 730 750 770 in
780 727 909 770 Paeti
937 729 1079 769 nostri
1109 727 1446 783 tyrotarichum
1474 726 1677 768 immine-

196 784 321 832 bam3
370 784 606 839 perpaucis
647 785 804 826 diebus
855 784 902 825 in
942 783 1289 839 Pompeianum:
1338 787 1441 839 post
1479 784 1526 824 in
1565 781 1681 824 haec

197 838 449 881 Puteolana
477 844 521 881 et
550 840 749 882 Cumana
778 854 916 895 regna
945 840 1225 894 renavigaro.
1259 864 1260 867 =
1284 837 1327 879 Ο
1369 840 1470 880 loca
1507 842 1680 879 cetero-

201 894 279 949 qui
307 896 442 938 valde
472 898 735 950 expetenda,
776 895 1166 951 interpellantium
1206 898 1352 936 autem
1391 893 1682 935 multitudine

136 954 150 969 f
201 964 337 1004 paene
367 951 599 1006 fugienda!
657 953 746 995 Sed
787 953 843 993 ad
882 967 974 994 rem
1014 956 1063 994 ut
1101 951 1293 1003 veniam,
1344 965 1371 992 ο
1412 951 1683 992 Dolabellae

200 1006 346 1048 nostri
375 1021 579 1063 magnam
621 1008 842 1060 ἅριστείανέ
882 1012 1046 1063 quanta
1084 1011 1153 1049 est
1191 1004 1484 1057 ἅναθεώρησιςέ
1541 1005 1683 1062 Equi-

202 1063 302 1103 dem
334 1063 519 1105 laudare
548 1078 647 1105 eum
676 1070 720 1106 et
748 1064 926 1106 hortari
963 1078 1051 1105 non
1093 1062 1272 1104 desisto,
1331 1062 1473 1105 Recte
1506 1066 1553 1104 tu
1592 1077 1684 1104 om-

202 1118 331 1159 nibus
363 1119 569 1173 epistolis
600 1120 848 1175 significas,
890 1119 1000 1174 quid
1040 1119 1098 1159 de
1128 1132 1190 1165 re,
1229 1117 1339 1172 quid
1369 1119 1424 1159 de
1453 1118 1554 1160 viro
1583 1133 1684 1160 sen-

205 1173 307 1215 tias.
368 1174 487 1216 Mihi
516 1175 697 1230 quidem
725 1175 907 1216 videtur
936 1175 1105 1216 Brutus
1142 1178 1292 1215 noster
1330 1173 1419 1215 iam
1454 1175 1527 1216 vel
1557 1188 1685 1216 coro-

205 1243 306 1270 nam
334 1243 515 1272 auream
545 1245 624 1285 per
653 1231 803 1273 forum
834 1231 955 1273 ferre
994 1244 1137 1286 posse.
1217 1228 1333 1280 Quis
1369 1231 1486 1271 enim
1523 1231 1687 1272 audeat

205 1285 393 1337 violare,
444 1286 677 1341 proposita.
725 1301 859 1329 cruce
911 1292 987 1329 aut
1036 1285 1175 1327 saxo?
1231 1286 1496 1340 praesertim
1547 1286 1687 1328 tantis

141 1370 154 1383 ι
206 1342 450 1396 plausibus,
483 1348 606 1384 tanta
635 1343 956 1398 approbatione
986 1342 1267 1383 infimorum?
1323 1340 1467 1389 Nunc,
1507 1342 1569 1384 mi
1607 1344 1688 1384 At—

208 1469 341 1516 herige
367 1470 658 1506 ausdriickliche
684 1471 781 1505 Bittc
808 1471 871 1505 des
898 1472 1045 1512 Brutus,
1082 1470 1149 1503 der
1182 1469 1250 1502 ihn
1284 1480 1352 1502 vor
1377 1470 1464 1503 dem
1486 1470 1590 1503 allen
1615 1471 1690 1516 Op-

207 1518 364 1551 timaten
393 1519 605 1565 wichtig-en
644 1522 674 1555 l.
702 1519 831 1552 Iunius
866 1532 912 1552 zu
946 1518 1133 1563 sprechen
1166 1517 1380 1560 winischte,
1415 1529 1522 1552 wozu
1554 1518 1689 1553 Cicero

210 1577 268 1599 am
298 1569 351 1602 17.
379 1566 451 1600 Mai
479 1567 577 1601 noch
604 1567 714 1602 nicht
740 1569 811 1602 fest
838 1566 1097 1602 entschlossen
1122 1578 1217 1600 war.

309 1636 338 1668 1.
394 1634 437 1669 V.
466 1635 574 1675 Non„
599 1647 657 1668 am
683 1636 717 1670 3.
747 1634 832 1668 Mai.
875 1652 916 1658 -—
964 1633 1163 1673 Cluuianis,
1196 1632 1258 1666 die
1284 1644 1356 1667 von
1382 1633 1537 1667 Cluvius
1564 1634 1693 1669 ererb-

209 1688 272 1714 ten
301 1682 415 1715 Parks
444 1684 502 1717 bei
529 1683 700 1717 Pozzuol.
740 1682 776 1717 S.
805 1693 861 1727 ep.
890 1683 973 1724 689,
1003 1685 1031 1715 l.
1074 1700 1117 1705 —-
1169 1681 1371 1725 (Ῥίεὸραηι,
1400 1681 1593 1723 ἐπίκωποι),
1622 1683 1692 1717 mit
1754 1716 1757 1722 .

211 1729 363 1763 Rudern
400 1731 611 1773 versehen3
655 1731 733 1764 also
768 1730 858 1764 kein
893 1730 1027 1777 Segel-
1066 1729 1228 1762 sondcrn
1267 1742 1338 1762 nur
1372 1730 1432 1762 ein
1466 1731 1690 1765 Ruderboot.

211 1778 268 1810 Er
291 1779 426 1813 wollte
454 1779 552 1813 nach
579 1778 665 1813 dem
691 1778 957 1824 Pompeianum
986 1777 1134 1812 sahren.
1169 1776 1205 1810 S.
1236 1778 1356 1824 vorig.
1384 1779 1444 1812 Br.
1485 1798 1528 1802 —
1563 1779 1694 1812 villam

212 1827 261 1859 ad
285 1826 478 1860 Inice-inum
504 1828 526 1861 i.
555 1840 584 1861 e.
611 1827 743 1862 villam
770 1828 973 1862 Cumanam
1000 1826 1046 1859 ad
1067 1827 1189 1860 lacum
1203 1826 1410 1860 Lucrinum
1435 1826 1557 1861 sitam.
1584 1827 1691 1861 SCH.

213 1873 248 1906 S.
276 1887 332 1919 ep.
361 1877 443 1917 693,
471 1877 492 1911 5
526 1876 572 1910 ad
600 1876 735 1910 lacum.
789 1896 829 1902 —
883 1874 1128 1916 tradidissem,
1164 1873 1334 1908 n'amlich
1367 1886 1453 1907 zum
1479 1875 1613 1909 Besitz.
1649 1895 1691 1900 ——

211 1923 308 1965 Ipse,
335 1923 428 1956 Ern.
456 1936 558 1968 susp.
603 1925 715 1968 Ipsa,
762 1924 824 1957 ich
860 1923 980 1956 selbst
1015 1921 1188 1970 gedenke
1222 1934 1268 1954 an
1304 1921 1445 1956 diesem
1472 1923 1693 1957 n'a'mlichen

213 1970 315 2017 Tage
338 1983 474 2005 unsern
500 1972 653 2005 Freund
680 1974 784 2006 P'a'tus
808 1971 867 2005 bei
892 1972 1034 2005 seinem
1053 1970 1320 2016 K‘asepudding
1343 1983 1390 2004 zu
1416 1971 1692 2016 iiberraschen3

213 2018 258 2051 ad
284 2020 435 2053 Paetum
463 2020 501 2053 in
528 2021 605 2054 eius
634 2021 769 2054 villam
797 2020 853 2053 ire
881 2019 1105 2067 cogitabam,
1143 2019 1217 2062 qui*
1242 2030 1302 2052 me
1328 2019 1427 2052 solet
1453 2020 1693 2063 tyrotaricho

212 2078 375 2110 pascere.
418 2068 526 2102 SCH.
579 2069 614 2104 S.
652 2080 708 2114 ep.
745 2070 825 2108 450,
859 2070 894 2102 9.
946 2088 984 2093 -
1040 2077 1272 2108 renavegaro.
1324 2066 1386 2100 Sic
1422 2067 1509 2101 Cod.
1539 2069 1693 2104 Decurt.

212 2117 294 2148 Bos.
326 2116 461 2152 Graev.
489 2116 576 2150 Sch.
603 2118 672 2151 Est
697 2117 796 2150 illud
821 2117 990 2149 futurum
1018 2122 1200 2156 exactum,
1226 2115 1325 2159 quod
1344 2116 1693 2160 frequentissimum

211 2164 309 2208 apud
346 2164 518 2198 Comicos
556 2165 715 2199 actionis
751 2164 1043 2210 praemeditatae
1080 2163 1322 2196 celerrimam
1363 2175 1405 2196 ac
1438 2164 1556 2197 veluti
1594 2176 1694 2200 nunc

210 2212 334 2256 ipsum
363 2212 511 2245 iamiam
541 2213 715 2247 effectam
741 2212 1021 2258 perfectionem
1047 2211 1247 2258 significat.
1276 2212 1694 2253 renavigaemushamb.

212 2261 306 2294 coni.
352 2261 571 2302 renavigare
599 2262 743 2295 Priores
770 2267 805 2294 el
831 2261 925 2294 Ern.
952 2261 1045 2293 Liin.
1073 2271 1158 2292 cum
1185 2260 1261 2296 Md.
1289 2260 1402 2293 oxon.
1430 2262 1462 2293 1.
1486 2261 1520 2295 2.
1563 2261 1629 2296 Cd.
1657 2264 1696 2296 in

213 2321 263 2342 ni.
294 2310 395 2344 1584.
437 2309 632 2343 ORELLI.
662 2328 702 2334 —
740 2308 936 2353 ceteroqui,
965 2309 1003 2341 in
1029 2307 1134 2342 ieder
1159 2307 1303 2342 andern
1330 2307 1519 2342 Hinsieht.
1556 2327 1597 2333 ——
1638 2313 1695 2345 in-

215 2358 369 2401 ter-pell„
397 2357 463 2390 der
489 2357 688 2391 st'orenden
713 2356 915 2391 Besucher.

309 2421 343 2456 2.
391 2417 414 2451 ιὶ
425 2420 658 2463 (martiar,
686 2418 924 2464 praeclarum
952 2416 1107 2453 facinus,
1142 2416 1224 2450 vid.
1251 2427 1308 2462 ep.
1338 2418 1514 2462 praeced.
1541 2437 1583 2444 —
1611 2418 1696 2453 Icor—

214 2468 302 2508 tari,
330 2469 634 2501 auszumuntern.
686 2485 727 2491 -
779 2476 952 2500 coronam
984 2476 1135 2499 auream
1169 2465 1276 2500 velut
1304 2466 1543 2512 triumphum
1569 2479 1694 2515 agens.

215 2516 446 2550 ERNESTI.
477 2537 516 2542 --
545 2527 613 2559 per
638 2530 685 2547 Ξ
714 2514 815 2547 iiber.
848 2533 888 2538 —
917 2514 1069 2554 violare,
1104 2513 1186 2547 sich
1211 2525 1258 2547 an
1283 2513 1364 2547 ihm
1391 2527 1438 2548 zu
1464 2516 1697 2564 vergreifen.

214 2564 369 2597 laudare
396 2564 466 2597 Md.
493 2577 512 2597 a
538 2575 595 2609 pr.
624 2576 673 2597 m.
701 2562 789 2597 cdd.
817 2562 916 2596 Bosii
942 2563 1022 2596 Bos.
1049 2562 1158 2596 Grut.
1187 2562 1319 2596 Ortum
1346 2563 1419 2597 hoc
1446 2570 1501 2598 est
1528 2576 1597 2598 ex:
1623 2565 1696 2597 lae-

215 2613 319 2646 dere.-
348 2612 447 2657 quod
474 2612 745 2646 restituendum
770 2622 915 2645 censeo.
961 2610 1154 2645 ORELLI.
1206 2631 1248 2636 —
1301 2613 1507 2655 proposita,
1541 2612 1586 2645 da
1613 2638 1622 2645 .
1651 2636 1658 2643 .
1688 2638 1693 2643 .

216 2661 353 2694 darauf
374 2660 501 2702 steht3
541 2660 616 2694 wie
653 2659 845 2695 Dolabella
883 2659 1033 2707 gezeigt
1066 2658 1145 2692 hat.
1197 2677 1238 2683 —
1291 2659 1510 2700 infimorum.
1562 2661 1697 2694 Cicero

217 2708 367 2742 §che-int
391 2708 485 2741 diess
514 2721 586 2742 nur
611 2720 674 2742 aus
701 2707 907 2753 Schonung
933 2719 1059 2753 geg-en
1084 2706 1250 2748 Affikus,
1285 2707 1354 2741 der
1386 2707 1467 2741 ihm
1495 2708 1577 2742 sein
1603 2710 1699 2743 fort-

218 2755 424 2791 dauerndes
452 2757 674 2792 Misstraucn
702 2756 912 2792 verwicscu
934 2748 1056 2799 hatte,
1089 2768 1135 2790 zu
1160 2755 1367 2791 schreiben.
1421 2759 1527 2793 Denn
1554 2769 1594 2792 er
1619 2763 1697 2802 sagt
