<?xml version="1.0" encoding="UTF-8"?>
<!DOCTYPE html PUBLIC "-//W3C//DTD XHTML 1.0 Transitional//EN"
    "http://www.w3.org/TR/xhtml1/DTD/xhtml1-transitional.dtd">
<html xmlns="http://www.w3.org/1999/xhtml" xml:lang="en" lang="en">
 <head>
  <title>
</title>
<meta http-equiv="Content-Type" content="text/html;charset=utf-8" />
  <meta name='ocr-system' content='tesseract 3.04.00' />
  <meta name='ocr-capabilities' content='ocr_page ocr_carea ocr_par ocr_line ocrx_word'/>
</head>
<body>
  <div class='ocr_page' id='page_1' title='image "./epistolaeadattic04ciceuoft_0019.png"; bbox 0 0 1795 3086; ppageno 0'>
   <div class='ocr_carea' id='block_1_1' title="bbox 531 92 1578 141">
    <p class='ocr_par' dir='ltr' id='par_1_1' title="bbox 531 92 1578 141">
     <span class='ocr_line' id='line_1_1' title="bbox 531 92 1578 141; baseline 0.004 -4"><span class='ocrx_word' id='word_1_1' title='bbox 531 92 850 137; x_wconf 78' lang='lat' dir='ltr'>EPISTOLA</span> <span class='ocrx_word' id='word_1_2' title='bbox 890 93 1128 137; x_wconf 86' lang='lat' dir='ltr'><strong>DCLVII.</strong></span> <span class='ocrx_word' id='word_1_3' title='bbox 1547 94 1578 141; x_wconf 84' lang='grc'><strong>9</strong></span> 
     </span>
    </p>
   </div>
   <div class='ocr_carea' id='block_1_2' title="bbox 89 204 1578 428">
    <p class='ocr_par' dir='ltr' id='par_1_2' title="bbox 89 204 1578 428">
     <span class='ocr_line' id='line_1_2' title="bbox 90 204 1578 261; baseline -0.001 -11"><span class='ocrx_word' id='word_1_4' title='bbox 90 206 405 250; x_wconf 70' lang='lat' dir='ltr'>urbanitatem:</span> <span class='ocrx_word' id='word_1_5' title='bbox 442 207 493 247; x_wconf 88' lang='lat' dir='ltr'>ut</span> <span class='ocrx_word' id='word_1_6' title='bbox 521 205 797 260; x_wconf 84' lang='lat' dir='ltr'>Pomponius</span> <span class='ocrx_word' id='word_1_7' title='bbox 828 208 978 247; x_wconf 77' lang='lat' dir='ltr'>noster</span> <span class='ocrx_word' id='word_1_8' title='bbox 1007 219 1086 248; x_wconf 92' lang='lat' dir='ltr'>suo</span> <span class='ocrx_word' id='word_1_9' title='bbox 1113 204 1209 247; x_wconf 85' lang='lat' dir='ltr'>iure</span> <span class='ocrx_word' id='word_1_10' title='bbox 1239 205 1381 261; x_wconf 80' lang='lat' dir='ltr'>possit</span> <span class='ocrx_word' id='word_1_11' title='bbox 1410 206 1578 260; x_wconf 79' lang='lat' dir='ltr'>dicere,</span> 
     </span>
     <span class='ocr_line' id='line_1_3' title="bbox 89 261 1578 317; baseline -0.001 -10"><span class='ocrx_word' id='word_1_12' title='bbox 89 266 186 307; x_wconf 75' lang='lat' dir='ltr'>nisi</span> <span class='ocrx_word' id='word_1_13' title='bbox 223 277 311 306; x_wconf 76' lang='lat' dir='ltr'>nos</span> <span class='ocrx_word' id='word_1_14' title='bbox 347 262 488 317; x_wconf 73' lang='lat' dir='ltr'>pauci</span> <span class='ocrx_word' id='word_1_15' title='bbox 524 263 815 306; x_wconf 74' lang='lat' dir='ltr'>retineamus</span> <span class='ocrx_word' id='word_1_16' title='bbox 851 262 1045 314; x_wconf 74' lang='lat' dir='ltr'>ylorz‘am</span> <span class='ocrx_word' id='word_1_17' title='bbox 1084 263 1322 315; x_wconf 75' lang='lat' dir='ltr'>antiquam</span> <span class='ocrx_word' id='word_1_18' title='bbox 1359 261 1578 306; x_wconf 77' lang='lat' dir='ltr'>Alliccmz.</span> 
     </span>
     <span class='ocr_line' id='line_1_4' title="bbox 90 316 1578 375; baseline 0 -14"><span class='ocrx_word' id='word_1_19' title='bbox 90 322 212 375; x_wconf 77' lang='lat' dir='ltr'>Ergo</span> <span class='ocrx_word' id='word_1_20' title='bbox 255 320 295 361; x_wconf 86' lang='lat' dir='ltr'>is</span> <span class='ocrx_word' id='word_1_21' title='bbox 334 319 441 371; x_wconf 84' lang='lat' dir='ltr'>tibi,</span> <span class='ocrx_word' id='word_1_22' title='bbox 482 331 561 361; x_wconf 86' lang='lat' dir='ltr'>nos</span> <span class='ocrx_word' id='word_1_23' title='bbox 601 318 643 359; x_wconf 81' lang='lat' dir='ltr'>ei</span> <span class='ocrx_word' id='word_1_24' title='bbox 683 316 973 359; x_wconf 78' lang='lat' dir='ltr'>succedimus.</span> <span class='ocrx_word' id='word_1_25' title='bbox 1042 317 1161 359; x_wconf 74' lang='lat' dir='ltr'>Veni</span> <span class='ocrx_word' id='word_1_26' title='bbox 1197 319 1357 372; x_wconf 79' lang='lat' dir='ltr'>igitur,</span> <span class='ocrx_word' id='word_1_27' title='bbox 1398 333 1578 374; x_wconf 72' lang='lat' dir='ltr'>quaeso,</span> 
     </span>
     <span class='ocr_line' id='line_1_5' title="bbox 90 373 1549 428; baseline -0.001 -10"><span class='ocrx_word' id='word_1_28' title='bbox 90 391 144 418; x_wconf 79' lang='lat' dir='ltr'>uc</span> <span class='ocrx_word' id='word_1_29' title='bbox 173 382 319 418; x_wconf 78' lang='lat' dir='ltr'>tamen</span> <span class='ocrx_word' id='word_1_30' title='bbox 347 388 497 417; x_wconf 84' lang='lat' dir='ltr'>semen</span> <span class='ocrx_word' id='word_1_31' title='bbox 526 373 788 416; x_wconf 80' lang='lat' dir='ltr'>urbanitatis</span> <span class='ocrx_word' id='word_1_32' title='bbox 819 385 906 414; x_wconf 87' lang='lat' dir='ltr'>una</span> <span class='ocrx_word' id='word_1_33' title='bbox 935 386 1035 414; x_wconf 85' lang='lat' dir='ltr'>cum</span> <span class='ocrx_word' id='word_1_34' title='bbox 1064 386 1113 414; x_wconf 81' lang='lat' dir='ltr'>re</span> <span class='ocrx_word' id='word_1_35' title='bbox 1141 376 1316 428; x_wconf 82' lang='lat' dir='ltr'>publica</span> <span class='ocrx_word' id='word_1_36' title='bbox 1343 375 1549 417; x_wconf 78' lang='lat' dir='ltr'>intereat.</span> 
     </span>
    </p>
   </div>
   <div class='ocr_carea' id='block_1_3' title="bbox 90 528 1580 913">
    <p class='ocr_par' dir='ltr' id='par_1_3' title="bbox 90 528 1580 913">
     <span class='ocr_line' id='line_1_6' title="bbox 91 528 1578 575; baseline 0.001 -10"><span class='ocrx_word' id='word_1_37' title='bbox 91 532 144 565; x_wconf 83' lang='lat' dir='ltr'>sie</span> <span class='ocrx_word' id='word_1_38' title='bbox 169 530 394 575; x_wconf 78' lang='lat' dir='ltr'>wenigstens</span> <span class='ocrx_word' id='word_1_39' title='bbox 418 532 533 564; x_wconf 71' lang='lat' dir='ltr'>Fi&#39;xsse</span> <span class='ocrx_word' id='word_1_40' title='bbox 558 529 693 563; x_wconf 56' lang='lat' dir='ltr'>hatten</span> <span class='ocrx_word' id='word_1_41' title='bbox 718 528 753 562; x_wconf 82' lang='grc'>(1.</span> <span class='ocrx_word' id='word_1_42' title='bbox 785 528 811 562; x_wconf 87' lang='lat' dir='ltr'>i.</span> <span class='ocrx_word' id='word_1_43' title='bbox 839 528 922 563; x_wconf 80' lang='lat' dir='ltr'>sich</span> <span class='ocrx_word' id='word_1_44' title='bbox 952 528 1240 574; x_wconf 83' lang='lat' dir='ltr'>beschleunigen</span> <span class='ocrx_word' id='word_1_45' title='bbox 1272 531 1415 566; x_wconf 84' lang='lat' dir='ltr'>liessen.</span> <span class='ocrx_word' id='word_1_46' title='bbox 1442 551 1487 558; x_wconf 92' lang='lat'>-—</span> <span class='ocrx_word' id='word_1_47' title='bbox 1512 544 1578 567; x_wconf 84' lang='lat' dir='ltr'>ur-</span> 
     </span>
     <span class='ocr_line' id='line_1_7' title="bbox 90 578 1578 627; baseline 0.001 -13"><span class='ocrx_word' id='word_1_48' title='bbox 90 579 313 622; x_wconf 77' lang='lat' dir='ltr'>banitatem,</span> <span class='ocrx_word' id='word_1_49' title='bbox 357 578 426 612; x_wconf 86' lang='lat' dir='ltr'>der</span> <span class='ocrx_word' id='word_1_50' title='bbox 459 580 580 620; x_wconf 82' lang='lat' dir='ltr'>feine,</span> <span class='ocrx_word' id='word_1_51' title='bbox 621 578 743 611; x_wconf 86' lang='lat' dir='ltr'>durch</span> <span class='ocrx_word' id='word_1_52' title='bbox 775 578 890 611; x_wconf 54' lang='lat' dir='ltr'>xVitz</span> <span class='ocrx_word' id='word_1_53' title='bbox 922 578 1001 611; x_wconf 85' lang='lat' dir='ltr'>und</span> <span class='ocrx_word' id='word_1_54' title='bbox 1027 579 1151 611; x_wconf 80' lang='lat' dir='ltr'>Laune</span> <span class='ocrx_word' id='word_1_55' title='bbox 1176 581 1364 623; x_wconf 70' lang='lat' dir='ltr'>gewijrzte</span> <span class='ocrx_word' id='word_1_56' title='bbox 1390 582 1578 627; x_wconf 78' lang='lat' dir='ltr'>Umgang,</span> 
     </span>
     <span class='ocr_line' id='line_1_8' title="bbox 90 625 1579 670; baseline 0.001 -9"><span class='ocrx_word' id='word_1_57' title='bbox 90 628 277 662; x_wconf 80' lang='lat' dir='ltr'>Stadtton.</span> <span class='ocrx_word' id='word_1_58' title='bbox 310 645 355 652; x_wconf 90' lang='grc'>-</span> <span class='ocrx_word' id='word_1_59' title='bbox 390 637 454 661; x_wconf 81' lang='lat' dir='ltr'>suo</span> <span class='ocrx_word' id='word_1_60' title='bbox 488 628 592 668; x_wconf 77' lang='lat' dir='ltr'>iure,</span> <span class='ocrx_word' id='word_1_61' title='bbox 632 627 704 660; x_wconf 89' lang='lat' dir='ltr'>mit</span> <span class='ocrx_word' id='word_1_62' title='bbox 736 625 872 659; x_wconf 85' lang='lat' dir='ltr'>vollem</span> <span class='ocrx_word' id='word_1_63' title='bbox 909 625 990 659; x_wconf 86' lang='lat' dir='ltr'>ihm</span> <span class='ocrx_word' id='word_1_64' title='bbox 1030 627 1301 670; x_wconf 68' lang='lat' dir='ltr'>gebuhrenden</span> <span class='ocrx_word' id='word_1_65' title='bbox 1337 629 1498 667; x_wconf 72' lang='lat' dir='ltr'>Reehte.</span> <span class='ocrx_word' id='word_1_66' title='bbox 1530 649 1579 655; x_wconf 93' lang='lat'>—</span> 
     </span>
     <span class='ocr_line' id='line_1_9' title="bbox 91 673 1579 722; baseline 0.002 -14"><span class='ocrx_word' id='word_1_67' title='bbox 91 676 164 709; x_wconf 76' lang='lat' dir='ltr'>nisi</span> <span class='ocrx_word' id='word_1_68' title='bbox 189 700 198 710; x_wconf 90' lang='lat'><strong>.</strong></span> <span class='ocrx_word' id='word_1_69' title='bbox 225 700 234 710; x_wconf 88' lang='lat'>.</span> <span class='ocrx_word' id='word_1_70' title='bbox 260 675 442 716; x_wconf 80' lang='lat' dir='ltr'>Atticam,</span> <span class='ocrx_word' id='word_1_71' title='bbox 482 687 594 709; x_wconf 88' lang='lat' dir='ltr'>wenn</span> <span class='ocrx_word' id='word_1_72' title='bbox 623 675 709 709; x_wconf 80' lang='lat' dir='ltr'>Wir</span> <span class='ocrx_word' id='word_1_73' title='bbox 750 675 918 718; x_wconf 81' lang='lat' dir='ltr'>wenigen</span> <span class='ocrx_word' id='word_1_74' title='bbox 952 673 1060 709; x_wconf 84' lang='lat' dir='ltr'>nicht</span> <span class='ocrx_word' id='word_1_75' title='bbox 1095 676 1194 708; x_wconf 87' lang='lat' dir='ltr'>noch</span> <span class='ocrx_word' id='word_1_76' title='bbox 1227 676 1299 709; x_wconf 80' lang='lat' dir='ltr'>den</span> <span class='ocrx_word' id='word_1_77' title='bbox 1340 677 1579 722; x_wconf 77' lang='lat' dir='ltr'>wohlherge-</span> 
     </span>
     <span class='ocr_line' id='line_1_10' title="bbox 90 721 1578 771; baseline 0.002 -15"><span class='ocrx_word' id='word_1_78' title='bbox 90 724 276 757; x_wconf 81' lang='lat' dir='ltr'>brachten</span> <span class='ocrx_word' id='word_1_79' title='bbox 307 723 433 758; x_wconf 85' lang='lat' dir='ltr'>Ruhm</span> <span class='ocrx_word' id='word_1_80' title='bbox 467 723 660 758; x_wconf 80' lang='lat' dir='ltr'>Attischer</span> <span class='ocrx_word' id='word_1_81' title='bbox 690 721 866 757; x_wconf 81' lang='lat' dir='ltr'>Feinheit</span> <span class='ocrx_word' id='word_1_82' title='bbox 901 725 1086 757; x_wconf 83' lang='lat' dir='ltr'>retteten!</span> <span class='ocrx_word' id='word_1_83' title='bbox 1127 724 1222 758; x_wconf 84' lang='lat' dir='ltr'>Eine</span> <span class='ocrx_word' id='word_1_84' title='bbox 1256 725 1507 771; x_wconf 83' lang='lat' dir='ltr'>Aposiopesis.</span> <span class='ocrx_word' id='word_1_85' title='bbox 1533 745 1578 752; x_wconf 84' lang='lat'>—</span> 
     </span>
     <span class='ocr_line' id='line_1_11' title="bbox 92 771 1578 817; baseline 0.001 -11"><span class='ocrx_word' id='word_1_86' title='bbox 92 773 199 814; x_wconf 78' lang='lat' dir='ltr'>Ergo</span> <span class='ocrx_word' id='word_1_87' title='bbox 228 794 238 805; x_wconf 87' lang='lat'><strong>.</strong></span> <span class='ocrx_word' id='word_1_88' title='bbox 266 797 274 805; x_wconf 90' lang='lat'><strong><em>.</em></strong></span> <span class='ocrx_word' id='word_1_89' title='bbox 303 797 312 807; x_wconf 90' lang='lat'><em>.</em></span> <span class='ocrx_word' id='word_1_90' title='bbox 338 773 498 815; x_wconf 62' lang='lat' dir='ltr'>succed„</span> <span class='ocrx_word' id='word_1_91' title='bbox 535 784 611 806; x_wconf 80' lang='lat' dir='ltr'>uun</span> <span class='ocrx_word' id='word_1_92' title='bbox 638 772 733 805; x_wconf 80' lang='lat' dir='ltr'>deun</span> <span class='ocrx_word' id='word_1_93' title='bbox 759 782 800 805; x_wconf 85' lang='lat' dir='ltr'>er</span> <span class='ocrx_word' id='word_1_94' title='bbox 826 771 922 817; x_wconf 84' lang='lat' dir='ltr'>folgt</span> <span class='ocrx_word' id='word_1_95' title='bbox 947 772 1013 805; x_wconf 82' lang='lat' dir='ltr'>anf</span> <span class='ocrx_word' id='word_1_96' title='bbox 1036 771 1158 815; x_wconf 88' lang='lat' dir='ltr'>Dich‚</span> <span class='ocrx_word' id='word_1_97' title='bbox 1193 773 1271 807; x_wconf 84' lang='lat' dir='ltr'>und</span> <span class='ocrx_word' id='word_1_98' title='bbox 1304 773 1370 807; x_wconf 86' lang='lat' dir='ltr'>ich</span> <span class='ocrx_word' id='word_1_99' title='bbox 1404 775 1468 808; x_wconf 80' lang='lat' dir='ltr'>auf</span> <span class='ocrx_word' id='word_1_100' title='bbox 1500 775 1578 808; x_wconf 80' lang='lat' dir='ltr'>ibn,</span> 
     </span>
     <span class='ocr_line' id='line_1_12' title="bbox 92 820 1580 867; baseline 0.003 -14"><span class='ocrx_word' id='word_1_101' title='bbox 92 839 137 844; x_wconf 94' lang='lat'>—</span> <span class='ocrx_word' id='word_1_102' title='bbox 163 824 289 854; x_wconf 81' lang='lat' dir='ltr'>lamen.</span> <span class='ocrx_word' id='word_1_103' title='bbox 315 821 432 867; x_wconf 81' lang='lat' dir='ltr'>Neap.</span> <span class='ocrx_word' id='word_1_104' title='bbox 461 821 542 854; x_wconf 86' lang='lat' dir='ltr'>Asc.</span> <span class='ocrx_word' id='word_1_105' title='bbox 570 823 602 855; x_wconf 88' lang='lat'>1.</span> <span class='ocrx_word' id='word_1_106' title='bbox 630 822 732 854; x_wconf 86' lang='lat' dir='ltr'>Crat.</span> <span class='ocrx_word' id='word_1_107' title='bbox 759 820 891 854; x_wconf 82' lang='lat' dir='ltr'>Lamb.</span> <span class='ocrx_word' id='word_1_108' title='bbox 917 823 1054 854; x_wconf 77' lang='lat' dir='ltr'>tantum</span> <span class='ocrx_word' id='word_1_109' title='bbox 1086 832 1133 854; x_wconf 86' lang='lat' dir='ltr'>ex-</span> <span class='ocrx_word' id='word_1_110' title='bbox 1168 821 1322 867; x_wconf 80' lang='lat' dir='ltr'>antiqua</span> <span class='ocrx_word' id='word_1_111' title='bbox 1358 823 1456 856; x_wconf 87' lang='lat' dir='ltr'>coni.</span> <span class='ocrx_word' id='word_1_112' title='bbox 1505 824 1580 858; x_wconf 66' lang='lat' dir='ltr'>Ne⁴²</span> 
     </span>
     <span class='ocr_line' id='line_1_13' title="bbox 91 867 1409 913; baseline 0.002 -10"><span class='ocrx_word' id='word_1_113' title='bbox 91 880 205 904; x_wconf 83' lang='lat' dir='ltr'>mone</span> <span class='ocrx_word' id='word_1_114' title='bbox 230 869 390 905; x_wconf 78' lang='lat' dir='ltr'>tandem!</span> <span class='ocrx_word' id='word_1_115' title='bbox 417 870 492 905; x_wconf 72' lang='grc' dir='ltr'>ΟΝ.</span> <span class='ocrx_word' id='word_1_116' title='bbox 519 888 563 895; x_wconf 90' lang='grc'><strong>-</strong></span> <span class='ocrx_word' id='word_1_117' title='bbox 589 879 725 913; x_wconf 82' lang='lat' dir='ltr'><strong><em>semen,</em></strong></span> <span class='ocrx_word' id='word_1_118' title='bbox 752 868 845 904; x_wconf 84' lang='lat' dir='ltr'>aller</span> <span class='ocrx_word' id='word_1_119' title='bbox 870 867 985 904; x_wconf 81' lang='lat' dir='ltr'>oder</span> <span class='ocrx_word' id='word_1_120' title='bbox 1011 869 1079 905; x_wconf 84' lang='lat' dir='ltr'>der</span> <span class='ocrx_word' id='word_1_121' title='bbox 1103 870 1217 905; x_wconf 84' lang='lat' dir='ltr'>letzte</span> <span class='ocrx_word' id='word_1_122' title='bbox 1242 872 1409 907; x_wconf 76' lang='lat' dir='ltr'>Saamen.</span> 
     </span>
    </p>
   </div>
  </div>
 </body>
</html>
