<?xml version="1.0" encoding="UTF-8"?>
<!DOCTYPE html PUBLIC "-//W3C//DTD XHTML 1.0 Transitional//EN"
    "http://www.w3.org/TR/xhtml1/DTD/xhtml1-transitional.dtd">
<html xmlns="http://www.w3.org/1999/xhtml" xml:lang="en" lang="en">
 <head>
  <title>
</title>
<meta http-equiv="Content-Type" content="text/html;charset=utf-8" />
  <meta name='ocr-system' content='tesseract 3.04.00' />
  <meta name='ocr-capabilities' content='ocr_page ocr_carea ocr_par ocr_line ocrx_word'/>
</head>
<body>
  <div class='ocr_page' id='page_1' title='image "./epistolaeadattic04ciceuoft_0255.png"; bbox 0 0 1795 3086; ppageno 0'>
   <div class='ocr_carea' id='block_1_1' title="bbox 2 17 1537 126">
    <p class='ocr_par' dir='ltr' id='par_1_1' title="bbox 2 17 1537 126">
     <span class='ocr_line' id='line_1_1' title="bbox 2 17 1537 126; baseline -0.005 -29"><span class='ocrx_word' id='word_1_1' title='bbox 2 17 6 126; x_wconf 49' lang='grc' dir='ltr'><strong><em>ἱ</em></strong></span> <span class='ocrx_word' id='word_1_2' title='bbox 423 48 740 95; x_wconf 81' lang='lat' dir='ltr'>EPls-TOLA</span> <span class='ocrx_word' id='word_1_3' title='bbox 771 46 1125 92; x_wconf 83' lang='lat' dir='ltr'>DCCLXXXI.</span> <span class='ocrx_word' id='word_1_4' title='bbox 1442 43 1537 91; x_wconf 73' lang='lat'>215</span> 
     </span>
    </p>
   </div>
   <div class='ocr_carea' id='block_1_2' title="bbox 163 156 1425 277">
    <p class='ocr_par' dir='ltr' id='par_1_2' title="bbox 163 156 1425 277">
     <span class='ocr_line' id='line_1_2' title="bbox 163 156 1425 212; baseline -0.01 -2"><span class='ocrx_word' id='word_1_5' title='bbox 163 163 486 210; x_wconf 82' lang='lat' dir='ltr'><strong>EPISTOLA</strong></span> <span class='ocrx_word' id='word_1_6' title='bbox 517 159 872 204; x_wconf 89' lang='lat' dir='ltr'>DCCLXXXI.</span> <span class='ocrx_word' id='word_1_7' title='bbox 932 161 1008 212; x_wconf 88' lang='lat' dir='ltr'>(ad</span> <span class='ocrx_word' id='word_1_8' title='bbox 1038 160 1143 202; x_wconf 87' lang='lat' dir='ltr'>Div.</span> <span class='ocrx_word' id='word_1_9' title='bbox 1170 156 1305 201; x_wconf 88' lang='lat' dir='ltr'><strong>XVI.</strong></span> <span class='ocrx_word' id='word_1_10' title='bbox 1337 157 1425 206; x_wconf 85' lang='lat'><strong>27.)</strong></span> 
     </span>
     <span class='ocr_line' id='line_1_3' title="bbox 208 232 1365 277; baseline -0.007 -2"><span class='ocrx_word' id='word_1_11' title='bbox 208 240 290 275; x_wconf 88' lang='lat' dir='ltr'>Ser.</span> <span class='ocrx_word' id='word_1_12' title='bbox 317 240 455 275; x_wconf 85' lang='lat' dir='ltr'>Romae</span> <span class='ocrx_word' id='word_1_13' title='bbox 480 242 609 272; x_wconf 81' lang='lat' dir='ltr'>mense</span> <span class='ocrx_word' id='word_1_14' title='bbox 635 237 782 271; x_wconf 77' lang='lat' dir='ltr'>incerto</span> <span class='ocrx_word' id='word_1_15' title='bbox 807 236 851 269; x_wconf 89' lang='lat' dir='ltr'>A.</span> <span class='ocrx_word' id='word_1_16' title='bbox 879 235 921 269; x_wconf 87' lang='lat' dir='ltr'>U.</span> <span class='ocrx_word' id='word_1_17' title='bbox 950 236 990 269; x_wconf 83' lang='lat' dir='ltr'>C.</span> <span class='ocrx_word' id='word_1_18' title='bbox 1016 237 1098 271; x_wconf 86' lang='lat'><strong>710.</strong></span> <span class='ocrx_word' id='word_1_19' title='bbox 1141 235 1191 277; x_wconf 85' lang='lat' dir='ltr'>(a.</span> <span class='ocrx_word' id='word_1_20' title='bbox 1220 234 1259 268; x_wconf 91' lang='lat' dir='ltr'>C.</span> <span class='ocrx_word' id='word_1_21' title='bbox 1287 232 1365 275; x_wconf 64' lang='lat'>44.)</span> 
     </span>
    </p>
   </div>
   <div class='ocr_carea' id='block_1_3' title="bbox 354 306 1218 354">
    <p class='ocr_par' dir='ltr' id='par_1_3' title="bbox 354 306 1218 354">
     <span class='ocr_line' id='line_1_4' title="bbox 354 306 1218 354; baseline -0.008 -9"><span class='ocrx_word' id='word_1_22' title='bbox 354 310 556 345; x_wconf 77' lang='lat' dir='ltr'><strong>Invehitur</strong></span> <span class='ocrx_word' id='word_1_23' title='bbox 583 310 623 343; x_wconf 86' lang='lat' dir='ltr'>in</span> <span class='ocrx_word' id='word_1_24' title='bbox 649 308 824 343; x_wconf 83' lang='lat' dir='ltr'>consules</span> <span class='ocrx_word' id='word_1_25' title='bbox 850 306 1075 354; x_wconf 79' lang='lat' dir='ltr'>designatos,</span> <span class='ocrx_word' id='word_1_26' title='bbox 1115 307 1218 342; x_wconf 80' lang='lat'>1—2.</span> 
     </span>
    </p>
   </div>
   <div class='ocr_carea' id='block_1_4' title="bbox 394 373 1163 421">
    <p class='ocr_par' dir='ltr' id='par_1_4' title="bbox 394 373 1163 421">
     <span class='ocr_line' id='line_1_5' title="bbox 394 373 1163 421; baseline -0.008 -9"><span class='ocrx_word' id='word_1_27' title='bbox 394 377 435 421; x_wconf 89' lang='lat' dir='ltr'>Q.</span> <span class='ocrx_word' id='word_1_28' title='bbox 463 375 643 411; x_wconf 88' lang='lat' dir='ltr'>CICERO</span> <span class='ocrx_word' id='word_1_29' title='bbox 670 375 845 410; x_wconf 84' lang='lat' dir='ltr'>TIRONI</span> <span class='ocrx_word' id='word_1_30' title='bbox 872 373 962 408; x_wconf 90' lang='lat' dir='ltr'>SUO</span> <span class='ocrx_word' id='word_1_31' title='bbox 989 373 1027 408; x_wconf 88' lang='lat' dir='ltr'>S.</span> <span class='ocrx_word' id='word_1_32' title='bbox 1056 374 1093 407; x_wconf 87' lang='lat' dir='ltr'>P.</span> <span class='ocrx_word' id='word_1_33' title='bbox 1120 375 1163 408; x_wconf 89' lang='lat' dir='ltr'>D.</span> 
     </span>
    </p>
   </div>
   <div class='ocr_carea' id='block_1_5' title="bbox 0 439 1592 1125">
    <p class='ocr_par' dir='ltr' id='par_1_5' title="bbox 0 439 1592 1125">
     <span class='ocr_line' id='line_1_6' title="bbox 2 439 1524 496; baseline -0.006 -7"><span class='ocrx_word' id='word_1_34' title='bbox 2 491 4 496; x_wconf 54' lang='grc'><strong>,</strong></span> <span class='ocrx_word' id='word_1_35' title='bbox 150 446 394 489; x_wconf 80' lang='lat' dir='ltr'>Mirificam</span> <span class='ocrx_word' id='word_1_36' title='bbox 435 445 498 486; x_wconf 90' lang='lat' dir='ltr'>mi</span> <span class='ocrx_word' id='word_1_37' title='bbox 528 444 884 487; x_wconf 79' lang='lat' dir='ltr'>verberationem</span> <span class='ocrx_word' id='word_1_38' title='bbox 919 440 1184 483; x_wconf 79' lang='lat' dir='ltr'>cessationis</span> <span class='ocrx_word' id='word_1_39' title='bbox 1224 439 1413 496; x_wconf 87' lang='lat' dir='ltr'>epistola</span> <span class='ocrx_word' id='word_1_40' title='bbox 1449 439 1524 481; x_wconf 91' lang='lat' dir='ltr'>de-</span> 
     </span>
     <span class='ocr_line' id='line_1_7' title="bbox 1 497 1524 562; baseline -0.006 -18"><span class='ocrx_word' id='word_1_41' title='bbox 1 500 4 562; x_wconf 68' lang='lat'><strong>}</strong></span> <span class='ocrx_word' id='word_1_42' title='bbox 39 503 166 545; x_wconf 82' lang='lat' dir='ltr'>disti.</span> <span class='ocrx_word' id='word_1_43' title='bbox 224 503 354 554; x_wconf 86' lang='lat' dir='ltr'>Nam,</span> <span class='ocrx_word' id='word_1_44' title='bbox 396 514 509 555; x_wconf 89' lang='lat' dir='ltr'>quae</span> <span class='ocrx_word' id='word_1_45' title='bbox 540 500 722 554; x_wconf 86' lang='lat' dir='ltr'>parcius</span> <span class='ocrx_word' id='word_1_46' title='bbox 754 499 895 540; x_wconf 85' lang='lat' dir='ltr'>frater</span> <span class='ocrx_word' id='word_1_47' title='bbox 923 497 1263 552; x_wconf 81' lang='lat' dir='ltr'>perscripserat,</span> <span class='ocrx_word' id='word_1_48' title='bbox 1311 508 1524 538; x_wconf 81' lang='lat' dir='ltr'>verecun-</span> 
     </span>
     <span class='ocr_line' id='line_1_8' title="bbox 2 552 1527 611; baseline -0.006 -12"><span class='ocrx_word' id='word_1_49' title='bbox 2 567 4 608; x_wconf 46' lang='grc' dir='ltr'>ᾗ</span> <span class='ocrx_word' id='word_1_50' title='bbox 39 560 118 600; x_wconf 82' lang='lat' dir='ltr'>‹lia</span> <span class='ocrx_word' id='word_1_51' title='bbox 146 559 361 601; x_wconf 82' lang='lat' dir='ltr'>videlicet</span> <span class='ocrx_word' id='word_1_52' title='bbox 386 561 430 598; x_wconf 85' lang='lat' dir='ltr'>et</span> <span class='ocrx_word' id='word_1_53' title='bbox 458 556 788 611; x_wconf 78' lang='lat' dir='ltr'>properatione,</span> <span class='ocrx_word' id='word_1_54' title='bbox 829 568 882 596; x_wconf 88' lang='lat' dir='ltr'>ea</span> <span class='ocrx_word' id='word_1_55' title='bbox 922 560 969 594; x_wconf 90' lang='lat' dir='ltr'>tu</span> <span class='ocrx_word' id='word_1_56' title='bbox 999 555 1095 594; x_wconf 89' lang='lat' dir='ltr'>sine</span> <span class='ocrx_word' id='word_1_57' title='bbox 1125 552 1436 603; x_wconf 77' lang='lat' dir='ltr'>assentatione,</span> <span class='ocrx_word' id='word_1_58' title='bbox 1475 555 1527 591; x_wconf 89' lang='lat' dir='ltr'>ut</span> 
     </span>
     <span class='ocr_line' id='line_1_9' title="bbox 38 607 1526 668; baseline -0.006 -12"><span class='ocrx_word' id='word_1_59' title='bbox 38 620 182 668; x_wconf 78' lang='lat' dir='ltr'>erant,</span> <span class='ocrx_word' id='word_1_60' title='bbox 211 615 268 655; x_wconf 83' lang='lat' dir='ltr'>ad</span> <span class='ocrx_word' id='word_1_61' title='bbox 296 627 365 655; x_wconf 89' lang='lat' dir='ltr'>me</span> <span class='ocrx_word' id='word_1_62' title='bbox 395 613 636 667; x_wconf 83' lang='lat' dir='ltr'>scripsisti,</span> <span class='ocrx_word' id='word_1_63' title='bbox 666 616 711 653; x_wconf 88' lang='lat' dir='ltr'>et</span> <span class='ocrx_word' id='word_1_64' title='bbox 739 612 934 652; x_wconf 82' lang='lat' dir='ltr'>maxime</span> <span class='ocrx_word' id='word_1_65' title='bbox 964 610 1019 651; x_wconf 86' lang='lat' dir='ltr'>de</span> <span class='ocrx_word' id='word_1_66' title='bbox 1049 607 1306 650; x_wconf 88' lang='lat' dir='ltr'>consulibus</span> <span class='ocrx_word' id='word_1_67' title='bbox 1322 607 1526 661; x_wconf 86' lang='lat' dir='ltr'>designa-</span> 
     </span>
     <span class='ocr_line' id='line_1_10' title="bbox 39 663 1526 725; baseline -0.007 -13"><span class='ocrx_word' id='word_1_68' title='bbox 39 672 125 712; x_wconf 72' lang='lat' dir='ltr'>tis:</span> <span class='ocrx_word' id='word_1_69' title='bbox 156 684 268 725; x_wconf 91' lang='lat' dir='ltr'>quos</span> <span class='ocrx_word' id='word_1_70' title='bbox 297 683 380 724; x_wconf 84' lang='lat' dir='ltr'>ego</span> <span class='ocrx_word' id='word_1_71' title='bbox 410 669 589 723; x_wconf 89' lang='lat' dir='ltr'>penitus</span> <span class='ocrx_word' id='word_1_72' title='bbox 619 668 724 710; x_wconf 62' lang='lat' dir='ltr'>novi</span> <span class='ocrx_word' id='word_1_73' title='bbox 754 667 987 708; x_wconf 87' lang='lat' dir='ltr'>libidinum</span> <span class='ocrx_word' id='word_1_74' title='bbox 1018 669 1063 707; x_wconf 88' lang='lat' dir='ltr'>et</span> <span class='ocrx_word' id='word_1_75' title='bbox 1091 664 1316 718; x_wconf 83' lang='lat' dir='ltr'>languoris</span> <span class='ocrx_word' id='word_1_76' title='bbox 1356 663 1526 703; x_wconf 83' lang='lat' dir='ltr'>effemi-</span> 
     </span>
     <span class='ocr_line' id='line_1_11' title="bbox 38 720 1527 779; baseline -0.006 -12"><span class='ocrx_word' id='word_1_77' title='bbox 38 725 261 769; x_wconf 88' lang='lat' dir='ltr'>natissimi</span> <span class='ocrx_word' id='word_1_78' title='bbox 290 725 429 766; x_wconf 87' lang='lat' dir='ltr'>animi</span> <span class='ocrx_word' id='word_1_79' title='bbox 457 725 636 779; x_wconf 81' lang='lat' dir='ltr'>plenos:</span> <span class='ocrx_word' id='word_1_80' title='bbox 687 724 764 778; x_wconf 90' lang='lat' dir='ltr'>qui</span> <span class='ocrx_word' id='word_1_81' title='bbox 803 722 892 764; x_wconf 89' lang='lat' dir='ltr'>nisi</span> <span class='ocrx_word' id='word_1_82' title='bbox 921 735 948 764; x_wconf 85' lang='lat' dir='ltr'>a</span> <span class='ocrx_word' id='word_1_83' title='bbox 975 720 1290 776; x_wconf 85' lang='lat' dir='ltr'>gubernaculis</span> <span class='ocrx_word' id='word_1_84' title='bbox 1331 731 1527 760; x_wconf 84' lang='lat' dir='ltr'>recesse-</span> 
     </span>
     <span class='ocr_line' id='line_1_12' title="bbox 40 773 1592 832; baseline -0.006 -10"><span class='ocrx_word' id='word_1_85' title='bbox 40 782 145 829; x_wconf 86' lang='lat' dir='ltr'>rint,</span> <span class='ocrx_word' id='word_1_86' title='bbox 173 782 420 823; x_wconf 86' lang='lat' dir='ltr'>maximum</span> <span class='ocrx_word' id='word_1_87' title='bbox 449 782 504 822; x_wconf 82' lang='lat' dir='ltr'>ab</span> <span class='ocrx_word' id='word_1_88' title='bbox 534 780 740 822; x_wconf 87' lang='lat' dir='ltr'>universo</span> <span class='ocrx_word' id='word_1_89' title='bbox 770 777 1005 832; x_wconf 83' lang='lat' dir='ltr'>naufragio</span> <span class='ocrx_word' id='word_1_90' title='bbox 1034 777 1284 831; x_wconf 83' lang='lat' dir='ltr'>periculum</span> <span class='ocrx_word' id='word_1_91' title='bbox 1313 778 1394 816; x_wconf 84' lang='lat' dir='ltr'>est.</span> <span class='ocrx_word' id='word_1_92' title='bbox 1453 773 1526 814; x_wconf 88' lang='lat' dir='ltr'>In·</span> <span class='ocrx_word' id='word_1_93' title='bbox 1564 775 1592 814; x_wconf 83' lang='lat'><strong>2</strong></span> 
     </span>
     <span class='ocr_line' id='line_1_13' title="bbox 39 832 1525 891; baseline -0.005 -12"><span class='ocrx_word' id='word_1_94' title='bbox 39 837 261 879; x_wconf 86' lang='lat' dir='ltr'>credibile</span> <span class='ocrx_word' id='word_1_95' title='bbox 290 840 371 890; x_wconf 87' lang='lat' dir='ltr'>est,</span> <span class='ocrx_word' id='word_1_96' title='bbox 402 850 515 891; x_wconf 85' lang='lat' dir='ltr'>quae</span> <span class='ocrx_word' id='word_1_97' title='bbox 544 849 626 890; x_wconf 86' lang='lat' dir='ltr'>ego</span> <span class='ocrx_word' id='word_1_98' title='bbox 655 835 763 876; x_wconf 90' lang='lat' dir='ltr'>illos</span> <span class='ocrx_word' id='word_1_99' title='bbox 793 835 905 886; x_wconf 90' lang='lat' dir='ltr'>scio,</span> <span class='ocrx_word' id='word_1_100' title='bbox 935 833 1155 888; x_wconf 89' lang='lat' dir='ltr'>oppositis</span> <span class='ocrx_word' id='word_1_101' title='bbox 1186 832 1423 874; x_wconf 82' lang='lat' dir='ltr'>Gallorum</span> <span class='ocrx_word' id='word_1_102' title='bbox 1453 843 1525 871; x_wconf 87' lang='lat' dir='ltr'>ca-</span> 
     </span>
     <span class='ocr_line' id='line_1_14' title="bbox 39 885 1526 947; baseline -0.006 -12"><span class='ocrx_word' id='word_1_103' title='bbox 39 895 164 947; x_wconf 87' lang='lat' dir='ltr'>stris,</span> <span class='ocrx_word' id='word_1_104' title='bbox 193 894 241 935; x_wconf 91' lang='lat' dir='ltr'>in</span> <span class='ocrx_word' id='word_1_105' title='bbox 271 892 455 934; x_wconf 88' lang='lat' dir='ltr'>aestivis</span> <span class='ocrx_word' id='word_1_106' title='bbox 495 891 672 944; x_wconf 83' lang='lat' dir='ltr'>secisse,</span> <span class='ocrx_word' id='word_1_107' title='bbox 708 903 819 945; x_wconf 89' lang='lat' dir='ltr'>quos</span> <span class='ocrx_word' id='word_1_108' title='bbox 848 890 926 930; x_wconf 87' lang='lat' dir='ltr'>ille</span> <span class='ocrx_word' id='word_1_109' title='bbox 956 890 1090 942; x_wconf 86' lang='lat' dir='ltr'>latro,</span> <span class='ocrx_word' id='word_1_110' title='bbox 1128 887 1216 945; x_wconf 85' lang='lat' dir='ltr'>nisi</span> <span class='ocrx_word' id='word_1_111' title='bbox 1246 885 1417 943; x_wconf 84' lang='lat' dir='ltr'>aliquid</span> <span class='ocrx_word' id='word_1_112' title='bbox 1448 885 1526 927; x_wconf 89' lang='lat' dir='ltr'>fir-</span> 
     </span>
     <span class='ocr_line' id='line_1_15' title="bbox 40 943 1529 1001; baseline -0.007 -10"><span class='ocrx_word' id='word_1_113' title='bbox 40 950 156 991; x_wconf 86' lang='lat' dir='ltr'>mius</span> <span class='ocrx_word' id='word_1_114' title='bbox 206 948 359 1001; x_wconf 82' lang='lat' dir='ltr'>fuerit,</span> <span class='ocrx_word' id='word_1_115' title='bbox 400 947 614 989; x_wconf 86' lang='lat' dir='ltr'>societate</span> <span class='ocrx_word' id='word_1_116' title='bbox 660 946 878 989; x_wconf 78' lang='lat' dir='ltr'>vitiorum</span> <span class='ocrx_word' id='word_1_117' title='bbox 918 945 1128 988; x_wconf 84' lang='lat' dir='ltr'>deleniet.</span> <span class='ocrx_word' id='word_1_118' title='bbox 1200 943 1295 986; x_wconf 84' lang='lat' dir='ltr'>Res</span> <span class='ocrx_word' id='word_1_119' title='bbox 1344 945 1414 984; x_wconf 89' lang='lat' dir='ltr'>est</span> <span class='ocrx_word' id='word_1_120' title='bbox 1452 943 1529 982; x_wconf 85' lang='lat' dir='ltr'>aut</span> 
     </span>
     <span class='ocr_line' id='line_1_16' title="bbox 39 997 1528 1059; baseline -0.006 -13"><span class='ocrx_word' id='word_1_121' title='bbox 39 1004 298 1046; x_wconf 81' lang='lat' dir='ltr'>tribuniciis</span> <span class='ocrx_word' id='word_1_122' title='bbox 328 1007 404 1044; x_wconf 80' lang='lat' dir='ltr'>aut</span> <span class='ocrx_word' id='word_1_123' title='bbox 431 1003 623 1059; x_wconf 86' lang='lat' dir='ltr'>privatis</span> <span class='ocrx_word' id='word_1_124' title='bbox 653 1001 860 1044; x_wconf 88' lang='lat' dir='ltr'>consiliis</span> <span class='ocrx_word' id='word_1_125' title='bbox 889 1001 1139 1043; x_wconf 88' lang='lat' dir='ltr'>munienda.</span> <span class='ocrx_word' id='word_1_126' title='bbox 1184 999 1302 1041; x_wconf 86' lang='lat' dir='ltr'>Nam</span> <span class='ocrx_word' id='word_1_127' title='bbox 1329 999 1409 1042; x_wconf 88' lang='lat' dir='ltr'>isti</span> <span class='ocrx_word' id='word_1_128' title='bbox 1439 997 1528 1038; x_wconf 90' lang='lat' dir='ltr'>duo</span> 
     </span>
     <span class='ocr_line' id='line_1_17' title="bbox 0 1055 1529 1125; baseline -0.007 -21"><span class='ocrx_word' id='word_1_129' title='bbox 0 1067 6 1125; x_wconf 71' lang='grc' dir='ltr'>Ι</span> <span class='ocrx_word' id='word_1_130' title='bbox 38 1061 121 1104; x_wconf 79' lang='lat' dir='ltr'>vix</span> <span class='ocrx_word' id='word_1_131' title='bbox 149 1063 253 1103; x_wconf 84' lang='lat' dir='ltr'>sunt</span> <span class='ocrx_word' id='word_1_132' title='bbox 280 1059 424 1114; x_wconf 83' lang='lat' dir='ltr'>digni,</span> <span class='ocrx_word' id='word_1_133' title='bbox 453 1060 615 1115; x_wconf 88' lang='lat' dir='ltr'>quibus</span> <span class='ocrx_word' id='word_1_134' title='bbox 646 1057 778 1101; x_wconf 90' lang='lat' dir='ltr'>alteri</span> <span class='ocrx_word' id='word_1_135' title='bbox 807 1058 1066 1113; x_wconf 84' lang='lat' dir='ltr'>Caesenam,</span> <span class='ocrx_word' id='word_1_136' title='bbox 1095 1058 1229 1102; x_wconf 85' lang='lat' dir='ltr'>alteri</span> <span class='ocrx_word' id='word_1_137' title='bbox 1245 1055 1529 1101; x_wconf 65' lang='lat' dir='ltr'>Cossutiana⁶</span> 
     </span>
    </p>
   </div>
   <div class='ocr_carea' id='block_1_6' title="bbox 0 1147 8 1187">
    <p class='ocr_par' dir='ltr' id='par_1_6' title="bbox 0 1147 8 1187">
     <span class='ocr_line' id='line_1_18' title="bbox 0 1147 8 1187; baseline 0 0"><span class='ocrx_word' id='word_1_138' title='bbox 0 1147 8 1187; x_wconf 72' lang='grc' dir='ltr'>ί.</span> 
     </span>
    </p>
   </div>
   <div class='ocr_carea' id='block_1_7' title="bbox 46 1159 1537 1175">
    <p class='ocr_par' dir='ltr' id='par_1_7' title="bbox 46 1159 1537 1175">
     <span class='ocr_line' id='line_1_19' title="bbox 46 1159 1537 1175; baseline 0 1911"><span class='ocrx_word' id='word_1_139' title='bbox 46 1159 1537 1175; x_wconf 95' lang='lat' dir='ltr'> </span> 
     </span>
    </p>
   </div>
   <div class='ocr_carea' id='block_1_8' title="bbox 41 1220 1565 1802">
    <p class='ocr_par' dir='ltr' id='par_1_8' title="bbox 41 1220 1565 1802">
     <span class='ocr_line' id='line_1_20' title="bbox 140 1220 1531 1268; baseline -0.007 -7"><span class='ocrx_word' id='word_1_140' title='bbox 140 1227 175 1262; x_wconf 81' lang='lat'>1.</span> <span class='ocrx_word' id='word_1_141' title='bbox 223 1223 435 1267; x_wconf 80' lang='lat' dir='ltr'>Mirificam</span> <span class='ocrx_word' id='word_1_142' title='bbox 460 1249 470 1259; x_wconf 87' lang='lat'><strong><em>.</em></strong></span> <span class='ocrx_word' id='word_1_143' title='bbox 497 1250 506 1258; x_wconf 91' lang='lat'><strong>.</strong></span> <span class='ocrx_word' id='word_1_144' title='bbox 535 1250 543 1259; x_wconf 89' lang='lat'>.</span> <span class='ocrx_word' id='word_1_145' title='bbox 571 1223 714 1259; x_wconf 76' lang='lat' dir='ltr'>dedisti.</span> <span class='ocrx_word' id='word_1_146' title='bbox 770 1223 966 1258; x_wconf 78' lang='lat' dir='ltr'>Sententia</span> <span class='ocrx_word' id='word_1_147' title='bbox 995 1228 1072 1258; x_wconf 85' lang='lat' dir='ltr'>est:</span> <span class='ocrx_word' id='word_1_148' title='bbox 1114 1220 1412 1268; x_wconf 72' lang='lat' dir='ltr'>„optatissimam</span> <span class='ocrx_word' id='word_1_149' title='bbox 1438 1228 1531 1264; x_wconf 87' lang='lat' dir='ltr'>poe·</span> 
     </span>
     <span class='ocr_line' id='line_1_21' title="bbox 42 1269 1530 1319; baseline -0.005 -11"><span class='ocrx_word' id='word_1_150' title='bbox 42 1285 129 1309; x_wconf 86' lang='lat' dir='ltr'>nam</span> <span class='ocrx_word' id='word_1_151' title='bbox 154 1273 337 1319; x_wconf 80' lang='lat' dir='ltr'>pristinae</span> <span class='ocrx_word' id='word_1_152' title='bbox 366 1278 451 1308; x_wconf 83' lang='lat' dir='ltr'>tuae</span> <span class='ocrx_word' id='word_1_153' title='bbox 477 1273 695 1308; x_wconf 74' lang='lat' dir='ltr'>cessationis</span> <span class='ocrx_word' id='word_1_154' title='bbox 720 1282 820 1306; x_wconf 85' lang='lat' dir='ltr'>nunc</span> <span class='ocrx_word' id='word_1_155' title='bbox 846 1271 944 1305; x_wconf 86' lang='lat' dir='ltr'>mihi</span> <span class='ocrx_word' id='word_1_156' title='bbox 980 1270 1121 1305; x_wconf 80' lang='lat' dir='ltr'>dedisti</span> <span class='ocrx_word' id='word_1_157' title='bbox 1160 1269 1323 1315; x_wconf 85' lang='lat' dir='ltr'>epistola</span> <span class='ocrx_word' id='word_1_158' title='bbox 1358 1273 1434 1302; x_wconf 87' lang='lat' dir='ltr'>tam</span> <span class='ocrx_word' id='word_1_159' title='bbox 1468 1277 1530 1300; x_wconf 88' lang='lat' dir='ltr'>ac-</span> 
     </span>
     <span class='ocr_line' id='line_1_22' title="bbox 45 1317 1532 1368; baseline -0.006 -11"><span class='ocrx_word' id='word_1_160' title='bbox 45 1320 175 1357; x_wconf 81' lang='lat' dir='ltr'>curate</span> <span class='ocrx_word' id='word_1_161' title='bbox 201 1322 385 1368; x_wconf 82' lang='lat' dir='ltr'>scripta.“</span> <span class='ocrx_word' id='word_1_162' title='bbox 409 1331 559 1355; x_wconf 83' lang='lat' dir='ltr'>usuram</span> <span class='ocrx_word' id='word_1_163' title='bbox 586 1332 657 1368; x_wconf 80' lang='lat' dir='ltr'>pro</span> <span class='ocrx_word' id='word_1_164' title='bbox 681 1321 827 1355; x_wconf 74' lang='lat' dir='ltr'>verber.</span> <span class='ocrx_word' id='word_1_165' title='bbox 857 1319 953 1356; x_wconf 86' lang='lat' dir='ltr'>coni.</span> <span class='ocrx_word' id='word_1_166' title='bbox 977 1318 1066 1354; x_wconf 84' lang='lat' dir='ltr'><strong>Sch.</strong></span> <span class='ocrx_word' id='word_1_167' title='bbox 1096 1317 1293 1354; x_wconf 87' lang='lat' dir='ltr'><em>ORELLI.</em></span> <span class='ocrx_word' id='word_1_168' title='bbox 1322 1333 1364 1341; x_wconf 84' lang='lat'>--</span> <span class='ocrx_word' id='word_1_169' title='bbox 1385 1317 1532 1359; x_wconf 78' lang='lat' dir='ltr'>frater,</span> 
     </span>
     <span class='ocr_line' id='line_1_23' title="bbox 41 1363 1531 1418; baseline -0.007 -13"><span class='ocrx_word' id='word_1_170' title='bbox 41 1373 200 1407; x_wconf 78' lang='lat' dir='ltr'>Marcus.</span> <span class='ocrx_word' id='word_1_171' title='bbox 228 1388 270 1396; x_wconf 92' lang='lat'>-</span> <span class='ocrx_word' id='word_1_172' title='bbox 297 1380 426 1413; x_wconf 67' lang='lat' dir='ltr'>veroa,</span> <span class='ocrx_word' id='word_1_173' title='bbox 450 1381 514 1404; x_wconf 81' lang='lat' dir='ltr'>aus</span> <span class='ocrx_word' id='word_1_174' title='bbox 540 1368 788 1418; x_wconf 78' lang='lat' dir='ltr'>Zartgefiihl.</span> <span class='ocrx_word' id='word_1_175' title='bbox 831 1387 878 1394; x_wconf 92' lang='lat'>—</span> <span class='ocrx_word' id='word_1_176' title='bbox 922 1368 1002 1401; x_wconf 81' lang='lat' dir='ltr'>sine</span> <span class='ocrx_word' id='word_1_177' title='bbox 1024 1371 1168 1410; x_wconf 63' lang='lat' dir='ltr'>assent„</span> <span class='ocrx_word' id='word_1_178' title='bbox 1193 1365 1294 1401; x_wconf 88' lang='lat' dir='ltr'>ohne</span> <span class='ocrx_word' id='word_1_179' title='bbox 1319 1363 1436 1405; x_wconf 85' lang='lat' dir='ltr'>Hehl,</span> <span class='ocrx_word' id='word_1_180' title='bbox 1461 1373 1531 1395; x_wconf 89' lang='lat' dir='ltr'>un-</span> 
     </span>
     <span class='ocr_line' id='line_1_24' title="bbox 41 1410 1536 1461; baseline -0.007 -8"><span class='ocrx_word' id='word_1_181' title='bbox 41 1419 247 1454; x_wconf 80' lang='lat' dir='ltr'>verbliimt.</span> <span class='ocrx_word' id='word_1_182' title='bbox 295 1436 339 1443; x_wconf 91' lang='lat'>——-</span> <span class='ocrx_word' id='word_1_183' title='bbox 383 1418 428 1451; x_wconf 82' lang='lat' dir='ltr'>de</span> <span class='ocrx_word' id='word_1_184' title='bbox 453 1418 662 1452; x_wconf 72' lang='lat' dir='ltr'>consulibus</span> <span class='ocrx_word' id='word_1_185' title='bbox 686 1417 840 1461; x_wconf 59' lang='lat' dir='ltr'>cle-sign„</span> <span class='ocrx_word' id='word_1_186' title='bbox 867 1415 997 1451; x_wconf 87' lang='lat' dir='ltr'>Hirtio</span> <span class='ocrx_word' id='word_1_187' title='bbox 1023 1422 1062 1450; x_wconf 87' lang='lat' dir='ltr'>et</span> <span class='ocrx_word' id='word_1_188' title='bbox 1086 1416 1213 1450; x_wconf 82' lang='lat' dir='ltr'>Pansa.</span> <span class='ocrx_word' id='word_1_189' title='bbox 1264 1412 1400 1449; x_wconf 84' lang='lat' dir='ltr'>Dieser</span> <span class='ocrx_word' id='word_1_190' title='bbox 1423 1410 1536 1446; x_wconf 81' lang='lat' dir='ltr'>Brief</span> 
     </span>
     <span class='ocr_line' id='line_1_25' title="bbox 42 1457 1532 1514; baseline -0.007 -13"><span class='ocrx_word' id='word_1_191' title='bbox 42 1467 194 1502; x_wconf 84' lang='lat' dir='ltr'>scheint</span> <span class='ocrx_word' id='word_1_192' title='bbox 219 1466 272 1499; x_wconf 88' lang='lat' dir='ltr'>im</span> <span class='ocrx_word' id='word_1_193' title='bbox 298 1465 428 1500; x_wconf 82' lang='lat' dir='ltr'>Iunius</span> <span class='ocrx_word' id='word_1_194' title='bbox 454 1465 706 1514; x_wconf 85' lang='lat' dir='ltr'>gesehrieben</span> <span class='ocrx_word' id='word_1_195' title='bbox 738 1477 786 1500; x_wconf 91' lang='lat' dir='ltr'>zu</span> <span class='ocrx_word' id='word_1_196' title='bbox 817 1465 916 1507; x_wconf 88' lang='lat' dir='ltr'>sein,</span> <span class='ocrx_word' id='word_1_197' title='bbox 952 1464 1048 1499; x_wconf 81' lang='lat' dir='ltr'>weil</span> <span class='ocrx_word' id='word_1_198' title='bbox 1079 1463 1177 1498; x_wconf 85' lang='lat' dir='ltr'>auch</span> <span class='ocrx_word' id='word_1_199' title='bbox 1208 1464 1258 1498; x_wconf 83' lang='lat' dir='ltr'>M.</span> <span class='ocrx_word' id='word_1_200' title='bbox 1289 1460 1424 1495; x_wconf 87' lang='lat' dir='ltr'>Cicero</span> <span class='ocrx_word' id='word_1_201' title='bbox 1449 1457 1532 1493; x_wconf 84' lang='lat' dir='ltr'>sich</span> 
     </span>
     <span class='ocr_line' id='line_1_26' title="bbox 43 1509 1534 1550; baseline -0.005 -2"><span class='ocrx_word' id='word_1_202' title='bbox 43 1516 96 1548; x_wconf 81' lang='lat' dir='ltr'>im</span> <span class='ocrx_word' id='word_1_203' title='bbox 122 1515 241 1548; x_wconf 87' lang='lat' dir='ltr'>lulius</span> <span class='ocrx_word' id='word_1_204' title='bbox 278 1513 379 1550; x_wconf 91' lang='lat' dir='ltr'>noch</span> <span class='ocrx_word' id='word_1_205' title='bbox 406 1514 500 1548; x_wconf 89' lang='lat' dir='ltr'>eben</span> <span class='ocrx_word' id='word_1_206' title='bbox 526 1514 664 1549; x_wconf 86' lang='lat' dir='ltr'>Nichts</span> <span class='ocrx_word' id='word_1_207' title='bbox 698 1513 942 1548; x_wconf 78' lang='lat' dir='ltr'>ehrenvolles</span> <span class='ocrx_word' id='word_1_208' title='bbox 974 1523 1050 1546; x_wconf 89' lang='lat' dir='ltr'>von</span> <span class='ocrx_word' id='word_1_209' title='bbox 1084 1511 1214 1546; x_wconf 79' lang='lat' dir='ltr'>diesen</span> <span class='ocrx_word' id='word_1_210' title='bbox 1241 1509 1410 1545; x_wconf 78' lang='lat' dir='ltr'>Consuln</span> <span class='ocrx_word' id='word_1_211' title='bbox 1443 1518 1534 1542; x_wconf 75' lang='lat' dir='ltr'>ver-</span> 
     </span>
     <span class='ocr_line' id='line_1_27' title="bbox 42 1554 1534 1608; baseline -0.006 -11"><span class='ocrx_word' id='word_1_212' title='bbox 42 1562 196 1608; x_wconf 82' lang='lat' dir='ltr'>sprach.</span> <span class='ocrx_word' id='word_1_213' title='bbox 247 1561 284 1596; x_wconf 92' lang='lat' dir='ltr'>S.</span> <span class='ocrx_word' id='word_1_214' title='bbox 315 1574 375 1607; x_wconf 81' lang='lat' dir='ltr'>ep·</span> <span class='ocrx_word' id='word_1_215' title='bbox 404 1563 483 1599; x_wconf 78' lang='lat'>748.</span> <span class='ocrx_word' id='word_1_216' title='bbox 510 1581 557 1587; x_wconf 92' lang='lat'><strong>—</strong></span> <span class='ocrx_word' id='word_1_217' title='bbox 582 1554 679 1605; x_wconf 58' lang='lat' dir='ltr'>nobi,</span> <span class='ocrx_word' id='word_1_218' title='bbox 705 1561 848 1606; x_wconf 84' lang='lat' dir='ltr'>quippe</span> <span class='ocrx_word' id='word_1_219' title='bbox 874 1560 940 1604; x_wconf 86' lang='lat' dir='ltr'>qui</span> <span class='ocrx_word' id='word_1_220' title='bbox 972 1560 1141 1595; x_wconf 82' lang='lat' dir='ltr'>Caesaris</span> <span class='ocrx_word' id='word_1_221' title='bbox 1166 1560 1314 1607; x_wconf 80' lang='lat' dir='ltr'>legatus</span> <span class='ocrx_word' id='word_1_222' title='bbox 1340 1558 1380 1591; x_wconf 88' lang='lat' dir='ltr'>in</span> <span class='ocrx_word' id='word_1_223' title='bbox 1407 1555 1534 1591; x_wconf 89' lang='lat' dir='ltr'>Gallia</span> 
     </span>
     <span class='ocr_line' id='line_1_28' title="bbox 43 1603 1534 1655; baseline -0.005 -11"><span class='ocrx_word' id='word_1_224' title='bbox 43 1611 115 1655; x_wconf 77' lang='lat' dir='ltr'>sui,</span> <span class='ocrx_word' id='word_1_225' title='bbox 140 1620 238 1644; x_wconf 88' lang='lat' dir='ltr'>anno</span> <span class='ocrx_word' id='word_1_226' title='bbox 265 1612 345 1646; x_wconf 89' lang='grc'><strong>700.</strong></span> <span class='ocrx_word' id='word_1_227' title='bbox 377 1627 415 1635; x_wconf 90' lang='lat'>-—</span> <span class='ocrx_word' id='word_1_228' title='bbox 446 1621 469 1643; x_wconf 90' lang='grc' dir='ltr'><em>α</em></span> <span class='ocrx_word' id='word_1_229' title='bbox 494 1610 649 1653; x_wconf 79' lang='lat' dir='ltr'>gubern.</span> <span class='ocrx_word' id='word_1_230' title='bbox 676 1611 732 1643; x_wconf 85' lang='lat' dir='ltr'>rei</span> <span class='ocrx_word' id='word_1_231' title='bbox 757 1608 932 1654; x_wconf 78' lang='lat' dir='ltr'>publicae</span> <span class='ocrx_word' id='word_1_232' title='bbox 954 1619 1100 1653; x_wconf 63' lang='grc' dir='ltr'>ναῶ-3.,</span> <span class='ocrx_word' id='word_1_233' title='bbox 1126 1619 1267 1650; x_wconf 85' lang='lat' dir='ltr'>„wenn</span> <span class='ocrx_word' id='word_1_234' title='bbox 1293 1606 1398 1640; x_wconf 84' lang='lat' dir='ltr'>diese</span> <span class='ocrx_word' id='word_1_235' title='bbox 1423 1603 1534 1638; x_wconf 85' lang='lat' dir='ltr'>nicht</span> 
     </span>
     <span class='ocr_line' id='line_1_29' title="bbox 43 1653 1565 1702; baseline -0.005 -10"><span class='ocrx_word' id='word_1_236' title='bbox 43 1670 130 1693; x_wconf 86' lang='lat' dir='ltr'>vom</span> <span class='ocrx_word' id='word_1_237' title='bbox 157 1657 407 1692; x_wconf 82' lang='lat' dir='ltr'>Steuerruder</span> <span class='ocrx_word' id='word_1_238' title='bbox 440 1657 503 1692; x_wconf 83' lang='lat' dir='ltr'>des</span> <span class='ocrx_word' id='word_1_239' title='bbox 540 1657 660 1693; x_wconf 69' lang='lat' dir='ltr'>staats</span> <span class='ocrx_word' id='word_1_240' title='bbox 695 1657 982 1696; x_wconf 78' lang='lat' dir='ltr'>zuriicktreten‚</span> <span class='ocrx_word' id='word_1_241' title='bbox 1021 1668 1062 1691; x_wconf 83' lang='lat' dir='ltr'>so</span> <span class='ocrx_word' id='word_1_242' title='bbox 1094 1656 1145 1691; x_wconf 88' lang='lat' dir='ltr'>ist</span> <span class='ocrx_word' id='word_1_243' title='bbox 1177 1656 1241 1690; x_wconf 84' lang='lat' dir='ltr'>ein</span> <span class='ocrx_word' id='word_1_244' title='bbox 1273 1653 1534 1702; x_wconf 79' lang='lat' dir='ltr'>allgeineiner</span> <span class='ocrx_word' id='word_1_245' title='bbox 1561 1679 1565 1683; x_wconf 83' lang='grc'><strong>.</strong></span> 
     </span>
     <span class='ocr_line' id='line_1_30' title="bbox 44 1702 1534 1746; baseline -0.005 -4"><span class='ocrx_word' id='word_1_246' title='bbox 44 1705 297 1742; x_wconf 87' lang='lat' dir='ltr'>Schiffbruch</span> <span class='ocrx_word' id='word_1_247' title='bbox 323 1706 375 1740; x_wconf 84' lang='lat' dir='ltr'>im</span> <span class='ocrx_word' id='word_1_248' title='bbox 400 1704 591 1741; x_wconf 80' lang='lat' dir='ltr'>hb&#39;chsten</span> <span class='ocrx_word' id='word_1_249' title='bbox 616 1705 740 1741; x_wconf 79' lang='lat' dir='ltr'>Grade</span> <span class='ocrx_word' id='word_1_250' title='bbox 767 1717 814 1740; x_wconf 87' lang='lat' dir='ltr'>zu</span> <span class='ocrx_word' id='word_1_251' title='bbox 840 1704 1063 1740; x_wconf 72' lang='lat' dir='ltr'>surchten.“</span> <span class='ocrx_word' id='word_1_252' title='bbox 1114 1706 1200 1739; x_wconf 81' lang='lat' dir='ltr'>Man</span> <span class='ocrx_word' id='word_1_253' title='bbox 1225 1702 1340 1745; x_wconf 87' lang='lat' dir='ltr'>sieht,</span> <span class='ocrx_word' id='word_1_254' title='bbox 1377 1702 1534 1746; x_wconf 82' lang='lat' dir='ltr'>Quintus</span> 
     </span>
     <span class='ocr_line' id='line_1_31' title="bbox 45 1754 556 1802; baseline -0.004 -12"><span class='ocrx_word' id='word_1_255' title='bbox 45 1767 127 1791; x_wconf 82' lang='lat' dir='ltr'>war</span> <span class='ocrx_word' id='word_1_256' title='bbox 151 1754 336 1789; x_wconf 85' lang='lat' dir='ltr'>Seemann</span> <span class='ocrx_word' id='word_1_257' title='bbox 362 1765 556 1802; x_wconf 81' lang='lat' dir='ltr'>gewesen.</span> 
     </span>
    </p>
   </div>
   <div class='ocr_carea' id='block_1_9' title="bbox 9 1810 1596 2776">
    <p class='ocr_par' dir='ltr' id='par_1_9' title="bbox 9 1810 1596 2776">
     <span class='ocr_line' id='line_1_32' title="bbox 139 1810 1534 1862; baseline -0.002 -13"><span class='ocrx_word' id='word_1_258' title='bbox 139 1817 173 1852; x_wconf 87' lang='lat'>2.</span> <span class='ocrx_word' id='word_1_259' title='bbox 222 1815 400 1860; x_wconf 78' lang='lat' dir='ltr'>oppositis</span> <span class='ocrx_word' id='word_1_260' title='bbox 431 1815 529 1850; x_wconf 77' lang='lat' dir='ltr'>Gall.</span> <span class='ocrx_word' id='word_1_261' title='bbox 567 1816 718 1855; x_wconf 75' lang='lat' dir='ltr'>castris,</span> <span class='ocrx_word' id='word_1_262' title='bbox 761 1815 813 1848; x_wconf 87' lang='lat' dir='ltr'>im</span> <span class='ocrx_word' id='word_1_263' title='bbox 849 1812 1060 1862; x_wconf 75' lang='lat' dir='ltr'>Angesicht</span> <span class='ocrx_word' id='word_1_264' title='bbox 1094 1813 1160 1848; x_wconf 85' lang='lat' dir='ltr'>des</span> <span class='ocrx_word' id='word_1_265' title='bbox 1197 1810 1425 1847; x_wconf 83' lang='lat' dir='ltr'>Gallischen</span> <span class='ocrx_word' id='word_1_266' title='bbox 1461 1811 1534 1846; x_wconf 81' lang='lat' dir='ltr'>La-</span> 
     </span>
     <span class='ocr_line' id='line_1_33' title="bbox 45 1860 1536 1912; baseline -0.005 -13"><span class='ocrx_word' id='word_1_267' title='bbox 45 1876 143 1912; x_wconf 83' lang='lat' dir='ltr'>gers.</span> <span class='ocrx_word' id='word_1_268' title='bbox 178 1864 267 1903; x_wconf 84' lang='lat' dir='ltr'>scio,</span> <span class='ocrx_word' id='word_1_269' title='bbox 294 1875 410 1908; x_wconf 86' lang='lat' dir='ltr'>quum</span> <span class='ocrx_word' id='word_1_270' title='bbox 434 1864 518 1908; x_wconf 85' lang='lat' dir='ltr'>ipse</span> <span class='ocrx_word' id='word_1_271' title='bbox 544 1876 617 1898; x_wconf 88' lang='lat' dir='ltr'>una</span> <span class='ocrx_word' id='word_1_272' title='bbox 645 1875 731 1898; x_wconf 82' lang='lat' dir='ltr'>cum</span> <span class='ocrx_word' id='word_1_273' title='bbox 757 1863 804 1897; x_wconf 88' lang='lat' dir='ltr'>iis</span> <span class='ocrx_word' id='word_1_274' title='bbox 831 1863 898 1896; x_wconf 88' lang='lat' dir='ltr'>sub</span> <span class='ocrx_word' id='word_1_275' title='bbox 917 1864 1075 1897; x_wconf 77' lang='lat' dir='ltr'>Caesare</span> <span class='ocrx_word' id='word_1_276' title='bbox 1100 1861 1326 1895; x_wconf 77' lang='lat' dir='ltr'>militarem.</span> <span class='ocrx_word' id='word_1_277' title='bbox 1352 1880 1394 1885; x_wconf 80' lang='lat'>-—</span> <span class='ocrx_word' id='word_1_278' title='bbox 1421 1860 1536 1899; x_wconf 80' lang='lat' dir='ltr'>latro,</span> 
     </span>
     <span class='ocr_line' id='line_1_34' title="bbox 45 1908 1536 1956; baseline -0.003 -10"><span class='ocrx_word' id='word_1_279' title='bbox 45 1915 93 1947; x_wconf 81' lang='lat' dir='ltr'>M.</span> <span class='ocrx_word' id='word_1_280' title='bbox 118 1912 316 1946; x_wconf 86' lang='lat' dir='ltr'>Antonius.</span> <span class='ocrx_word' id='word_1_281' title='bbox 347 1930 390 1936; x_wconf 47' lang='lat'>*—</span> <span class='ocrx_word' id='word_1_282' title='bbox 425 1913 496 1946; x_wconf 75' lang='lat' dir='ltr'>nisi</span> <span class='ocrx_word' id='word_1_283' title='bbox 528 1913 615 1956; x_wconf 76' lang='lat' dir='ltr'>aliq.</span> <span class='ocrx_word' id='word_1_284' title='bbox 637 1911 741 1952; x_wconf 77' lang='lat' dir='ltr'>firm.</span> <span class='ocrx_word' id='word_1_285' title='bbox 758 1913 813 1955; x_wconf 72' lang='lat' dir='ltr'>f,</span> <span class='ocrx_word' id='word_1_286' title='bbox 839 1923 952 1946; x_wconf 87' lang='lat' dir='ltr'>wenn</span> <span class='ocrx_word' id='word_1_287' title='bbox 980 1922 1067 1944; x_wconf 81' lang='lat' dir='ltr'>inan</span> <span class='ocrx_word' id='word_1_288' title='bbox 1095 1910 1209 1943; x_wconf 89' lang='lat' dir='ltr'>keine</span> <span class='ocrx_word' id='word_1_289' title='bbox 1234 1908 1536 1955; x_wconf 75' lang='lat' dir='ltr'>zuverl&#39;assigere</span> 
     </span>
     <span class='ocr_line' id='line_1_35' title="bbox 45 1952 1535 2008; baseline -0.004 -14"><span class='ocrx_word' id='word_1_290' title='bbox 45 1959 253 2008; x_wconf 79' lang='lat' dir='ltr'>Massregel</span> <span class='ocrx_word' id='word_1_291' title='bbox 278 1959 453 2008; x_wconf 82' lang='lat' dir='ltr'>ergreift.</span> <span class='ocrx_word' id='word_1_292' title='bbox 487 1952 702 1995; x_wconf 65' lang='lat' dir='ltr'><em>GRA‘TER.</em></span> <span class='ocrx_word' id='word_1_293' title='bbox 750 1960 825 1993; x_wconf 90' lang='lat' dir='ltr'>nisi</span> <span class='ocrx_word' id='word_1_294' title='bbox 857 1959 944 1993; x_wconf 85' lang='lat' dir='ltr'>aliis</span> <span class='ocrx_word' id='word_1_295' title='bbox 981 1958 1152 1993; x_wconf 90' lang='lat' dir='ltr'>consiliis</span> <span class='ocrx_word' id='word_1_296' title='bbox 1176 1957 1335 1992; x_wconf 79' lang='lat' dir='ltr'>illorum</span> <span class='ocrx_word' id='word_1_297' title='bbox 1361 1956 1535 1992; x_wconf 78' lang='lat' dir='ltr'>voluntas</span> 
     </span>
     <span class='ocr_line' id='line_1_36' title="bbox 44 2005 1534 2053; baseline -0.003 -11"><span class='ocrx_word' id='word_1_298' title='bbox 44 2009 162 2042; x_wconf 84' lang='lat' dir='ltr'>fuerit</span> <span class='ocrx_word' id='word_1_299' title='bbox 187 2015 472 2053; x_wconf 83' lang='lat' dir='ltr'>praeoccupata.</span> <span class='ocrx_word' id='word_1_300' title='bbox 524 2008 662 2043; x_wconf 81' lang='lat' dir='ltr'>Sensus</span> <span class='ocrx_word' id='word_1_301' title='bbox 688 2015 815 2043; x_wconf 84' lang='lat' dir='ltr'>tamen</span> <span class='ocrx_word' id='word_1_302' title='bbox 843 2019 921 2043; x_wconf 83' lang='lat' dir='ltr'>esse</span> <span class='ocrx_word' id='word_1_303' title='bbox 946 2006 1110 2053; x_wconf 84' lang='lat' dir='ltr'>poterit:</span> <span class='ocrx_word' id='word_1_304' title='bbox 1148 2006 1348 2047; x_wconf 80' lang='lat' dir='ltr'>Antonius,</span> <span class='ocrx_word' id='word_1_305' title='bbox 1373 2005 1447 2039; x_wconf 76' lang='lat' dir='ltr'>nisi</span> <span class='ocrx_word' id='word_1_306' title='bbox 1471 2014 1534 2038; x_wconf 79' lang='lat' dir='ltr'>co-</span> 
     </span>
     <span class='ocr_line' id='line_1_37' title="bbox 40 2053 1536 2102; baseline -0.003 -12"><span class='ocrx_word' id='word_1_307' title='bbox 40 2056 117 2102; x_wconf 70' lang='lat' dir='ltr'>piis</span> <span class='ocrx_word' id='word_1_308' title='bbox 139 2057 217 2090; x_wconf 78' lang='lat' dir='ltr'>suis</span> <span class='ocrx_word' id='word_1_309' title='bbox 244 2056 444 2101; x_wconf 79' lang='lat' dir='ltr'>viribusque</span> <span class='ocrx_word' id='word_1_310' title='bbox 468 2056 627 2097; x_wconf 72' lang='lat' dir='ltr'>confisus</span> <span class='ocrx_word' id='word_1_311' title='bbox 644 2057 782 2099; x_wconf 75' lang='lat' dir='ltr'>suerit,</span> <span class='ocrx_word' id='word_1_312' title='bbox 815 2056 890 2089; x_wconf 84' lang='lat' dir='ltr'>alia</span> <span class='ocrx_word' id='word_1_313' title='bbox 918 2056 978 2089; x_wconf 84' lang='lat' dir='ltr'>via</span> <span class='ocrx_word' id='word_1_314' title='bbox 1014 2055 1100 2089; x_wconf 86' lang='lat' dir='ltr'>illos</span> <span class='ocrx_word' id='word_1_315' title='bbox 1127 2054 1296 2088; x_wconf 83' lang='lat' dir='ltr'>consules</span> <span class='ocrx_word' id='word_1_316' title='bbox 1323 2053 1536 2101; x_wconf 81' lang='lat' dir='ltr'>designatos</span> 
     </span>
     <span class='ocr_line' id='line_1_38' title="bbox 45 2102 1534 2152; baseline -0.003 -14"><span class='ocrx_word' id='word_1_317' title='bbox 45 2116 294 2152; x_wconf 83' lang='lat' dir='ltr'>aggressurus</span> <span class='ocrx_word' id='word_1_318' title='bbox 321 2109 359 2139; x_wconf 87' lang='lat' dir='ltr'>et</span> <span class='ocrx_word' id='word_1_319' title='bbox 384 2105 640 2139; x_wconf 83' lang='lat' dir='ltr'>similitudine</span> <span class='ocrx_word' id='word_1_320' title='bbox 666 2105 769 2139; x_wconf 77' lang='lat' dir='ltr'>vitae</span> <span class='ocrx_word' id='word_1_321' title='bbox 794 2111 832 2138; x_wconf 81' lang='lat' dir='ltr'>et</span> <span class='ocrx_word' id='word_1_322' title='bbox 858 2104 1039 2138; x_wconf 76' lang='lat' dir='ltr'>societate</span> <span class='ocrx_word' id='word_1_323' title='bbox 1073 2113 1222 2137; x_wconf 89' lang='lat' dir='ltr'>morum</span> <span class='ocrx_word' id='word_1_324' title='bbox 1253 2102 1299 2137; x_wconf 80' lang='lat' dir='ltr'>ad</span> <span class='ocrx_word' id='word_1_325' title='bbox 1331 2113 1415 2136; x_wconf 83' lang='lat' dir='ltr'>suas</span> <span class='ocrx_word' id='word_1_326' title='bbox 1445 2111 1534 2145; x_wconf 87' lang='lat' dir='ltr'>par-</span> 
     </span>
     <span class='ocr_line' id='line_1_39' title="bbox 45 2149 1535 2198; baseline -0.003 -12"><span class='ocrx_word' id='word_1_327' title='bbox 45 2159 103 2188; x_wconf 88' lang='lat' dir='ltr'>tes</span> <span class='ocrx_word' id='word_1_328' title='bbox 129 2152 371 2187; x_wconf 82' lang='lat' dir='ltr'>traducturus</span> <span class='ocrx_word' id='word_1_329' title='bbox 398 2158 463 2187; x_wconf 79' lang='lat' dir='ltr'>est.</span> <span class='ocrx_word' id='word_1_330' title='bbox 514 2153 572 2186; x_wconf 87' lang='lat' dir='ltr'>Er</span> <span class='ocrx_word' id='word_1_331' title='bbox 597 2152 710 2196; x_wconf 81' lang='lat' dir='ltr'>wird,</span> <span class='ocrx_word' id='word_1_332' title='bbox 735 2163 850 2186; x_wconf 81' lang='lat' dir='ltr'>wenn</span> <span class='ocrx_word' id='word_1_333' title='bbox 875 2164 918 2186; x_wconf 89' lang='lat' dir='ltr'>er</span> <span class='ocrx_word' id='word_1_334' title='bbox 942 2157 1045 2186; x_wconf 83' lang='lat' dir='ltr'>sonst</span> <span class='ocrx_word' id='word_1_335' title='bbox 1070 2151 1160 2185; x_wconf 89' lang='lat' dir='ltr'>kein</span> <span class='ocrx_word' id='word_1_336' title='bbox 1186 2150 1418 2198; x_wconf 73' lang='lat' dir='ltr'>kr&#39;aftigeres</span> <span class='ocrx_word' id='word_1_337' title='bbox 1446 2149 1535 2182; x_wconf 84' lang='lat' dir='ltr'>Mit-</span> 
     </span>
     <span class='ocr_line' id='line_1_40' title="bbox 46 2198 1534 2244; baseline -0.003 -10"><span class='ocrx_word' id='word_1_338' title='bbox 46 2201 104 2235; x_wconf 83' lang='lat' dir='ltr'>tel</span> <span class='ocrx_word' id='word_1_339' title='bbox 127 2200 206 2242; x_wconf 83' lang='lat' dir='ltr'>hat,</span> <span class='ocrx_word' id='word_1_340' title='bbox 230 2201 283 2234; x_wconf 87' lang='lat' dir='ltr'>sie</span> <span class='ocrx_word' id='word_1_341' title='bbox 309 2200 476 2234; x_wconf 85' lang='lat' dir='ltr'>dadurch</span> <span class='ocrx_word' id='word_1_342' title='bbox 502 2201 701 2243; x_wconf 52' lang='lat' dir='ltr'>betheren,</span> <span class='ocrx_word' id='word_1_343' title='bbox 735 2200 816 2235; x_wconf 71' lang='lat' dir='ltr'>dass</span> <span class='ocrx_word' id='word_1_344' title='bbox 851 2212 895 2235; x_wconf 89' lang='lat' dir='ltr'>er</span> <span class='ocrx_word' id='word_1_345' title='bbox 927 2200 988 2234; x_wconf 82' lang='lat' dir='ltr'>bei</span> <span class='ocrx_word' id='word_1_346' title='bbox 1020 2199 1134 2233; x_wconf 89' lang='lat' dir='ltr'>ihren</span> <span class='ocrx_word' id='word_1_347' title='bbox 1159 2198 1534 2244; x_wconf 76' lang='lat' dir='ltr'>Ausschweifungen</span> 
     </span>
     <span class='ocr_line' id='line_1_41' title="bbox 46 2246 1535 2289; baseline -0.003 -7"><span class='ocrx_word' id='word_1_348' title='bbox 46 2249 121 2282; x_wconf 80' lang='lat' dir='ltr'>den</span> <span class='ocrx_word' id='word_1_349' title='bbox 146 2249 291 2283; x_wconf 83' lang='lat' dir='ltr'>dritten</span> <span class='ocrx_word' id='word_1_350' title='bbox 316 2250 429 2282; x_wconf 81' lang='lat' dir='ltr'>Manu</span> <span class='ocrx_word' id='word_1_351' title='bbox 454 2248 594 2283; x_wconf 86' lang='lat' dir='ltr'>macht.</span> <span class='ocrx_word' id='word_1_352' title='bbox 646 2268 690 2274; x_wconf 92' lang='lat'>—</span> <span class='ocrx_word' id='word_1_353' title='bbox 740 2250 814 2282; x_wconf 77' lang='lat' dir='ltr'>Res</span> <span class='ocrx_word' id='word_1_354' title='bbox 840 2277 849 2285; x_wconf 85' lang='grc'><em>,</em></span> <span class='ocrx_word' id='word_1_355' title='bbox 875 2274 883 2282; x_wconf 94' lang='grc'><strong>.</strong></span> <span class='ocrx_word' id='word_1_356' title='bbox 911 2274 919 2282; x_wconf 91' lang='grc'><em>.</em></span> <span class='ocrx_word' id='word_1_357' title='bbox 945 2248 1150 2289; x_wconf 69' lang='lat' dir='ltr'>wmniendu,</span> <span class='ocrx_word' id='word_1_358' title='bbox 1185 2259 1271 2280; x_wconf 80' lang='lat' dir='ltr'>man</span> <span class='ocrx_word' id='word_1_359' title='bbox 1304 2257 1406 2279; x_wconf 76' lang='lat' dir='ltr'>muss</span> <span class='ocrx_word' id='word_1_360' title='bbox 1433 2246 1535 2279; x_wconf 87' lang='lat' dir='ltr'>dess-</span> 
     </span>
     <span class='ocr_line' id='line_1_42' title="bbox 47 2293 1535 2331; baseline -0.003 -2"><span class='ocrx_word' id='word_1_361' title='bbox 47 2296 138 2330; x_wconf 82' lang='lat' dir='ltr'>halb</span> <span class='ocrx_word' id='word_1_362' title='bbox 174 2296 237 2330; x_wconf 86' lang='lat' dir='ltr'>das</span> <span class='ocrx_word' id='word_1_363' title='bbox 277 2296 463 2330; x_wconf 82' lang='lat' dir='ltr'>Interesse</span> <span class='ocrx_word' id='word_1_364' title='bbox 497 2297 566 2331; x_wconf 78' lang='lat' dir='ltr'>des</span> <span class='ocrx_word' id='word_1_365' title='bbox 601 2297 803 2331; x_wconf 81' lang='lat' dir='ltr'>Freistaats</span> <span class='ocrx_word' id='word_1_366' title='bbox 843 2296 1043 2331; x_wconf 82' lang='lat' dir='ltr'>entweder</span> <span class='ocrx_word' id='word_1_367' title='bbox 1075 2295 1200 2329; x_wconf 84' lang='lat' dir='ltr'>durch</span> <span class='ocrx_word' id='word_1_368' title='bbox 1237 2296 1300 2329; x_wconf 81' lang='lat' dir='ltr'>die</span> <span class='ocrx_word' id='word_1_369' title='bbox 1337 2293 1535 2328; x_wconf 88' lang='lat' dir='ltr'>Tribunen</span> 
     </span>
     <span class='ocr_line' id='line_1_43' title="bbox 48 2341 1531 2380; baseline -0.001 -3"><span class='ocrx_word' id='word_1_370' title='bbox 48 2344 141 2377; x_wconf 82' lang='lat' dir='ltr'>oder</span> <span class='ocrx_word' id='word_1_371' title='bbox 164 2342 289 2378; x_wconf 83' lang='lat' dir='ltr'>durch</span> <span class='ocrx_word' id='word_1_372' title='bbox 323 2343 434 2379; x_wconf 86' lang='lat' dir='ltr'>einen</span> <span class='ocrx_word' id='word_1_373' title='bbox 458 2345 724 2380; x_wconf 75' lang='lat' dir='ltr'>Privatverein</span> <span class='ocrx_word' id='word_1_374' title='bbox 754 2343 864 2380; x_wconf 91' lang='lat' dir='ltr'>wohl</span> <span class='ocrx_word' id='word_1_375' title='bbox 898 2357 945 2378; x_wconf 87' lang='lat' dir='ltr'>zu</span> <span class='ocrx_word' id='word_1_376' title='bbox 977 2343 1207 2378; x_wconf 85' lang='lat' dir='ltr'>verwahren</span> <span class='ocrx_word' id='word_1_377' title='bbox 1243 2343 1397 2377; x_wconf 86' lang='lat' dir='ltr'>suchen.</span> <span class='ocrx_word' id='word_1_378' title='bbox 1446 2341 1531 2375; x_wconf 69' lang='lat' dir='ltr'>trib.</span> 
     </span>
     <span class='ocr_line' id='line_1_44' title="bbox 49 2388 1537 2435; baseline -0.003 -10"><span class='ocrx_word' id='word_1_379' title='bbox 49 2392 76 2425; x_wconf 82' lang='lat' dir='ltr'>i.</span> <span class='ocrx_word' id='word_1_380' title='bbox 105 2402 136 2428; x_wconf 88' lang='lat' dir='ltr'>e.</span> <span class='ocrx_word' id='word_1_381' title='bbox 163 2397 205 2425; x_wconf 89' lang='lat' dir='ltr'>ut</span> <span class='ocrx_word' id='word_1_382' title='bbox 228 2391 377 2426; x_wconf 88' lang='lat' dir='ltr'>tribuni</span> <span class='ocrx_word' id='word_1_383' title='bbox 400 2392 651 2427; x_wconf 83' lang='lat' dir='ltr'>intercedant.</span> <span class='ocrx_word' id='word_1_384' title='bbox 697 2411 744 2418; x_wconf 91' lang='lat'>-</span> <span class='ocrx_word' id='word_1_385' title='bbox 795 2393 959 2427; x_wconf 80' lang='lat' dir='ltr'>Caesena</span> <span class='ocrx_word' id='word_1_386' title='bbox 985 2390 1197 2435; x_wconf 82' lang='grc' dir='ltr'>(Καισῆνα),</span> <span class='ocrx_word' id='word_1_387' title='bbox 1226 2392 1310 2426; x_wconf 88' lang='lat' dir='ltr'>eine</span> <span class='ocrx_word' id='word_1_388' title='bbox 1344 2388 1537 2423; x_wconf 86' lang='lat' dir='ltr'>unbedeu-</span> 
     </span>
     <span class='ocr_line' id='line_1_45' title="bbox 50 2437 1535 2486; baseline -0.004 -12"><span class='ocrx_word' id='word_1_389' title='bbox 50 2439 161 2474; x_wconf 81' lang='lat' dir='ltr'>tende</span> <span class='ocrx_word' id='word_1_390' title='bbox 187 2437 293 2474; x_wconf 81' lang='lat' dir='ltr'>stadt</span> <span class='ocrx_word' id='word_1_391' title='bbox 318 2439 358 2472; x_wconf 88' lang='lat' dir='ltr'>in</span> <span class='ocrx_word' id='word_1_392' title='bbox 383 2439 511 2475; x_wconf 83' lang='lat' dir='ltr'>Gallia</span> <span class='ocrx_word' id='word_1_393' title='bbox 535 2439 742 2486; x_wconf 81' lang='lat' dir='ltr'>Cispadana</span> <span class='ocrx_word' id='word_1_394' title='bbox 774 2452 834 2474; x_wconf 82' lang='lat' dir='ltr'>am</span> <span class='ocrx_word' id='word_1_395' title='bbox 860 2441 1003 2475; x_wconf 86' lang='lat' dir='ltr'>Rubico</span> <span class='ocrx_word' id='word_1_396' title='bbox 1027 2440 1126 2474; x_wconf 85' lang='lat' dir='ltr'>nach</span> <span class='ocrx_word' id='word_1_397' title='bbox 1158 2439 1256 2474; x_wconf 89' lang='lat' dir='ltr'>Plin.</span> <span class='ocrx_word' id='word_1_398' title='bbox 1291 2439 1337 2475; x_wconf 88' lang='lat' dir='ltr'>H.</span> <span class='ocrx_word' id='word_1_399' title='bbox 1365 2439 1412 2476; x_wconf 41' lang='lat' dir='ltr'>N(</span> <span class='ocrx_word' id='word_1_400' title='bbox 1437 2437 1535 2478; x_wconf 85' lang='lat' dir='ltr'>XIV,</span> 
     </span>
     <span class='ocr_line' id='line_1_46' title="bbox 49 2485 1534 2530; baseline -0.003 -9"><span class='ocrx_word' id='word_1_401' title='bbox 49 2490 99 2530; x_wconf 83' lang='grc'>6.,</span> <span class='ocrx_word' id='word_1_402' title='bbox 125 2486 188 2520; x_wconf 85' lang='lat' dir='ltr'>die</span> <span class='ocrx_word' id='word_1_403' title='bbox 213 2486 389 2521; x_wconf 82' lang='lat' dir='ltr'>Sidonius</span> <span class='ocrx_word' id='word_1_404' title='bbox 412 2488 466 2521; x_wconf 87' lang='lat' dir='ltr'>im</span> <span class='ocrx_word' id='word_1_405' title='bbox 490 2490 526 2524; x_wconf 85' lang='lat'>5.</span> <span class='ocrx_word' id='word_1_406' title='bbox 553 2488 686 2522; x_wconf 85' lang='lat' dir='ltr'>Iahrh.</span> <span class='ocrx_word' id='word_1_407' title='bbox 712 2488 810 2522; x_wconf 83' lang='lat' dir='ltr'>nach</span> <span class='ocrx_word' id='word_1_408' title='bbox 834 2489 976 2523; x_wconf 86' lang='lat' dir='ltr'>Christ.</span> <span class='ocrx_word' id='word_1_409' title='bbox 1001 2489 1115 2523; x_wconf 90' lang='lat' dir='ltr'>einen</span> <span class='ocrx_word' id='word_1_410' title='bbox 1131 2488 1305 2530; x_wconf 70' lang='lat' dir='ltr'>fitrmcm,</span> <span class='ocrx_word' id='word_1_411' title='bbox 1331 2485 1534 2526; x_wconf 78' lang='lat' dir='ltr'>Backoi&#39;en,</span> 
     </span>
     <span class='ocr_line' id='line_1_47' title="bbox 50 2532 1534 2579; baseline -0.002 -11"><span class='ocrx_word' id='word_1_412' title='bbox 50 2540 182 2570; x_wconf 85' lang='lat' dir='ltr'>nennt.</span> <span class='ocrx_word' id='word_1_413' title='bbox 209 2553 251 2559; x_wconf 89' lang='lat'>—-</span> <span class='ocrx_word' id='word_1_414' title='bbox 281 2535 424 2571; x_wconf 77' lang='lat' dir='ltr'>Gossut.</span> <span class='ocrx_word' id='word_1_415' title='bbox 451 2537 588 2571; x_wconf 78' lang='lat' dir='ltr'>tabern.</span> <span class='ocrx_word' id='word_1_416' title='bbox 605 2537 733 2579; x_wconf 66' lang='lat' dir='ltr'>fund„</span> <span class='ocrx_word' id='word_1_417' title='bbox 768 2537 841 2570; x_wconf 88' lang='lat' dir='ltr'>den</span> <span class='ocrx_word' id='word_1_418' title='bbox 875 2537 1010 2571; x_wconf 88' lang='lat' dir='ltr'>Grund</span> <span class='ocrx_word' id='word_1_419' title='bbox 1044 2537 1121 2570; x_wconf 85' lang='lat' dir='ltr'>und</span> <span class='ocrx_word' id='word_1_420' title='bbox 1146 2536 1270 2570; x_wconf 84' lang='lat' dir='ltr'>Boden</span> <span class='ocrx_word' id='word_1_421' title='bbox 1303 2534 1375 2568; x_wconf 87' lang='lat' dir='ltr'>der</span> <span class='ocrx_word' id='word_1_422' title='bbox 1400 2532 1534 2567; x_wconf 89' lang='lat' dir='ltr'>Cossu-</span> 
     </span>
     <span class='ocr_line' id='line_1_48' title="bbox 50 2580 1534 2619; baseline -0.003 0"><span class='ocrx_word' id='word_1_423' title='bbox 50 2581 266 2619; x_wconf 81' lang='lat' dir='ltr'>tianischen</span> <span class='ocrx_word' id='word_1_424' title='bbox 291 2583 472 2618; x_wconf 86' lang='lat' dir='ltr'>Baraken.</span> <span class='ocrx_word' id='word_1_425' title='bbox 522 2583 865 2619; x_wconf 71' lang='lat' dir='ltr'>Vieueicht&#39;baute</span> <span class='ocrx_word' id='word_1_426' title='bbox 891 2586 930 2618; x_wconf 88' lang='lat' dir='ltr'>in</span> <span class='ocrx_word' id='word_1_427' title='bbox 955 2585 1024 2619; x_wconf 86' lang='lat' dir='ltr'>der</span> <span class='ocrx_word' id='word_1_428' title='bbox 1047 2583 1154 2618; x_wconf 85' lang='lat' dir='ltr'>N&#39;a&#39;he</span> <span class='ocrx_word' id='word_1_429' title='bbox 1178 2594 1254 2617; x_wconf 88' lang='lat' dir='ltr'>von</span> <span class='ocrx_word' id='word_1_430' title='bbox 1280 2582 1443 2617; x_wconf 87' lang='lat' dir='ltr'>Caesena</span> <span class='ocrx_word' id='word_1_431' title='bbox 1472 2580 1534 2615; x_wconf 87' lang='lat' dir='ltr'>ein</span> 
     </span>
     <span class='ocr_line' id='line_1_49' title="bbox 52 2629 1537 2678; baseline -0.001 -14"><span class='ocrx_word' id='word_1_432' title='bbox 52 2631 237 2678; x_wconf 80' lang='lat' dir='ltr'>gewisser</span> <span class='ocrx_word' id='word_1_433' title='bbox 261 2630 452 2666; x_wconf 84' lang='lat' dir='ltr'>Cossutius</span> <span class='ocrx_word' id='word_1_434' title='bbox 477 2631 649 2666; x_wconf 81' lang='lat' dir='ltr'>damahls</span> <span class='ocrx_word' id='word_1_435' title='bbox 684 2632 745 2666; x_wconf 91' lang='lat' dir='ltr'>ein</span> <span class='ocrx_word' id='word_1_436' title='bbox 780 2633 874 2665; x_wconf 82' lang='lat' dir='ltr'>Paar</span> <span class='ocrx_word' id='word_1_437' title='bbox 895 2632 1194 2668; x_wconf 72' lang='lat' dir='ltr'>Wirthsh&#39;auser</span> <span class='ocrx_word' id='word_1_438' title='bbox 1226 2642 1274 2664; x_wconf 87' lang='lat' dir='ltr'>an</span> <span class='ocrx_word' id='word_1_439' title='bbox 1311 2629 1382 2664; x_wconf 87' lang='lat' dir='ltr'>der</span> <span class='ocrx_word' id='word_1_440' title='bbox 1415 2629 1537 2664; x_wconf 83' lang='lat' dir='ltr'>Heer-</span> 
     </span>
     <span class='ocr_line' id='line_1_50' title="bbox 10 2677 1538 2728; baseline -0.001 -16"><span class='ocrx_word' id='word_1_441' title='bbox 10 2715 15 2719; x_wconf 62' lang='grc'>,</span> <span class='ocrx_word' id='word_1_442' title='bbox 53 2686 199 2714; x_wconf 84' lang='lat' dir='ltr'>strasse.</span> <span class='ocrx_word' id='word_1_443' title='bbox 247 2679 336 2713; x_wconf 70' lang='lat' dir='ltr'>,Non</span> <span class='ocrx_word' id='word_1_444' title='bbox 368 2680 492 2713; x_wconf 76' lang='lat' dir='ltr'>solum</span> <span class='ocrx_word' id='word_1_445' title='bbox 525 2679 712 2724; x_wconf 82' lang='lat' dir='ltr'>ignaviam</span> <span class='ocrx_word' id='word_1_446' title='bbox 751 2681 948 2714; x_wconf 80' lang='lat' dir='ltr'>consulum</span> <span class='ocrx_word' id='word_1_447' title='bbox 987 2679 1283 2728; x_wconf 81' lang='lat' dir='ltr'>designatorum,</span> <span class='ocrx_word' id='word_1_448' title='bbox 1323 2677 1389 2712; x_wconf 79' lang='lat' dir='ltr'>sed</span> <span class='ocrx_word' id='word_1_449' title='bbox 1421 2677 1538 2712; x_wconf 83' lang='lat' dir='ltr'>etiam</span> 
     </span>
     <span class='ocr_line' id='line_1_51' title="bbox 9 2725 1596 2776; baseline 0.001 -15"><span class='ocrx_word' id='word_1_450' title='bbox 9 2745 12 2776; x_wconf 31' lang='grc' dir='ltr'><strong>ἦ</strong></span> <span class='ocrx_word' id='word_1_451' title='bbox 56 2727 167 2775; x_wconf 85' lang='lat' dir='ltr'>gulae</span> <span class='ocrx_word' id='word_1_452' title='bbox 191 2726 380 2763; x_wconf 83' lang='lat' dir='ltr'>luxuriam</span> <span class='ocrx_word' id='word_1_453' title='bbox 409 2733 445 2763; x_wconf 86' lang='lat' dir='ltr'>et</span> <span class='ocrx_word' id='word_1_454' title='bbox 470 2727 714 2766; x_wconf 82' lang='lat' dir='ltr'>vinolentiam</span> <span class='ocrx_word' id='word_1_455' title='bbox 743 2737 876 2764; x_wconf 82' lang='lat' dir='ltr'>eorum</span> <span class='ocrx_word' id='word_1_456' title='bbox 901 2734 1059 2776; x_wconf 77' lang='lat' dir='ltr'>tangere</span> <span class='ocrx_word' id='word_1_457' title='bbox 1085 2726 1251 2766; x_wconf 80' lang='lat' dir='ltr'>videtur.</span> <span class='ocrx_word' id='word_1_458' title='bbox 1291 2726 1372 2762; x_wconf 75' lang='lat' dir='ltr'>cfr.</span> <span class='ocrx_word' id='word_1_459' title='bbox 1399 2725 1540 2772; x_wconf 69' lang='lat' dir='ltr'>cp.748</span> <span class='ocrx_word' id='word_1_460' title='bbox 1589 2739 1596 2744; x_wconf 89' lang='lat'><em>·</em></span> 
     </span>
    </p>
   </div>
   <div class='ocr_carea' id='block_1_10' title="bbox 0 1188 19 3086">
    <p class='ocr_par' dir='ltr' id='par_1_10' title="bbox 0 1188 19 3086">
     <span class='ocr_line' id='line_1_52' title="bbox 0 1188 19 3086; baseline 0 0"><span class='ocrx_word' id='word_1_461' title='bbox 0 1188 19 3086; x_wconf 95' lang='lat' dir='ltr'> </span> 
     </span>
    </p>
   </div>
  </div>
 </body>
</html>
