1795 3086
231 101 324 150 392
510 103 574 145 M.
601 103 658 146 T.
688 100 1020 146 CICERONIS
1050 100 1415 145 EPISTOLAE.

231 227 323 256 sam
352 226 474 254 suam
504 212 586 254 tibi
615 215 980 255 commendarem.
1035 213 1129 255 Nec
1157 212 1229 253 vir
1257 214 1426 265 melior,
1456 213 1516 252 mi
1534 213 1684 259 Testa,

232 281 315 310 nec
349 268 462 308 mihi
500 268 683 308 amicior
719 269 771 309 P.
803 269 918 311 Silio
957 269 1188 324 quisquam
1227 274 1314 320 est,
1354 272 1398 308 te
1436 271 1577 308 tamen
1607 283 1684 310 ex-

232 327 374 378 cepto.
433 323 743 364 Gratissimum
771 324 882 364 mihi
912 324 1051 379 igitur
1079 323 1257 375 feceris,
1287 324 1325 364 si
1355 322 1411 363 ad
1441 336 1538 363 eum
1564 325 1684 365 ultro

233 379 405 420 veneris
435 378 563 432 eique
592 379 820 433 pollicitus
846 381 955 422 eris:
985 380 1081 429 sed,
1110 380 1149 420 si
1179 393 1247 420 me
1276 391 1410 431 amas,
1439 392 1568 432 quam
1596 380 1685 432 pri-

234 448 360 475 mum.
420 434 519 475 Hoc
549 438 592 474 te
622 434 907 477 vehementer
935 437 1068 476 etiam
1098 439 1227 488 atque
1257 434 1389 475 etiam
1420 447 1540 488 rogo.

413 677 724 722 EPISTOLA
756 678 1019 721 DcchX.
1059 680 1134 731 (ad
1162 679 1265 722 Div.
1288 680 1398 722 vn.
1429 681 1519 730 22.)

774 756 853 791 Ser.
880 768 974 791 anno
1000 758 1155 791 incerto.

240 831 539 866 Controversiam
568 830 670 863 inter
694 828 978 862 iurisconsultos
1003 827 1129 870 fuisse,
1156 834 1324 872 possetne
1343 827 1465 870 heres,
1492 826 1587 871 quod
1612 828 1687 859 fur-

239 887 318 913 tum
343 885 449 914 antea
473 879 614 912 factum
641 882 755 915 esset,
790 876 882 910 furti
918 882 1020 910 recte
1056 886 1181 924 agere,
1216 875 1323 909 docet
1355 876 1497 920 aliquot
1530 873 1690 909 auctori-

892 924 1039 958 tatibus.

709 1009 886 1043 CICERO
913 1009 1159 1044 TREBATIO
1187 1010 1221 1044 S.

346 1078 563 1118 Illuseras
594 1077 693 1117 heri
722 1075 839 1116 inter
864 1076 1085 1131 scyphos,
1126 1076 1244 1130 quod
1283 1076 1480 1118 dixeram
1518 1078 1694 1117 contro-

241 1133 429 1174 versiam
457 1146 575 1179 esse,
610 1136 814 1186 possetne
841 1131 996 1184 heres,
1033 1132 1152 1186 quod
1180 1131 1345 1171 furtum
1375 1137 1502 1173 antea
1530 1131 1695 1172 factum
1745 1143 1755 1149 ²

239 1193 368 1240 esset,
396 1187 507 1230 furti
537 1193 659 1229 recte
687 1201 832 1242 agere.
889 1187 1059 1241 Itaque,
1098 1187 1182 1228 etsi
1212 1187 1387 1227 domum
1428 1189 1535 1228 bene
1565 1190 1695 1241 potus

240 1257 427 1299 seroque
456 1244 688 1294 redieram,
728 1248 871 1283 tamen
901 1242 948 1283 id
979 1247 1121 1295 caput,
1149 1243 1223 1283 ubi
1253 1241 1364 1283 haec
1392 1241 1696 1284 controversia

238 1303 320 1349 est,
349 1300 502 1342 notavi
529 1305 573 1341 et
601 1298 872 1352 descriptum
900 1298 983 1338 tibi
1011 1297 1136 1339 misi:
1165 1302 1214 1338 ut
1241 1300 1379 1339 scires
1408 1299 1471 1349 id,
1500 1297 1619 1352 quod
1647 1301 1695 1337 tu

236 1354 453 1396 neminem
492 1355 681 1397 sensisse
718 1354 919 1399 dicebas,
958 1353 1061 1394 Sex.
1100 1353 1302 1406 Aelium,
1340 1353 1418 1395 Μ’.
1448 1352 1695 1403 Manilium,

235 1409 297 1451 M.
335 1410 524 1451 Brutum
564 1410 768 1452 sensisse.
848 1409 945 1463 Ego
984 1413 1128 1450 tamen
1168 1408 1409 1450 Scaevolae
1450 1412 1494 1450 et
1530 1408 1694 1449 Testae

237 1466 465 1508 assentior.

238 1625 337 1660 Crat.
363 1626 459 1660 vict.
490 1630 518 1661 l.
546 1627 680 1661 Graev.
711 1627 787 1660 OR.
822 1642 866 1651 —
914 1637 952 1658 se
977 1635 1187 1670 causamque
1220 1626 1345 1659 Lamb.
1370 1625 1459 1659 sch.
1486 1626 1580 1659 Liin.
1621 1627 1693 1660 OR.

240 1691 280 1697 —
307 1672 399 1708 milzi
422 1674 549 1717 igitar.
577 1675 638 1709 Sic
664 1675 736 1708 Md.
763 1673 862 1708 Vict.
888 1676 919 1708 l.
947 1675 979 1709 2.
1006 1674 1126 1716 igitur
1150 1672 1240 1707 mihi
1265 1673 1358 1708 cett.
1387 1674 1459 1707 ΟΒ.

332 1742 363 1774 1.
392 1741 498 1783 furti
522 1745 620 1774 recte
645 1750 770 1783 agere,
813 1740 1016 1773 haberetne
1042 1739 1229 1774 actionem
1256 1739 1430 1774 adversus
1459 1742 1595 1781 furem,
1635 1743 1698 1786 qui
1750 1743 1755 1772 ἶ

237 1790 382 1823 furatus
410 1795 505 1822 esset
528 1795 627 1829 ante,
657 1799 766 1833 quam
793 1787 871 1831 ipse
898 1787 1008 1820 heres
1034 1794 1138 1820 esset.
1197 1787 1284 1821 Ideo
1309 1788 1407 1821 enim
1444 1789 1604 1823 dubitari
1629 1801 1696 1835 po—

237 1843 319 1877 test,
347 1836 433 1880 quia
457 1848 531 1870 non
556 1837 707 1870 videtur
732 1835 843 1869 heres
871 1846 910 1868 ea
937 1842 1126 1879 tamquam
1161 1847 1224 1869 sua
1247 1846 1355 1880 posse
1380 1843 1567 1882 repetere,
1604 1848 1698 1881 quae

236 1883 402 1918 nondum
428 1884 473 1917 ad
497 1896 582 1918 eum
609 1883 839 1918 hereditario
871 1883 953 1917 iure
979 1883 1251 1928 pervenissent.
1303 1883 1377 1917 Sed
1402 1887 1696 1919 controversiam
1750 1885 1758 1915 ἶ

172 1943 174 1947 ’
236 1932 382 1966 tollunt
406 1933 523 1966 Paulli
551 1932 661 1965 verba
687 1931 824 1965 veteris
857 1931 1113 1964 iurisconsulti
1148 1931 1189 1964 L.
1215 1932 1272 1966 47.
1308 1931 1349 1964 de
1364 1932 1505 1973 furtis:
1540 1932 1609 1975 „Si
1633 1932 1697 1967 do-

236 1980 397 2013 minium
419 1980 475 2014 rei
500 1980 697 2025 subreptae
723 1990 956 2023 quacumque
984 1979 1126 2012 ratione
1142 1985 1324 2012 mutatum
1340 1979 1400 2020 sit,
1426 1979 1576 2014 domino
1593 1980 1699 2022 furti

237 2028 335 2062 actio
369 2028 567 2073 competit,
603 2027 725 2061 veluti
757 2026 892 2060 heredi
919 2033 956 2060 et
981 2026 1160 2060 bonorum
1193 2027 1396 2071 possessori
1428 2034 1464 2061 et
1487 2028 1588 2073 patri
1612 2027 1697 2062 ado·
1748 2064 1750 2067 ,

236 2076 344 2122 ptivo
369 2082 407 2110 et
430 2075 653 2123 legatario.“
677 2075 803 2109 MAN
805 2075 877 2108 UT.
928 2078 1024 2107 recte
1044 2074 1147 2116 furti
1173 2085 1235 2116 ag.
1262 2075 1378 2120 Neap.
1404 2074 1530 2110 Asc.l.
1557 2075 1651 2109 Vict.
1664 2077 1696 2110 2.

237 2123 369 2157 Lamb.
397 2122 485 2157 sch.
511 2125 605 2157 Liin.
633 2128 764 2157 contra
790 2122 862 2156 Md.
898 2121 971 2155 OR.
1008 2141 1054 2147 --
1103 2122 1183 2155 Sex.
1208 2122 1354 2155 Aelium
1379 2122 1697 2165 iurisconsultum‚
1748 2165 1750 2170 Ι

238 2176 386 2205 acutum
413 2170 622 2210 hominem,
657 2170 754 2204 unde
785 2171 828 2203 ab
864 2170 989 2203 Ennio
1025 2174 1128 2203 catus
1159 2176 1310 2203 vocatus
1341 2176 1397 2203 est
1427 2170 1469 2202 in
1493 2170 1563 2204 illo
1586 2182 1698 2205 versu

237 2218 336 2264 apud
361 2218 440 2252 Cic.
467 2218 512 2252 de
537 2220 636 2252 Orat.
662 2219 693 2256 Ι,
719 2219 776 2253 56.
810 2218 880 2258 111,
905 2219 961 2252 33.
1010 2218 1115 2250 Brut.
1141 2219 1197 2251 20.
1248 2216 1401 2251 Tuscul.
1428 2218 1456 2259 1,
1483 2219 1516 2252 9.
1566 2218 1696 2252 Varro.

237 2267 305 2300 lib.
333 2267 393 2300 VI.
419 2266 616 2300 MANUT.
656 2283 696 2289 ——
747 2265 816 2299 M!
838 2264 1049 2304 Manilium,
1082 2264 1147 2308 qui
1172 2264 1299 2298 consul
1323 2265 1397 2298 fuit
1420 2276 1506 2299 cum
1532 2266 1575 2299 L.
1602 2266 1696 2299 Cen-

237 2314 364 2348 sorino
390 2326 421 2347 a.
448 2325 483 2347 u.
511 2325 540 2347 c.
568 2314 647 2348 605.
700 2313 989 2347 Iurisconsultus
1015 2318 1052 2345 et
1076 2311 1122 2345 ad
1147 2312 1445 2357 respondendum
1473 2319 1509 2347 et
1533 2313 1580 2346 ad
1603 2314 1697 2347 scri-

237 2362 401 2396 bendum
429 2368 465 2396 et
489 2361 535 2395 ad
559 2360 763 2395 cavendum
788 2360 1039 2405 peritissimus
1067 2359 1208 2394 dicitur
1243 2360 1342 2393 Orat.
1368 2361 1398 2402 1,
1424 2361 1480 2395 41.
1516 2361 1623 2395 SCH.
1656 2381 1694 2385 -

238 2411 294 2444 M.
320 2410 490 2453 Brutum,
515 2409 610 2442 iuris
636 2408 780 2453 publici
806 2414 842 2442 et
867 2408 1008 2452 privati
1034 2407 1212 2452 peritum,
1247 2408 1310 2451 qui
1336 2408 1489 2453 scripsit
1511 2409 1626 2442 libros
1651 2408 1697 2442 de
1750 2423 1751 2426 ¹

238 2458 322 2491 iure
347 2457 466 2490 civili.
513 2456 595 2490 Vid.
630 2457 728 2490 Orat.
761 2457 812 2497 II,
844 2457 902 2491 32.
939 2456 1086 2490 Cluent.
1112 2457 1168 2490 51.
1220 2455 1395 2489 Ceterum
1427 2456 1470 2488 hi
1494 2462 1571 2490 tres
1598 2456 1697 2490 iure-

237 2505 405 2549 consulti
430 2505 699 2549 quaestionem,
726 2504 769 2537 de
796 2514 865 2547 qua
891 2503 955 2536 hic
979 2503 1117 2551 agitur,
1143 2514 1294 2550 negasse
1319 2503 1498 2538 videntur
1520 2504 1560 2537 in
1583 2514 1697 2548 eaque
1742 2507 1745 2522 ²

239 2553 424 2596 sententia
448 2551 582 2595 fuisse,
608 2563 683 2586 non
709 2562 812 2597 posse
837 2551 1029 2592 heredem,
1056 2551 1154 2595 quod
1179 2552 1322 2585 furtum
1347 2558 1453 2585 antea
1478 2552 1618 2585 factum
1640 2562 1695 2585 es-

238 2607 307 2641 set,
335 2606 437 2635 recte
463 2601 557 2634 furti
582 2610 705 2648 agere.
742 2599 850 2633 SCH.
881 2619 922 2625 —-
958 2599 1160 2638 Scaevolae,
1193 2599 1229 2635 Ρ,
1256 2600 1379 2633 Mucio
1407 2598 1618 2638 Scaevolae,
1647 2599 1696 2639 ei,
1742 2614 1745 2621 ·

239 2650 304 2694 qui
328 2649 473 2693 primus
499 2648 555 2681 ius
581 2648 695 2682 civile
723 2647 761 2679 in
788 2647 972 2679 familiam
1000 2647 1158 2680 Muciam
1181 2647 1324 2688 intulit,
1358 2653 1394 2681 et
1420 2648 1466 2681 de
1491 2646 1636 2680 Finibb.
1664 2646 1695 2687 1,
1740 2656 1765 2678 μ’

238 2698 273 2731 4.
301 2708 385 2730 cum
412 2697 471 2729 M!
496 2696 648 2729 Manilio
680 2701 717 2728 et
741 2697 787 2728 M.
814 2696 928 2728 Bruto
954 2694 1023 2728 illo
1048 2700 1266 2728 numeratur
1299 2695 1401 2729 inter
1425 2694 1616 2739 principes
1642 2693 1693 2726 ci·
1726 2730 1731 2734 .

239 2744 379 2780 vitatis.
407 2744 512 2780 SCH.
544 2765 582 2770 -——
614 2744 754 2786 Testae,
780 2742 955 2777 Trebatio
982 2743 1077 2783 scil„
1108 2753 1217 2786 quem
1246 2742 1368 2777 iocose
1394 2742 1458 2776 hic
1475 2741 1696 2790 cognomine.
