1795 3086
230 103 325 153 380
510 103 578 147 M.
609 104 665 147 T.
697 101 1041 148 CICERONIS·
1071 106 1446 154 EPISTOLAE.

230 217 412 274 quidem
451 229 534 270 ego
576 215 830 258 exercitum
869 217 1206 276 quibuscunque
1246 224 1434 274 potuero
1478 224 1605 265 rebus
1646 238 1717 266 01-

228 277 368 317 nabo:
408 271 535 314 cuius
566 272 634 313 rei
673 276 767 313 tum
805 276 978 328 tempus
1020 276 1123 323 erit,
1164 291 1312 331 quum,
1355 278 1466 332 quid
1508 280 1606 333 opis
1646 284 1713 322 rei

228 331 436 386 publicae
464 329 635 370 laturus
664 328 704 369 is
728 330 955 371 exercitus
985 332 1045 372 sit
1075 336 1148 373 aut
1177 334 1286 387 quid
1318 334 1406 374 iam
1436 334 1607 382 tulerit,
1635 347 1713 378 no*-

227 394 319 428 tum
349 399 447 427 esse
477 383 695 439 coeperit.
752 383 869 426 Nam
899 385 1049 428 adhuc
1089 392 1261 429 tantum
1301 393 1485 431 conatus
1524 391 1712 432 audiun-

226 447 316 496 tur,
357 441 518 496 optimi
547 440 623 481 illi
652 439 835 494 quidem
865 445 910 482 et
938 444 1322 498 praeclarissimi,
1363 446 1440 486 sed
1479 451 1603 500 gesta
1644 462 1714 489 res

226 502 537 553 exspectatur:
578 509 710 551 quam
741 497 921 551 quidem
952 503 1027 539 aut
1056 499 1146 540 iam
1175 515 1272 542 esse
1305 501 1503 556 aliquam
1532 505 1608 543 aut
1637 515 1711 557 ap-

223 555 527 611 propinquare
557 551 752 594 confido.
821 553 923 594 Tua
959 553 1129 595 virtute
1160 560 1210 598 et
1236 558 1545 612 magnitudine
1575 557 1712 599 animi

222 610 342 653 nihil
375 615 443 653 est
471 609 684 669 nobilius.
744 608 903 662 Itaque
934 613 1152 663 optamus,
1191 617 1239 653 ut
1275 627 1407 666 quam
1447 615 1639 669 primum
1668 620 1711 655 te

222 667 271 710 in
299 667 436 710 Italia
463 666 711 709 videamus.
771 664 886 706 Rem
915 666 1144 720 publicam
1173 680 1252 708 nos
1283 669 1448 711 habere
1471 670 1712 711 arbitrabi-

221 737 345 777 mur,
384 725 424 765 si
453 736 535 765 vos
563 720 837 762 habebimus.
905 721 1152 763 Praeclare
1189 725 1454 772 viceramus,
1492 726 1580 768 nisi
1610 739 1711 780 spo-

220 780 399 833 liatum,
428 780 663 830 inermem,
692 776 936 831 fugientem
957 776 1159 832 Lepidus
1190 779 1434 834 recepisset
1454 781 1709 823 Antonium.

221 836 383 893 Itaque
413 848 639 891 nunquam
668 836 794 875 tanto
823 833 930 874 odio
961 833 1138 875 civitati
1156 834 1374 877 Antonius
1405 836 1509 888 fuit,
1542 841 1709 892 quanto

221 897 291 936 est
319 892 537 947 Lepidus.
595 891 686 932 Ille
716 890 834 930 enim
863 903 923 931 ex
952 891 1208 933 turbulenta
1238 906 1285 933 re
1315 893 1512 948 publica,
1541 893 1620 934 hic
1650 907 1710 934 ex

219 962 331 1005 pace
360 954 407 991 et
433 948 632 992 victoria
670 946 837 986 bellum
868 945 1102 987 excitavit.
1152 947 1294 993 >Huic
1333 950 1563 1004 oppositos
1604 963 1714 993 con=

218 1005 630 1059 mles-‚designatos
659 1000 898 1042 habemus:
939 1001 986 1042 in
1015 1002 1471 1059 quibus-estmagna
1499 1005 1584 1054 illa=
1607 1005 1712 1060 qui-.

219 1062 321 1102 dem
350 1068 466 1116 spes,
507 1059 589 1102 sed
619 1071 784 1110 anceps
814 1067 924 1098 cura
954 1061 1139 1111 propter
1166 1058 1376 1101 incertos
1394 1062 1546 1103 exitus
1576 1075 1707 1115 proe—

217 1117 396 1159 lim-um.
452 1114 687 1159 Persuade
715 1113 802 1156 tibi
831 1113 987 1168 igitur,
1028 1113 1075 1159 in
1106 1118 1150 1155 te
1180 1120 1225 1155 et
1253 1115 1301 1155 in
1330 1116 1473 1158 Bruto
1504 1122 1583 1158 tuo
1608 1131 1708 1164 esse

216 1173 389 1224 omnia3
439 1186 537 1215 vos¹
574 1169 855 1225 exspectari,
906 1168 1093 1210 Brutum
1145 1171 1327 1225 quidem
1376 1171 1466 1213 iam
1514 1172 1706 1228 iamque.

214 1230 353 1280 Quod
383 1229 448 1280 si,
488 1232 538 1270 ut
566 1239 723 1282 spere,
763 1224 902 1267 victis
932 1224 1139 1267 hostibus
1169 1227 1337 1272 nostris
1368 1229 1609 1275 veneritis,
1638 1234 1705 1270 ta-

214 1292 316 1328 me'n
345 1285 616 1327 auctoritate
643 1285 796 1325 vestra
825 1294 897 1323 res
926 1282 1110 1336 publica
1138 1288 1353 1338 exsurget
1391 1288 1436 1325 et
1473 1285 1520 1325 in
1552 1284 1705 1339 aliquo

213 1347 333 1384 statu
372 1341 606 1382 'tolerabili
645 1338 874 1381 consistet.
943 1338 1055 1379 Sunt
1094 1338 1213 1380 enim
1249 1340 1491 1394 permulta,·
1541 1342 1710 1395 quibus

211 1399 301 1440 erit
329 1397 622 1439 medendum:
664 1396 798 1436 etiam
827 1395 867 1435 si
898 1406 970 1436 res
1000 1395 1185 1448 publica⁴
1210 1395 1320 1437 satis
1350 1409 1446 1437 esse
1475 1395 1706 1438 videbitur

212 1453 462 1496 sceleribus
492 1451 690 1494 hostium
720 1451 926 1492 liberata.
985 1449 1117 1492 Vale.

210 1617 327 1661 versi,
354 1627 468 1652 wenn
493 1627 532 1651 es
558 1615 651 1650 bunt
671 1614 872 1663 hergehen
899 1615 1024 1650 sollte.
1076 1609 1272 1654 titubat-um
1290 1621 1383 1651 esset
1408 1616 1535 1651 Lamb.
1561 1629 1703 1660 „wenn

211 1678 250 1702 es
277 1666 429 1712 hnpern
454 1665 611 1702 sollte‚“
661 1683 709 1690 —-
755 1669 923 1709 potuero.
974 1663 1037 1698 Sic
1063 1665 1136 1699 Md.
1173 1665 1271 1699 Crat.
1308 1664 1405 1699 Vict.
1435 1668 1466 1700 1.
1493 1667 1526 1702 2.
1562 1666 1701 1709 Graev.

210 1714 349 1750 Bened.
372 1718 504 1759 potero
529 1714 651 1758 Neap.
677 1713 760 1747 Asc.
790 1716 821 1748 1.
849 1713 978 1747 Lamb.
1004 1713 1098 1747 Ern.
1125 1711 1216 1747 Sch.
1243 1714 1337 1747 Liir'i.
1368 1714 1441 1748 ΟΠ.
1467 1732 1513 1739 -
1548 1710 1701 1755 ornabo,

211 1763 278 1797 ich
304 1762 435 1797 werde
459 1760 772 1804 verherrlichen,
811 1761 985 1795 laudibus
1012 1768 1049 1796 et
1074 1761 1254 1807 praemiis
1280 1761 1526 1796 afficiendum
1551 1762 1700 1796 curabo.

211 1830 254 1837 —
282 1815 445 1855 conatus,
471 1811 664 1845 Vors‘aitze.
716 1810 786 1844 Est
808 1809 1029 1847 admonitio.
1081 1810 1243 1844 Conatus
1270 1816 1358 1844 sunt
1382 1805 1698 1851 laudabiles,'sed

208 1867 337 1895 tamen
364 1866 420 1895 est
445 1858 591 1904 aliquid
617 1858 878 1893 efficiendum.
930 1877 972 1882 —
1023 1862 1133 1901 gesta
1158 1869 1229 1901 res,
1257 1859 1460 1893 Dolabella
1486 1867 1697 1904 oppressus.

210 1929 253 1936 —
281 1909 357 1943 iam
376 1913 463 1942 'esse
484 1908 648 1952 aliquam
674 1919 757 1941 rem
782 1913 942 1955 gestam,
977 1906 1059 1940 dass
1085 1907 1204 1941 sehon
1231 1906 1360 1942 Etwas
1389 1906 1608 1955 geschehen
1633 1907 1699 1941 sei.

208 1957 439 2004 αρρνορίηφ,
463 1955 558 1990 oder
582 1955 678 1990 doch
704 1955 904 1990 n‘aichstens
930 1954 1148 2004 geschehen
1175 1955 1315 1990 werde.

302 2007 338 2040 3.
382 2009 416 2039 et
454 2010 510 2039 est
535 2016 580 2038 ex
607 2004 733 2049 suppl.
764 2016 837 2038 om.
873 2004 948 2038 Md.
974 2005 1094 2049 Neap.
1121 2004 1203 2038 Asc.
1232 2006 1264 2038 1.
1300 2003 1401 2038 Crat.
1436 2003 1536 2037 Vict.
1564 2006 1596 2038 1.
1623 2003 1698 2037 OR.

209 2075 252 2081 -—
279 2055 316 2088 si
339 2063 401 2086 vos
427 2053 452 2086 i.
480 2065 510 2088 e.
537 2060 576 2088 te
603 2058 639 2087 et
667 2054 715 2087 M.
743 2054 915 2087 Brutum.
943 2072 987 2077 —
1013 2053 1228 2086 viceramus.
1256 2052 1294 2086 S.
1321 2050 1473 2086 Ramsh.
1500 2052 1528 2094 §.
1559 2054 1638 2093 166,-
1664 2055 1699 2094 2,

208 2115 243 2145 c,
268 2103 315 2136 N.
343 2101 489 2136 Grotef.
518 2100 546 2144 §.
576 2102 654 2136 184.
681 2119 728 2125 —
754 2112 798 2134 ez
823 2101 915 2134 turb.
943 2112 982 2135 re
1002 2111 1054 2144 p.‚
1080 2113 1145 2135 aus
1171 2102 1239 2135 der
1263 2101 1515 2144 Verwirrung
1542 2100 1611 2134 der
1627 2101 1699 2134 Re-

205 2150 355 2196 publik.
382 2168 425 2174 —-
452 2160 546 2184 cons.
574 2150 715 2192 design.
742 2149 943 2184 Decimum
970 2150 1129 2183 Brutum
1157 2155 1193 2184 et
1215 2149 1414 2184 Plancum.
1435 2168 1479 2176 —-
1503 2148 1700 2193 inquibus,

203 2200 246 2233 in
271 2199 332 2234 his
369 2198 506 2243 posita.
555 2216 598 2223 ——
651 2208 796 2243 anceps,
831 2197 956 2240 dubia,
988 2196 1258 2232 schwankend.
1310 2208 1400 2231 cura
1434 2196 1509 2230 del.
1548 2198 1694 2231 censeb.

203 2250 301 2282 Man.
335 2247 409 2282 OR.

301 2297 335 2330 4.
371 2294 492 2329 omnia
518 2304 609 2337 esse,
643 2295 749 2329 Alles
775 2294 934 2330 beruhe.
985 2311 1028 2318 -
1079 2293 1153 2327 iam
1178 2293 1332 2339 iamque,
1357 2292 1596 2339 propediem,
1623 2294 1695 2327 mit

204 2344 328 2379 iedem
366 2342 618 2390 Augenblick.
668 2344 780 2377 Denn
814 2354 857 2377 er
889 2352 974 2377 war
1006 2342 1047 2375 in
1080 2342 1340 2383 Macedoniem
1375 2342 1454 2375 also
1493 2342 1615 2379 n'ciher
1640 2342 1695 2375 als

203 2393 354 2427 Cassius
380 2392 421 2425 in
444 2391 601 2436 Syrien.
634 2410 681 2416 --
718 2395 811 2425 auct.
837 2402 869 2424 v.
896 2390 919 2423 i.
949 2402 979 2424 e.
1015 2390 1185 2424 consiliis
1214 2397 1251 2425 et
1275 2390 1472 2424 sententiis
1499 2390 1536 2423 in
1564 2396 1695 2424 senatu

202 2441 385 2475 dicendis.
413 2459 459 2465 -—-
496 2440 715 2481 medendum,
741 2446 784 2474 ut
808 2438 1053 2485 corrigantur
1077 2439 1177 2473 mala
1203 2446 1240 2473 et
1264 2440 1358 2473 vitia
1384 2439 1603 2480 domestica,
1629 2439 1692 2471 ab·

204 2496 388 2538 rogentur
413 2488 639 2537 abroganda,
673 2488 951 2522 constituantur
977 2487 1246 2522 constituenda.
1282 2506 1324 2512 ——
1373 2488 1573 2521 sceleribus
1598 2486 1688 2519 host.

203 2550 279 2572 von
314 2537 387 2572 den
421 2536 790 2572 verbrecherischen
823 2536 1033 2570 Absichten
1068 2536 1138 2570 der
1173 2536 1319 2570 Feinde
1352 2541 1462 2570 statt
1496 2535 1690 2570 sceleratis

203 2586 390 2631 hostibus,
415 2586 601 2620 nimirum
626 2585 799 2621 hostibus
825 2596 981 2631 prorsus
1009 2584 1123 2620 victis
1152 2591 1189 2619 et
1214 2584 1429 2620 debellatis.
