1795 3086
190 127 252 173 70
451 126 514 168 Μ.
545 126 601 168 Τ.
643 123 983 167 CICERONIS
1033 123 1405 168 EPISTOLAE.

193 238 439 291 intellexit,
471 237 588 279 idem
617 249 791 292 semper
818 238 947 292 putat
974 249 1054 277 nec
1084 235 1222 288 videt,
1252 235 1414 291 quibus
1432 234 1672 289 praesidiis

191 294 505 351 philosophiae
534 296 714 348 saeptus
742 291 852 334 sim:
901 295 946 334 et
984 292 1156 339 hercle,
1193 291 1316 347 quod
1355 290 1541 332 timidus
1578 291 1676 354 ipse

191 354 273 398 est,
317 351 591 402 θορυβοποιεῖ.
658 349 757 403 Ego
804 352 951 389 tamen
997 347 1181 389 Antonii
1230 347 1525 389 inveteratam
1574 360 1674 388 sme

193 408 291 448 ulla
319 404 567 446 offensione
595 404 838 446 amicitiam
876 403 1070 446 retinere
1106 417 1214 445 sane
1252 403 1357 445 volo
1394 403 1674 458 scribamque

195 462 251 503 ad
281 474 395 507 eum,
423 460 504 503 sed
532 474 620 502 non
649 464 763 506 ante,
805 473 935 514 quam
972 463 1023 501 te
1057 459 1234 501 videro.
1309 458 1407 500 Nec
1447 463 1595 500 tamen
1632 463 1677 499 te

194 531 334 559 avoco
363 530 391 558 a
417 515 698 572 syngrapha:
736 513 829 566 γόνυ
867 512 1023 565 κνήμης.
1081 516 1195 558 Cras
1235 518 1448 570 exspecto
1488 515 1679 569 Leptam

194 575 318 670 ettn!
337 571 564 670 xardlcuius
594 576 738 614 rutam
767 570 949 626 pulegio
978 569 1092 612 mihi
1122 571 1190 613 tui
1219 571 1438 613 sermonis
1468 571 1678 613 utendum

197 642 243 670 es
269 659 278 669 .
385 641 407 669 a
429 642 463 670 e.

347 799 666 842 EPISTOLA
695 798 984 842 DCXCVII.
1043 798 1121 851 (ad
1149 798 1241 841 Att.
1272 798 1408 841 XIV„
1439 797 1528 848 15.)

351 875 431 910 Ser.
457 875 728 910 in¹Puteolan0
756 875 839 909 Kal.
867 873 951 908 Mai.
977 873 1021 908 A.
1049 873 1094 908 U.
1121 873 1161 908 C.
1189 876 1268 910 710.
1305 876 1350 918 (a.
1376 873 1420 908 G.
1449 874 1529 916 44.)

201 944 379 978 Laetatur
397 942 618 979 Dolabellae
643 942 844 977 severitate
870 941 1087 976 seditiosam
1112 941 1265 987 plebem
1291 941 1515 985 co‘e‘rcentis,
1543 948 1579 977 et
1603 954 1686 990 spe-

474 998 534 1026 rat
560 1003 620 1025 res
647 991 783 1025 melius
810 991 940 1034 ituras,
969 1001 1080 1036 quam
1106 989 1261 1024 fuerint.
1291 990 1394 1024 1-4.

722 1057 900 1092 CICERO
927 1055 1109 1091 ATTICO
1136 1055 1174 1090 S.

312 1127 524 1183 Epistola
552 1125 715 1171 brevis,
762 1138 877 1181 quae
922 1128 1077 1180 postea
1116 1137 1142 1163 a
1170 1126 1215 1164 te
1243 1123 1414 1178 scripta
1452 1128 1533 1171 est,
1581 1139 1685 1167 sane

203 1181 318 1224 mihi
346 1183 436 1224 suit
462 1181 671 1228 iucunda,
699 1180 756 1222 de
785 1180 919 1222 Bruti
949 1180 1005 1221 ad
1034 1179 1274 1221 Antonium
1316 1184 1361 1221 et
1402 1179 1459 1221 de
1487 1180 1686 1223 eiusdem

204 1238 260 1279 ad
290 1243 333 1280 te
363 1238 523 1281 literis.
580 1237 722 1279 Posse
748 1237 962 1278 videntur
989 1249 1085 1277 esse
1112 1236 1317 1289 meliora,
1368 1249 1499 1291 quam
1538 1237 1687 1279 adhuc

204 1294 395 1337 fuerunt.
455 1293 544 1336 Sed
572 1292 716 1339 nobis,
745 1292 821 1334 ubi
849 1292 987 1334 simus
1018 1296 1064 1333 et
1091 1305 1179 1347 quo
1209 1291 1298 1333 iam
1326 1305 1444 1333 nunc
1471 1305 1551 1333 nos
1581 1307 1686 1335 con·

205 1350 414 1404 feramus,
470 1348 793 1406 providendum
847 1353 928 1391 est.
1015 1348 1057 1390 Ο
1104 1346 1347 1390 mirificum
1399 1349 1688 1393 Dolabellam

208 1554 235 1575 s.
264 1552 322 1586 ep.
350 1541 433 1584 682,
463 1543 493 1574 l.
519 1559 566 1566 —-
590 1541 683 1574 idem
708 1551 831 1584 semp„
860 1551 898 1573 es
923 1539 977 1572 sei
1003 1537 1102 1572 noch
1127 1539 1266 1572 immer
1289 1549 1340 1573 so.
1375 1557 1422 1564 —
1454 1537 1607 1586 θορυβ.,
1629 1545 1691 1574 tu·-

209 1589 373 1622 multum
398 1589 540 1623 excitat
564 1589 590 1622 i.
615 1601 645 1622 e.
672 1588 753 1634 ipse
781 1593 948 1623 terretur
973 1593 1009 1622 et
1034 1587 1128 1622 alios
1154 1593 1285 1622 terret.
1325 1603 1368 1611 —
1403 1586 1564 1630 inveter„
1591 1588 1691 1622 viel-

209 1637 372 1683 sahi-ige,
399 1637 660 1684 eingealterte.
696 1656 739 1662 —
781 1646 893 1670 avoco
919 1646 942 1668 a
966 1646 1106 1680 syngr.‚
1145 1635 1212 1670 ich
1236 1634 1323 1671 will
1347 1634 1448 1670 Dich
1485 1635 1595 1670 nicht
1619 1648 1693 1671 von

211 1686 486 1733 Ausfertigung
527 1686 589 1719 des
628 1684 995 1719 Schulddocuments
1037 1684 1269 1733 abgehalten
1309 1683 1443 1718 haben.
1507 1683 1594 1718 Thu
1626 1684 1691 1719 das

211 1745 297 1774 nur,
324 1733 360 1767 ie
387 1733 493 1777 eber,
520 1735 556 1768 ie
581 1733 723 1767 lieber!
760 1734 800 1767 in
827 1732 976 1766 meiner
1000 1732 1282 1767 Abwesenheit.
1333 1750 1376 1756 --
1424 1728 1516 1777 γόνυ
1541 1729 1690 1777 κνήμης.

210 1781 458 1816 Proverbium
485 1793 583 1825 genu
608 1781 700 1815 tibia
722 1781 892 1825 propius,
926 1791 996 1825 pro
1024 1790 1097 1824 quo
1123 1780 1273 1814 Latini:
1316 1779 1438 1814 tunica
1462 1780 1580 1825 pallio
1603 1793 1693 1826 pro-

210 1831 297 1874 pior
333 1830 411 1873 (das
445 1830 568 1864 Hemd
607 1830 701 1875 liegt
736 1829 856 1863 n'a'her
888 1829 940 1864 als
974 1828 1044 1863 dex·
1074 1829 1212 1870 Rock).
1264 1827 1463 1876 Significat
1500 1829 1692 1874 antiquius

211 1878 285 1912 sibi
309 1889 403 1920 esse,
430 1885 472 1911 ut
493 1878 691 1924 pecuniam
717 1877 809 1911 Tiro
837 1876 908 1911 sibi
935 1887 954 1910 e
979 1877 1199 1925 syngrapha
1224 1875 1387 1910 debitam
1412 1877 1553 1924 exigat,
1581 1889 1692 1923 quam
1723 1883 1729 1885 “

211 1933 254 1960 ut
280 1937 366 1959 eum
393 1938 436 1960 eo
462 1926 507 1961 de
530 1926 688 1973 epistola
715 1926 761 1960 ad
785 1926 956 1960 Atticum
980 1925 1178 1959 scribenda
1202 1924 1403 1959 deliberet.
1447 1945 1488 1951 --
1529 1926 1694 1971 Leptam.

214 1974 250 2008 S.
279 1986 326 2008 zu
351 1985 408 2019 ep.
436 1976 503 2010 521
531 1975 584 2009 im
610 1975 700 2009 Anf.
728 1976 809 2010 631.
858 1992 899 1998 —
951 1977 986 2006 ee
1009 1975 1054 2006 n!
1086 1974 1137 2007 ad
1158 1973 1270 2006 cuius.
1319 1972 1385 2007 Sic
1416 1972 1493 2011 Md.
1527 1975 1581 2014 (et
1615 1975 1693 2009 CN.

213 2022 344 2066 Basil.)
382 2024 486 2057 Patet
521 2023 560 2056 in
600 2022 671 2057 hoc
705 2023 824 2056 latere
857 2021 919 2054 vel
959 2027 1086 2056 notam
1123 2021 1287 2055 nominis
1322 2021 1481 2055 alicuius
1513 2021 1693 2066 hominis,

214 2070 312 2115 quod
337 2081 475 2104 nomen
501 2071 673 2105 omnibus
710 2070 834 2104 literis
871 2068 1034 2103 scribere
1066 2069 1239 2113 nolebat3
1282 2069 1344 2105 vel
1378 2070 1491 2105 etiam
1526 2071 1694 2105 reticen—

214 2120 306 2152 tiam
333 2119 514 2163 aliquam,
541 2119 665 2154 veluti
690 2118 781 2152 alibi
807 2117 885 2158 elsi,
913 2118 976 2151 sed
999 2122 1131 2157 tamen,
1158 2122 1410 2151 verumtamen.
1460 2118 1543 2152 Del.
1567 2125 1695 2153 notam

215 2167 520 2200 inextricabilem
547 2166 637 2201 Cdd.
662 2167 752 2212 aliq.
781 2166 870 2201 sch.
896 2166 990 2199 Liin.
1029 2166 1158 2199 etenim
1193 2177 1348 2211 prorsus
1380 2172 1559 2211 corrupte
1592 2168 1694 2202 Crat.

215 2215 315 2255 Via,
344 2217 377 2250 1.
394 2217 438 2251 3.
465 2215 591 2248 Lamb.
619 2215 756 2250 Graev.
781 2215 876 2248 Ern.
903 2213 1041 2248 Bened.
1079 2214 1277 2249 ORELLI.
1317 2215 1369 2247 Es
1394 2214 1545 2248 scheint
1570 2220 1603 2248 et
1629 2227 1694 2249 na-

217 2268 294 2297 tum
319 2263 413 2297 oder
437 2275 516 2296 cnm
541 2269 627 2297 nato
654 2276 701 2297 zu
725 2263 922 2297 bedeuten.
970 2263 1049 2296 Der
1081 2262 1195 2296 Vater
1227 2262 1361 2296 wollte
1394 2262 1475 2296 sein
1508 2262 1698 2298 So’hnlein

216 2312 302 2346 dem
327 2311 462 2346 Cicero
486 2311 708 2354 voi-stenen,
742 2310 860 2344 damit
885 2320 928 2343 er
951 2309 1034 2344 ihm
1060 2322 1099 2345 so
1124 2316 1213 2359 gute
1237 2310 1393 2344 Lehren
1419 2310 1538 2355 geben
1563 2311 1696 2346 miich·
1767 2307 1769 2327 ³

215 2367 266 2403 te,
292 2360 368 2394 wie
396 2372 453 2405 ep.
478 2361 562 2404 521,
587 2362 610 2395 3
635 2371 670 2394 u.
698 2371 756 2393 am
782 2358 901 2393 Ende.
941 2362 1004 2383 —“⁴
1022 2359 1071 2392 ad
1093 2359 1196 2393 cuius
1221 2363 1341 2393 rutam
1367 2384 1375 2392 .
1403 2382 1411 2392 .
1437 2360 1606 2394 utendum
1631 2363 1698 2403 est,
1766 2361 1769 2372 ⁴

215 2409 348 2442 dessen
375 2415 489 2443 etwas
515 2420 563 2443 zu
590 2407 696 2442 stark
721 2407 792 2442 mit
815 2407 932 2440 Raute
964 2409 1159 2454 gewiirzte
1196 2407 1465 2442 conversation
1497 2407 1563 2442 ich
1596 2407 1697 2442 ohne
1748 2418 1755 2422 ·

218 2457 292 2490 den
318 2456 421 2490 Polei
456 2456 525 2491 der
550 2457 738 2504 Deinigen
773 2454 882 2489 nicht
913 2454 1021 2489 wohl
1056 2456 1255 2503 geniessen
1293 2455 1409 2490 kann.
1460 2455 1697 2499 Amaritudo,

217 2504 356 2549 inquit,
381 2505 565 2539 sermonis
590 2505 732 2549 Leptae
757 2503 943 2538 sermonis
976 2502 1034 2536 tui
1071 2503 1251 2550 suaxsitate
1285 2503 1391 2548 quasi
1424 2511 1508 2539 ruta
1540 2504 1698 2552 pulegio

218 2553 402 2587 conditur.
455 2552 595 2598 Lepida
622 2551 849 2586 similitudo!
886 2551 1087 2587 MANUT.
1139 2552 1243 2587 Uber
1268 2559 1351 2586 ruta
1377 2565 1403 2586 s.
1431 2553 1557 2588 meine
1582 2553 1697 2587 'Flora

219 2601 325 2635 class.
353 2601 443 2635 seit.
472 2603 559 2644 1103
585 2601 679 2635 iiber
699 2600 821 2644 puleg.
848 2599 921 2633 das.
948 2599 1040 2634 Scit.
1069 2601 1148 2635 151.

316 2651 419 2685 1—2.
471 2660 547 2683 esse
577 2663 626 2680 =
658 2649 758 2683 fieri.
808 2648 938 2692 „Alles
972 2647 1123 2682 scheint
1156 2648 1257 2682 noch
1289 2648 1416 2682 besser
1454 2647 1608 2682 werden
1652 2661 1699 2682 zu

218 2696 383 2731 k'o'nnen.
435 2698 554 2732 Haec:
604 2698 772 2742 Epistola
798 2721 806 2729 .
833 2722 840 2729 .
869 2721 877 2729 .
904 2696 1160 2740 providendum
1193 2701 1245 2730 est
1279 2696 1476 2745 coniungit
1512 2707 1598 2731 cum
1624 2697 1695 2741 Ep.

220 2746 391 2791 praeced.
418 2746 520 2780 Crat.
548 2753 583 2781 et
608 2747 682 2780 XV.
709 2745 848 2791 incipit
873 2745 947 2777 VV.
1007 2744 1038 2779 0
1069 2744 1290 2786 mirificum.-
1330 2756 1444 2789 eaque
1477 2744 1613 2779 divisio
1639 2745 1697 2778 vi-

225 2794 334 2828 detur
360 2794 505 2839 requiri
532 2807 551 2829 a
577 2795 616 2829 V.
637 2798 772 2839 postea.
816 2792 1009 2828 ORELLI.
1059 2795 1135 2829 Der
1172 2793 1401 2842 vorhergeh.
1428 2792 1535 2828 Brief
1556 2794 1605 2828 ist
1630 2793 1699 2830 der
