1795 3086
178 72 263 118 170
451 73 516 115 M.
549 73 605 115 T.
639 70 979 116 CICERONIS
1007 71 1382 116 EPISTOLAE.

171 185 235 226 Μ.
266 184 497 226 Axiaanum
528 184 781 237 adhibebis,
823 187 872 226 ut
900 184 1078 226 scribis.
1145 183 1278 236 Quod
1318 197 1417 226 cum
1457 185 1650 227 Cosiano

171 242 326 295 egisti,
355 241 542 295 optime.
602 240 738 290 Quod
766 253 852 281 non
883 242 1025 282 solum
1055 255 1167 294 mea,
1206 253 1360 282 verum
1403 241 1537 283 etiam
1576 246 1649 282 tua

171 297 395 352 expedis,
434 301 622 350 gratum.
691 296 981 350 Legationem
1029 298 1209 351 probari
1250 309 1415 348 meam,
1464 297 1649 350 gaudeo.

171 353 310 402 Quod
338 352 586 404 promittis,
616 351 683 393 dii
712 352 882 394 faxint!
927 352 1049 403 Quid
1081 353 1198 394 enim
1225 350 1340 391 mihi
1368 352 1479 392 meis
1499 353 1650 393 iucun-

171 408 301 448 dius?
356 407 454 449 'Sed
501 409 658 460 istam,
707 420 837 463 quam
881 412 930 449 tu
977 409 1176 463 excipis,
1227 411 1387 450 metuo.
1463 406 1651 448 Brutum

171 477 308 518 quum
338 476 605 515 convenerm
635 464 909 518 perscribam
938 466 1101 506 omnia.
1169 464 1239 504 De
1276 463 1450 504 Planco
1488 467 1534 503 et
1562 462 1650 504 De-

171 521 316 567 cimo,
369 533 475 561 sane
519 520 668 561 velim.
738 519 924 560 Sextum
973 524 1144 560 scutum
1193 518 1388 560 abiicere
1431 519 1649 559 nolebam.

172 575 246 615 De
263 573 456 627 Mundo,
484 575 524 616 si
555 576 666 630 quid
694 576 823 616 scies.
869 574 1100 629 Rescripsi
1129 574 1186 615 ad
1208 576 1355 615 omnia
1379 578 1467 615 tua.
1517 573 1650 614 Nunc

169 636 329 673 nostra.
357 631 523 684 accipe.
592 631 786 680 Quintus
824 629 945 670 filius
984 644 1124 684 usque
1153 629 1392 672 Puteolos:
1431 652 1484 660 ’-
1512 629 1651 670 mirus

168 685 301 736 civis,
336 691 384 727 ut
411 691 459 727 tu
486 687 748 737 Favonium,
780 685 983 726 Asinium
1009 685 1159 726 dicas:
1189 708 1243 714 —
1272 690 1317 727 et
1338 685 1518 740 quidem
1541 685 1651 725 duas

169 743 226 784 ob
254 754 432 795 canusaS,
460 746 505 782 et
533 747 584 783 ut
612 755 799 787 mecum,
829 745 874 782 et
902 742 1151 780 σπείσασθαι
1184 741 1281 782 vult
1308 754 1409 782 cum
1438 741 1578 782 Bruto
1607 745 1651 781 et

168 898 278 933 bebat
316 903 354 932 et
391 908 485 941 quae
519 902 599 930 erat
630 895 856 930 semissibus.
891 895 1000 932 SCH.
1061 895 1141 930 Der
1173 895 1327 929 Tullius
1371 894 1477 929 hatte
1519 893 1648 929 wahr-

167 945 394 981 scheiiilich
422 946 481 978 bei
506 945 591 978 dem
616 945 693 977 Bau
719 945 803 978 eine
829 943 959 978 solche
977 942 1192 991 Rechnung
1213 943 1373 976 macheu
1389 942 1544 984 wollen‚
1569 942 1651 975 dass

169 1007 212 1028 er
236 994 285 1028 sei
303 1005 347 1027 ne
372 993 517 1027 Schuld
540 1004 587 1025 an
614 992 748 1027 Cicero
775 991 953 1040 zugleich
977 991 1097 1024 damit
1121 991 1243 1039 tilgen
1268 991 1422 1025 kiinnte.
1450 989 1487 1025 S.
1514 1002 1561 1023 zu
1587 1001 1646 1035 ep.

168 1045 251 1085 744,
276 1045 319 1077 ⁴1.
371 1061 413 1066 —
464 1041 521 1074 M.
545 1040 742 1074 Asianum.
780 1040 843 1074 Sic
868 1039 934 1073 Cd.
961 1038 1125 1073 Crusell.
1152 1040 1246 1072 Man.
1275 1038 1402 1072 Lamb.
1428 1039 1507 1072 Bos.
1534 1037 1647 1081 Seqq.

167 1090 390 1125 „Maxinnam
421 1089 494 1122 Md.
527 1088 644 1122 Oxon.
680 1091 712 1122 1.
749 1089 783 1122 2.
821 1089 950 1134 Margo
981 1086 1080 1120 Crat.
1115 1088 1316 1120 maximam
1354 1086 1422 1121 Cd.
1458 1085 1649 1124 Graeteri,

166 1140 248 1173 Asc.
278 1140 315 1173 11.
344 1137 443 1171 Orat.
483 1136 557 1170 OR.
631 1134 771 1168 Grater
802 1133 1035 1173 vermuthet,
1073 1134 1155 1168 dass
1187 1134 1317 1169 hinter
1347 1134 1548 1167 maximam
1585 1132 1648 1166 das

166 1185 390 1222 Wtirtchen
414 1194 540 1217 curam
564 1183 802 1231 ausgefallen
827 1183 893 1216 sei.
946 1184 1025 1217 Der
1050 1183 1098 1216 Μ.
1131 1182 1298 1216 Axianus
1327 1182 1379 1216 ist
1415 1182 1499 1215 eine
1523 1180 1648 1227 viillig

167 1234 291 1269 unbek
303 1239 415 1267 annte
440 1233 591 1266 Person.
650 1231 786 1265 Lieber
819 1229 970 1264 mb'chte
1002 1242 1089 1263 man
1122 1231 1179 1265 M.
1209 1230 1428 1264 Cascellium
1453 1228 1648 1264 vorschla-

166 1295 254 1330 gen,
281 1281 354 1315 der
379 1279 572 1314 Auskunft
596 1279 717 1324 geben
742 1278 896 1312 konnte.
933 1277 971 1311 S.
998 1289 1055 1323 ep.
1084 1279 1166 1319 744,
1192 1280 1225 1312 4.
1255 1297 1298 1303 —
1325 1279 1495 1312 Cosiano.
1521 1276 1646 1310 hamb.

169 1330 359 1371 Cottiano,
386 1327 476 1362 Sch.
502 1328 597 1365 Lim,
625 1326 780 1361 Cosano.
831 1325 971 1360 Schiitz
998 1325 1164 1359 erkl'a'rt:
1191 1325 1386 1373 Intelligit
1401 1325 1577 1366 Sestium,
1603 1325 1648 1357 de

169 1389 242 1422 quo
268 1389 330 1423 ep.
358 1377 441 1417 745,
468 1378 498 1410 1.
527 1386 640 1418 quem
666 1387 685 1407 a
711 1374 878 1420 praedio,
906 1373 1004 1419 quod
1029 1372 1188 1407 habebat
1212 1385 1332 1419 prope
1357 1373 1503 1414 Cosam,
1531 1372 1647 1405 cosa-

167 1437 251 1461 num
276 1430 401 1459 vocat.
428 1442 471 1447 —
507 1423 670 1467 expedis,
696 1434 743 1456 zu
768 1422 906 1456 Stande
931 1422 1091 1469 bringst.
1118 1426 1179 1455 tua
1203 1432 1259 1455 me
1283 1422 1429 1465 expedis
1452 1420 1526 1454 Md.
1554 1420 1650 1454 For-

168 1482 284 1508 tasse:
311 1483 385 1506 non
407 1482 437 1506 s.
465 1482 558 1513 mea,
583 1482 706 1504 verum
730 1471 841 1503 etiam
864 1481 922 1503 me
946 1481 1026 1513 exp.
1055 1470 1130 1503 ΟΒ.
1155 1469 1443 1512 ‚‚entwirrest.“
1463 1485 1506 1492 -
1531 1479 1648 1501 meam

168 1522 411 1565 legationem,
451 1519 576 1552 meine
601 1517 800 1552 Annahme
834 1518 902 1550 der
926 1517 1253 1572 Legationsstelle.
1303 1516 1340 1551 S.
1367 1517 1473 1562 epist.
1501 1517 1583 1555 724,
1610 1516 1646 1552 4.

169 1572 252 1611 730,
281 1572 313 1604 1.
339 1570 424 1610 731,
449 1569 484 1602 2.
511 1569 594 1608 732,
621 1569 653 1600 1.
683 1584 723 1591 -
748 1565 905 1610 probari
927 1565 1012 1608 tib1‚
1038 1577 1057 1598 a
1081 1572 1130 1599 te.
1160 1583 1203 1589 —
1238 1565 1335 1609 quod
1354 1563 1554 1608 promittis.
1579 1563 1647 1598 At-

170 1621 266 1653 ticus
288 1616 519 1663 promiserat
546 1627 585 1649 se
612 1614 835 1648 Ciceronem
868 1624 955 1647 mox
988 1613 1029 1645 in
1062 1613 1223 1647 Graecia
1256 1613 1428 1646 visurum
1462 1611 1554 1654 (vid.
1588 1623 1645 1657 ep.

168 1665 345 1712 praeced.
373 1664 402 1707 §.
429 1666 494 1706 2.),
521 1662 596 1695 nisi
621 1664 721 1696 forte
746 1661 892 1696 Atticae
916 1660 1091 1695 valetudo
1116 1660 1348 1706 impedierit.
1397 1661 1492 1694 Eam
1524 1660 1647 1708 igitur

169 1715 303 1749 Cicero
328 1712 479 1747 metuit.
505 1711 613 1746 SCH.
641 1729 684 1734 —
712 1710 816 1753 meis,
841 1710 876 1743 d.
903 1709 927 1742 i.
953 1709 1008 1743 als
1033 1709 1105 1747 bes,
1129 1709 1283 1743 meinen
1306 1708 1458 1742 Freund
1484 1708 1544 1741 bei
1569 1708 1645 1741 mir

169 1776 216 1798 zu
241 1762 380 1796 haben.
433 1780 475 1786 —
524 1770 614 1793 sane
637 1758 744 1792 velim
769 1758 821 1791 ita
847 1768 981 1791 verum
1006 1769 1096 1798 esse,
1121 1763 1163 1790 ut
1189 1756 1332 1790 scribis.
1383 1756 1554 1798 Plancus,
1580 1755 1645 1789 de-

169 1811 358 1858 signix‘ter
390 1807 546 1848 Consul,
585 1807 655 1841 der
689 1806 742 1839 im
769 1805 1127 1840 Narbonensischen
1150 1804 1301 1838 Gallien
1335 1816 1430 1847 war,
1464 1804 1566 1837 hiess
1592 1814 1645 1847 es,

168 1858 300 1893 werde
336 1857 419 1892 sich
452 1856 524 1889 mit
556 1855 644 1889 dem
676 1854 821 1888 andern
857 1854 1097 1902 designirten
1130 1852 1270 1886 Consul
1293 1852 1469 1887 Decimus
1494 1852 1645 1894 Brutus,

167 1907 238 1940 der
263 1905 344 1939 sich
373 1906 425 1939 im
442 1902 745 1949 Cisalpinischen
770 1902 920 1944 bestmd,
947 1899 1307 1950 gemeinschaftlich
1325 1911 1450 1948 geg-en
1463 1899 1648 1933 Antonius

167 1953 392 1989 verbinden.
420 1971 463 1977 —-
505 1952 650 1986 Sextum
676 1950 896 1995 Pompeium
921 1955 1056 1984 scutum
1081 1950 1105 1982 i.
1135 1960 1165 1982 e.
1189 1960 1293 1981 arma
1315 1948 1492 1987 abiicere,
1517 1947 1561 1980 ab
1585 1958 1646 1980 ar-

167 2003 239 2036 mis
264 2001 463 2043 recedere,
495 2000 541 2034 ad
566 2010 697 2045 pacem
722 1998 848 2032 redire
875 1999 985 2032 velle.
1036 1996 1276 2040 Metonymia.
1314 1996 1371 2029 Er
1403 1996 1534 2031 schien
1565 1995 1647 2028 sich

165 2051 205 2084 in
232 2049 380 2083 diesem
398 2047 658 2093 Augenblicke
683 2046 807 2080 durch
828 2045 1059 2090 Vorschlage
1085 2055 1174 2078 vom
1185 2043 1347 2089 Lepidus
1372 2056 1458 2077 zum
1484 2043 1647 2077 Frieden

164 2111 213 2132 zu
239 2097 397 2146 neigen,
423 2108 501 2131 was
527 2096 615 2129 aber
640 2094 749 2129 nicht
773 2107 821 2128 zu
833 2094 973 2128 Stande
998 2094 1096 2126 kam.
1145 2103 1219 2126 om.
1245 2092 1407 2125 nolebam
1425 2091 1501 2127 Md.
1529 2091 1644 2124 Oxon.

165 2150 199 2182 l.
226 2147 261 2181 2.
291 2146 376 2180 Asc.
405 2146 436 2179 1.
474 2144 574 2177 Crat.
598 2144 703 2180 Vict.
732 2145 764 2176 1.
791 2144 823 2177 2.
858 2144 974 2178 Man:
1010 2148 1052 2175 ut
1079 2140 1130 2174 sit
1154 2140 1376 2175 exclamatio
1400 2139 1642 2187 indignantis.

166 2195 244 2229 ΟΕ.
273 2212 319 2220 -—
346 2193 404 2226 De
428 2192 584 2228 Mando.
617 2191 652 2225 S.
679 2202 738 2236 ep.
766 2191 848 2232 743,
873 2190 907 2224 5.

262 2263 301 2297 2.
337 2269 449 2304 usqne
473 2258 646 2293 Puteolos
682 2270 743 2292 me
768 2257 967 2292 comitatus
1003 2263 1068 2290 est.
1120 2255 1204 2289 Vid.
1232 2266 1289 2300 ep.
1317 2255 1386 2290 745
1419 2254 1486 2288 sub
1510 2254 1574 2287 fin.
1604 2272 1644 2278 —

165 2309 269 2352 civis,
293 2307 457 2342 Pau-iot.
491 2325 535 2331 —
567 2310 605 2340 ul
631 2307 685 2340 Tu
710 2305 908 2340 Favonium
933 2304 1103 2338 Asinium
1128 2305 1271 2337 factum
1297 2314 1376 2337 esse
1400 2302 1512 2341 dicas,
1537 2301 1647 2344 „dass

164 2369 253 2392 man
278 2355 448 2404 glauben
471 2354 596 2396 sollte,
622 2355 684 2388 ein
701 2354 850 2388 Asinius
877 2352 932 2386 sei
959 2364 1046 2386 zum
1071 2352 1258 2386 Favonius
1283 2350 1527 2398 geworden.“
1563 2349 1647 2383 Asi-

165 2406 253 2439 nius
278 2397 409 2440 'Pollio
433 2414 516 2438 war
540 2402 609 2435 der
634 2402 858 2436 erkl'a'rteste
885 2401 1122 2442 Ciisarianer3
1157 2400 1343 2434 Favonius
1377 2399 1548 2446 dagegen
1579 2397 1648 2431 der

165 2454 398 2488 erklarteste
423 2450 720 2496 Republikaner.
772 2449 879 2482 Eben
904 2448 1048 2489 darum,
1086 2449 1175 2482 aber
1208 2447 1308 2482 ohne
1342 2446 1460 2489 Noth,
1498 2445 1646 2479 verbes-

166 2507 270 2536 serte
294 2499 454 2535 Ernesti
479 2498 681 2533 Favonium
706 2498 870 2538 alterum,
897 2509 972 2531 was
999 2496 1142 2544 Seliutz
1167 2496 1341 2543 billigte:
1376 2507 1465 2535 „aus
1492 2493 1647 2537 Quintus

166 2550 220 2584 sei
246 2549 312 2584 ein
340 2547 506 2583 zweiter
530 2546 717 2580 Favonius
744 2545 991 2593 geworden.“
1040 2545 1143 2580 Uber
1168 2544 1318 2578 Asinius
1345 2556 1372 2577 s.
1389 2556 1420 2576 z.
1438 2543 1576 2588 ep.799
1592 2540 1645 2572 im

170 2599 281 2641 Anf.;
308 2597 405 2631 iiber
421 2596 610 2629 Favonius
630 2606 676 2628 zu
698 2605 754 2639 ep.
778 2595 859 2635 724,
881 2597 919 2636 l;
945 2593 1036 2626 iiber
1052 2594 1091 2636 Q.
1109 2592 1211 2625 filius
1229 2604 1286 2637 ep.
1306 2593 1387 2632 748,
1410 2593 1453 2626 6:
1480 2589 1521 2631 Q.
1544 2588 1646 2624 filius

165 2646 265 2678 mihi
291 2644 505 2691 pollicetur
527 2654 565 2677 se
591 2643 783 2677 Catonem.
836 2661 877 2666 -—
926 2646 964 2674 ue
989 2652 1129 2674 mecum
1164 2640 1303 2674 diutius
1337 2650 1415 2673 esse
1440 2636 1570 2683 possit.
1604 2655 1644 2659 -

165 2692 471 2728 σπείσασθαι
503 2692 586 2727 vult.
624 2702 651 2724 c.
687 2691 755 2724 Br.
789 2694 823 2723 et
851 2689 892 2723 C.
928 2690 951 2722 i.
979 2700 1009 2722 e.
1046 2701 1132 2722 cum
1169 2689 1215 2722 iis
1249 2687 1401 2734 pacisci,
1436 2685 1481 2719 ad
1516 2695 1647 2719 eorum

164 2748 299 2787 parteis
323 2740 500 2783 transire,
537 2739 636 2785 quod
663 2746 700 2774 et
727 2744 813 2773 ante
839 2738 1042 2773 iactaverat
1068 2749 1126 2784 ep.
1153 2738 1234 2782 731,
1260 2739 1293 2773 2.
1330 2733 1557 2770 σπένδεσθαί
1582 2744 1648 2766 τινι
