1795 3086
232 87 326 136 330
515 64 578 134 Μ’.
611 92 667 134 Τ.
701 91 1042 135 CICERONIS
1072 91 1447 136 EPISTOLAE„

232 207 350 246 esset
397 206 473 246 aut
514 205 558 244 in
599 204 799 259 praemio
839 204 1024 259 virtutis
1063 209 1140 247 aut
1179 205 1223 245 in
1263 203 1434 246 honore
1471 205 1716 246 verborum,

234 261 288 301 Id
319 274 377 302 ex
408 261 505 313 ipso
535 264 715 302 senatus
754 261 961 303 consulto
991 262 1162 316 poteris
1187 272 1482 313 cognoscere:
1512 261 1578 302 ita
1602 261 1716 301 enim

231 320 300 358 est
329 316 643 371 perscriptum,
686 320 736 357 ut
775 329 802 358 a
841 330 910 357 me
949 316 1005 358 de
1034 317 1205 372 scripto
1236 317 1357 358 dicta
1385 317 1601 358 sententia
1629 322 1715 358 est:

231 386 362 428 quam
392 378 570 413 senatus
599 373 808 427 frequens
837 376 1018 414 secutus
1058 377 1125 414 est
1163 387 1333 414 summo
1363 373 1511 413 studio
1540 385 1717 426 magno-

166 427 173 439 ’
231 443 318 484 que
348 441 576 469 consensu.
635 428 735 483 Ego
766 442 1029 483 quamquam
1059 443 1117 471 ex
1148 430 1238 470 tuis
1270 429 1433 481 literis⁷
1464 442 1572 483 quas
1602 428 1715 468 mihi

228 483 408 536 misisti,
459 498 779 538 perspexeram
828 488 871 525 te
912 486 1054 540 magis
1098 486 1269 526 iudicio
1311 487 1540 531 bonorum,
1586 498 1716 538 quam

227 540 477 595 insignibus
506 540 681 595 gloriae
712 540 951 581 delectari:
995 550 1142 582 tamen
1183 542 1552 582 considerandum
1591 540 1716 581 nobis

229 596 505 649 existimavi,
547 598 682 638 etiam
721 597 759 638 si
798 601 846 638 tu
876 596 993 638 nihil
1024 598 1288 652 postulares,
1339 603 1550 652 quantum
1579 595 1663 637 tibi
1692 609 1718 636 a

228 667 276 694 re
304 653 485 706 publica
514 653 766 695 deberetur.
845 652 917 694 Tu
946 659 1159 695 contexes
1188 659 1385 695 extrema
1414 668 1515 695 cum
1544 652 1714 707 primis.

227 709 321 759 Qui
350 709 467 750 enim
495 708 562 751 M.
594 710 837 750 Antonium
867 711 1153 763 oppresserit,
1190 710 1229 750 is
1259 711 1425 751 bellum
1454 709 1714 751 confecerit.

226 766 387 821 [taque
417 765 641 807 Homerus
681 779 769 807 non
799 765 985 807 Aiacem
1026 778 1108 807 nec
1138 764 1377 818 Achillem,
1420 767 1498 807 sed
1529 767 1714 808 Ulixem

227 821 473 877 appellavit
501 823 783 872 πτολίπορθον.
842 820 973 862 Vale.

364 990 679 1034 EPISTOLA
710 990 1094 1034 DCCCXXXII.
1155 992 1229 1041 (ad
1261 992 1367 1035 Div.
1397 990 1458 1034 X.
1493 993 1578 1044 19.)

418 1065 499 1101 scr.
525 1066 666 1100 Romae
692 1078 820 1101 mense
847 1067 943 1100 maio
976 1067 1020 1100 A.
1047 1066 1092 1100 U.
1121 1066 1161 1100 c.
1188 1069 1269 1102 m.
1298 1068 1347 1110 (a.
1375 1068 1415 1102 c.
1445 1069 1520 1110 43.)

226 1134 443 1169 Gratiarum
483 1133 672 1167 actionem
707 1132 778 1166 sibi
818 1132 1033 1174 iucundam,
1077 1131 1206 1166 literas
1248 1134 1394 1167 senatui
1434 1141 1556 1182 gratas
1601 1135 1713 1169 ruisse

351 1181 543 1229 significat
568 1187 619 1225 et,
644 1187 686 1215 ut
712 1181 894 1225 reliquias
923 1180 1016 1214 belli
1042 1180 1228 1223 conficiat,
1255 1181 1440 1216 hortatur.
1483 1185 1587 1218 1—2.

767 1253 947 1287 CICERO
972 1252 1175 1287 PLANCO.

336 1326 615 1382 Quamquam
655 1325 902 1381 gratiarum
951 1326 1168 1367 actionem
1198 1338 1223 1368 a
1262 1329 1306 1368 te
1356 1341 1444 1369 non
1485 1327 1710 1369 desidera²

224 1386 337 1430 bam,
367 1397 500 1438 quum
530 1387 574 1424 te
605 1396 652 1423 re
682 1384 779 1438 ipsa
807 1386 941 1437 atque
981 1383 1130 1424 animo
1169 1384 1333 1424 scirem
1373 1397 1468 1425 esse
1507 1386 1705 1437 gratissi-

224 1454 358 1492 mum,
389 1444 541 1480 tamen
568 1461 622 1468 -
653 1438 881 1480 fatendum
923 1443 992 1479 est
1029 1438 1149 1480 enim
1177 1461 1232 1468 ·—
1260 1439 1347 1481 fuit
1386 1454 1439 1481 ea
1467 1440 1582 1480 mihi
1611 1455 1711 1495 pera

224 1496 432 1537 iucunda.
491 1494 567 1536 Sic
597 1495 712 1536 enim
742 1495 853 1541 vidi,
881 1495 1009 1550 quasi
1039 1508 1104 1547 ea,
1143 1508 1256 1550 quae
1287 1496 1430 1537 oculis
1460 1502 1712 1544 cernuntur,

224 1566 293 1593 me
334 1566 360 1593 a
394 1556 440 1592 te
469 1552 625 1593 amari.
684 1551 839 1604 Dices,
891 1550 1002 1605 quid
1041 1552 1197 1591 antea?
1255 1551 1441 1606 Semper
1480 1553 1709 1607 equidem:

223 1608 304 1650 sed
333 1621 555 1663 nunquam
584 1607 819 1648 illustrius.
888 1607 1071 1649 Literae
1110 1610 1213 1648 tuae
1252 1607 1522 1650 mirabiliter
1559 1613 1710 1664 gratae

220 1769 315 1805 Ern.
343 1768 431 1802 Sch.
469 1769 565 1802 Liin.
603 1771 668 1804 est.
718 1769 789 1803 Md.
823 1768 920 1803 Viet.
956 1770 988 1804 1.
1026 1768 1162 1802 Graev.
1205 1769 1342 1804 Bened.
1391 1770 1587 1804 ORELLI.
1646 1785 1712 1815 „so

219 1818 309 1851 liess
336 1817 416 1859 ich,
443 1829 506 1850 um
532 1817 632 1852 Dich
657 1817 973 1859 auszuzeichnen,
1010 1817 1145 1851 Nichts
1179 1829 1265 1861 aus,
1293 1829 1370 1853 was
1396 1820 1462 1851 auf
1482 1819 1711 1867 Belohnung·

219 1866 357 1901 Deines
383 1865 626 1900 Verdienstes
651 1866 747 1900 oder
770 1867 839 1899 auf
858 1866 1086 1900 ehrenvolle
1111 1866 1304 1914 Belobung
1329 1878 1402 1899 nur
1426 1867 1559 1911 irgend
1583 1869 1712 1915 Bezug

219 1915 343 1948 haben
374 1913 528 1949 konnte.
584 1934 629 1939 --
677 1915 937 1958 perscriptum,
961 1914 1190 1963 abgefasst.„
1226 1933 1269 1939 —
1308 1919 1347 1948 ut
1374 1941 1381 1948 .
1412 1939 1419 1948 .
1443 1917 1619 1949 sententia
1645 1924 1711 1958 est,

219 1963 296 1997 wie
332 1962 437 1997 mein
477 1963 738 1997 schriftliches
781 1963 835 1996 im
870 1962 1005 1998 Senate
1037 1974 1114 1997 von
1156 1964 1233 1996 mir
1271 1963 1535 2008 vorgelesones
1572 1965 1711 1999 Votum

221 2012 374 2045 lautete.

315 2081 350 2115 2.
402 2079 700 2114 considerandum
737 2078 852 2112 nobis.
898 2090 971 2113 om.
1005 2079 1108 2112 nobis
1140 2079 1278 2113 Graev.
1311 2078 1407 2112 ΕΠ).
1448 2078 1541 2114 Liin.
1579 2086 1709 2114 contra

219 2127 318 2162 Mdd.
345 2134 381 2162 et
407 2134 493 2162 cett.
520 2127 617 2162 Edd.
645 2127 840 2162 ORELLI.
876 2139 944 2170 „so
972 2127 1125 2175 glaubfe
1153 2126 1232 2169 ich,
1268 2126 1345 2161 wir
1377 2129 1556 2169 miissten,
1595 2139 1709 2163 wenu

219 2178 279 2211 Du
304 2175 403 2210 auch
428 2176 566 2210 Nichts
604 2176 853 2223 verlangtest‚
886 2175 1058 2210 dennoch
1091 2175 1130 2208 in
1164 2175 1343 2209 Betracht
1377 2174 1514 2209 ziehen
1539 2188 1574 2209 u.
1601 2189 1629 2211 s.
1656 2188 1705 2211 w.

219 2246 262 2251 -—
292 2225 346 2258 Tu
372 2229 536 2258 contexes
562 2228 726 2258 extrema
752 2235 828 2258 cum
853 2224 1006 2267 primis,
1045 2225 1103 2258 Du
1137 2225 1247 2257 wirst
1281 2223 1344 2256 das
1378 2223 1486 2257 Ende
1518 2224 1590 2258 mit
1622 2226 1708 2259 dem

218 2274 390 2317 Anfange
414 2272 628 2312 vex-weber»,
654 2273 689 2307 d.
717 2273 742 2307 ἰ.
769 2272 942 2314 macheu,
977 2272 1057 2305 dass
1090 2272 1153 2305 das
1179 2271 1289 2306 Ende
1314 2271 1399 2304 dem
1424 2271 1599 2319 Anfange
1626 2280 1708 2308 ent-

217 2321 394 2367 spreche.
445 2322 529 2356 Hoc
557 2327 624 2363 est,
652 2321 796 2354 bellum
831 2333 850 2354 a
877 2321 1092 2354 consulibus
1125 2327 1163 2354 et
1195 2319 1350 2354 Octavio
1384 2331 1520 2367 magna
1555 2322 1629 2354 iam
1663 2334 1707 2355 ex

218 2377 327 2416 parte
351 2370 597 2417 profligatum
624 2368 705 2414 ipso
730 2369 883 2414 penitus
910 2377 1089 2414 oppresso
1106 2369 1268 2403 Antonio
1295 2368 1484 2403 conficies.
1511 2370 1708 2405 MANUT„

217 2420 278 2452 Zu
303 2419 428 2453 dieser
453 2417 652 2464 Metapher
671 2418 751 2456 vel,
779 2429 838 2462 ep.
865 2419 946 2455 815,
974 2420 1006 2451 1.
1043 2429 1102 2450 am
1129 2417 1238 2450 Ende
1263 2417 1341 2450 und
1365 2418 1449 2456 832,
1475 2419 1510 2453 2.
1553 2437 1595 2442 —
1644 2430 1708 2452 nec

217 2466 410 2501 Achillem.
447 2465 555 2501 Iliad.
582 2467 641 2508 24,
668 2459 747 2501 168.
774 2473 898 2500 tamen
933 2466 1047 2499 etiam
1080 2465 1250 2499 Achilles
1284 2464 1536 2511 πτολίπορθος
1566 2466 1706 2509 (stadt-

218 2515 429 2558 zerst'orer)
455 2520 623 2549 vocatur.
649 2514 759 2548 SGH.
795 2533 837 2539 --
882 2515 947 2547 secl
975 2514 1132 2549 Ulixem.
1187 2515 1297 2547 Hunc
1323 2520 1432 2548 vocat
1456 2515 1558 2548 urbis
1582 2520 1706 2550 vasta-

218 2568 344 2605 torem,
377 2563 465 2608 quia
491 2563 593 2597 bello
618 2562 797 2603 Troiano,
825 2563 960 2597 astutia
998 2575 1062 2597 sua
1088 2569 1197 2609 capto
1223 2563 1296 2597 nio
1331 2569 1367 2597 et
1393 2562 1557 2606 incenso,
1590 2564 1705 2598 finem
1739 2584 1752 2589 -

218 2613 323 2646 fecit.
351 2612 554 2646 MANUT.

317 2681 349 2714 1.
401 2689 439 2713 re
463 2678 546 2723 ipsa
572 2683 677 2723 atque
702 2689 834 2721 ammo,
862 2678 985 2712 durch
1005 2678 1103 2713 That
1129 2678 1205 2712 und
1231 2678 1466 2725 Gesinnung.
1495 2697 1537 2704 —-·
1566 2678 1639 2717 Sic,
1667 2689 1706 2712 so

218 2727 319 2761 klar.
369 2745 413 2752 —-
463 2728 551 2773 quid
582 2729 720 2761 antea?
757 2739 831 2761 non
856 2734 963 2762 antea
989 2728 1121 2762 vidisti
1147 2735 1183 2761 te
1208 2740 1228 2761 a
1253 2739 1314 2762 me
1340 2728 1487 2761 amari?
1519 2745 1560 2750 -—
1604 2726 1705 2759 Sem-1
1765 2756 1767 2762 ,

218 2787 285 2820 per
310 2787 362 2821 eq.
389 2776 482 2821 vidi,
509 2787 530 2811 o
557 2775 610 2811 ia!
637 2777 845 2822 Responsio
874 2776 918 2809 ad
945 2776 1207 2811 obiectionem.
1253 2795 1291 2802 —
1335 2781 1470 2819 gratae
1493 2779 1585 2809 sunt.
1613 2773 1706 2808 Ern,
