1795 3086
135 713 164 752 02

201 37 290 83 120
473 43 534 83 Μ.
567 45 621 86 Τ.
653 43 992 85 CICERONIS
1022 43 1391 87 EPISTOLAE.

198 153 396 201 secutus3
445 153 524 193 sed
564 154 766 205 amicum,
818 167 1079 209 quamquam
1119 169 1166 196 re
1205 155 1476 208 offendebar,
1524 160 1668 198 tamen

199 221 286 248 non
315 207 512 248 deserni:
558 222 699 263 neque
730 210 890 250 bellum
920 224 1107 264 unquam
1137 212 1269 254 civile
1299 215 1375 252 aut
1404 213 1538 251 etiam
1566 225 1667 253 cau-

198 276 292 303 sam
322 264 613 304 dissensionis
644 266 850 318 probavi3
890 280 1020 320 quain
1059 268 1193 307 etiam
1222 270 1473 307 nascentem
1503 268 1670 308 exstin—

198 318 273 372 gui
303 332 468 358 summe
499 319 661 359 studui.
718 320 873 375 Itaque
903 323 949 361 in
978 322 1170 363 victoria
1207 321 1400 361 hominis
1428 324 1671 362 necessarii

198 387 339 426 neque
384 373 568 414 honoris
617 389 754 429 neque
802 377 1015 430 pecuniae
1066 377 1301 418 dulcedine
1351 390 1446 417 sum
1494 382 1668 431 captus:

198 429 355 482 quibus
384 430 592 482 praemiis
623 431 800 485 reliqui,
830 433 974 472 minus
1003 433 1119 486 apud
1150 446 1247 473 eum
1277 445 1407 485 quam
1436 445 1519 485 ego
1538 447 1671 486 quum

199 487 392 537 possent,
422 486 709 527 immoderate
739 491 838 527 sunt
866 488 1003 527 abusi.
1084 489 1227 542 Atque
1257 487 1390 528 etiam
1429 501 1499 528 res
1541 488 1670 528 fami-

198 539 323 579 liaris
367 553 461 581 mea
500 541 598 596 lege
643 542 846 582 Caesaris
887 542 1112 583 deminuta
1152 547 1240 583 est:
1291 544 1416 582 cuius
1454 542 1671 584 beneficio

198 595 416 649 plerique,
455 597 529 649 qui
571 597 777 638 Caesaris
816 602 957 638 morte
996 599 1231 645 laetantur,
1284 604 1586 639 remanserunt
1624 599 1670 638 in

200 650 393 692 civitate.
454 651 638 694 Civibus
667 653 799 693 vietis
830 656 878 693 ut
906 656 1180 706 parceretur,
1219 666 1355 707 aeque
1385 667 1436 693 ac
1465 668 1546 708 pro
1575 667 1671 695 mea

200 706 343 747 salute
373 707 585 748 laboravi.
642 709 828 749 Possum
866 709 1016 762 igitur,
1059 708 1134 762 qui
1171 721 1319 749 omnes
1357 709 1578 750 voluerim
1606 711 1672 750 in·

200 762 409 813 columes,
450 776 561 816 eum,
607 778 633 804 a
671 777 756 818 quo
786 763 834 803 id
863 765 1145 818 impetratum
1175 767 1254 814 est,
1293 764 1463 817 perisse
1492 779 1578 805 non
1606 766 1673 805 in-

199 817 402 872 dignari?
434 832 566 872 quum
595 819 860 874 praesertim
888 819 1025 860 iidem
1056 819 1258 859 homines
1288 820 1358 859 illi
1399 824 1443 860 et
1470 820 1670 862 invidiae

200 876 247 914 et
276 873 414 914 exitio
445 874 623 916 suerint.
707 875 929 916 Plecteris
959 888 1081 928 ergo,
1113 874 1332 928 inquiunt,
1371 877 1576 929 quoniam
1605 875 1672 917 fa-

201 932 320 970 ctum
348 933 546 970 nostrum
576 931 826 985 improbare
857 931 1007 971 audes.
1068 929 1109 970 O
1141 931 1390 983 superbiam
1411 931 1671 982 inauditam,

200 985 315 1025 alios
344 984 391 1024 in
420 985 622 1027 facinore
653 986 856 1040 gloriari,
905 987 1007 1027 aliis
1048 999 1104 1027 ne
1141 985 1296 1026 dolere
1326 986 1502 1039 quidem
1533 988 1672 1041 impu-

198 1041 292 1080 nite
321 1040 481 1081 licere!
539 1042 598 1082 At
626 1041 738 1083 haec
780 1043 911 1081 etiam
942 1041 1084 1082 servis
1114 1054 1286 1094 semper
1314 1042 1454 1083 libera
1482 1041 1673 1094 fuerunt,

198 1096 421 1144 timerent,
459 1097 717 1149 gauderent,
759 1097 963 1137 dolerent
1003 1109 1082 1137 suo
1122 1097 1283 1149 poti11S,
1321 1110 1449 1150 quam
1488 1098 1673 1139 alterius

199 1151 407 1195 arbitrio:
458 1164 569 1206 quae
608 1165 738 1205 nunc,
778 1156 827 1193 ut
866 1152 1042 1207 quidem
1089 1150 1167 1191 isti
1206 1150 1418 1193 dictitant
1454 1152 1674 1195 libertatis

200 1269 466 1304 dissensionem
498 1271 668 1314 civilem,
710 1272 788 1312 sed,
825 1272 921 1315 quod
954 1272 1074 1318 potui,
1109 1271 1354 1306 dissuadendo
1388 1272 1580 1317 prohibui.
1630 1292 1672 1298 —

201 1328 412 1362 quamquam
438 1329 480 1351 re
505 1320 727 1362 offendebar,
753 1332 868 1354 wenn
895 1320 1027 1367 gleich
1053 1320 1114 1352 die
1139 1319 1258 1353 sache
1284 1320 1398 1354 selbst
1423 1320 1483 1354 bei
1510 1321 1585 1353 mir
1608 1332 1674 1354 an-

202 1365 332 1407 stiess;
376 1376 600 1410 quamquam
639 1368 780 1401 bellum
814 1369 928 1402 civile
962 1367 1228 1412 improbabam.
1282 1387 1325 1393 —
1375 1378 1478 1412 quam
1504 1373 1548 1401 et.
1573 1379 1672 1402 nasc.

202 1413 388 1455 exstingui
412 1415 663 1457 (exstinguere
687 1416 815 1450 Dresd.
841 1420 943 1457 tert.)
979 1426 1112 1448 szmaeme
1135 1415 1268 1457 studui,
1307 1415 1366 1449 die
1402 1415 1467 1449 ich
1502 1416 1554 1448 im
1580 1415 1674 1450 Ent-

203 1460 335 1494 stehen
368 1473 430 1494 aus
463 1463 567 1495 allen
601 1463 759 1497 Kriisten
802 1476 848 1497 zu
889 1463 1058 1506 loschen,
1108 1475 1155 1496 zu
1199 1463 1483 1497 unterdriicken
1514 1463 1674 1511 gesucht

202 1509 308 1542 habe.
355 1527 398 1534 -
439 1511 635 1551 dulcedine,
669 1511 883 1553 lenociniis,
910 1512 1115 1554 cupiditate,
1157 1510 1279 1543 durch
1305 1511 1377 1544 den
1401 1514 1529 1545 siissen
1554 1511 1672 1546 Reitz.

205 1575 246 1582 --
274 1561 410 1600 captuS,
450 1558 616 1601 bethor-t,
653 1560 868 1607 geblendet‚
905 1558 1100 1606 gefesselt3
1132 1569 1172 1592 so
1208 1558 1288 1591 dass
1313 1559 1379 1592 ich
1405 1571 1442 1592 es
1468 1559 1539 1592 mit
1564 1559 1675 1593 C'zisar

203 1605 421 1651 desswegen
455 1607 796 1641 freundschaftlich
833 1607 999 1654 gemeint
1032 1607 1147 1646 hatte,
1181 1607 1274 1640 weil
1304 1606 1369 1640 ich
1400 1606 1675 1642 Ehreustellen

203 1653 293 1687 oder
321 1652 418 1686 Geld
444 1666 516 1688 von
543 1654 624 1688 ihm
652 1655 754 1689 h’atte
780 1668 828 1690 zu
852 1655 1028 1689 erhalten
1055 1654 1290 1702 gewiinscht.
1319 1674 1363 1679 —
1389 1666 1490 1698 quum
1512 1659 1673 1699 possent,

202 1701 388 1739 valerent,
416 1702 645 1749 ung-eachtet
671 1704 724 1737 sie
750 1728 758 1735 .
786 1728 794 1736 .
821 1728 829 1737 .
857 1703 998 1751 galteri.
1048 1720 1091 1728 —-
1141 1703 1245 1736 abusi
1276 1707 1366 1735 sunt.
1416 1703 1492 1736 Ein
1527 1702 1674 1737 Seiten-

205 1748 311 1782 blick
337 1750 406 1783 mit
426 1750 618 1797 gei-Ichtet
643 1753 709 1784 auf
731 1751 793 1785 die
818 1751 1137 1785 verschworenen
1164 1750 1459 1785 C'a'sarsmorder.
1488 1768 1530 1774 -
1557 1753 1675 1795 Atque

206 1797 328 1837 etiam,
355 1796 523 1844 dag-egen
550 1810 669 1846 sog-ar.
696 1818 740 1824 —-
767 1800 850 1842 lege
877 1799 1062 1832 Caesaris.
1105 1797 1140 1834 S.
1167 1810 1214 1831 zu
1240 1809 1297 1843 ep.
1326 1800 1406 1840 716,
1434 1801 1464 1833 7.
1498 1816 1539 1823 —-
1576 1799 1675 1832 cuius

205 1845 322 1886 benef.
350 1871 356 1877 .
385 1870 393 1878 .
420 1857 589 1887 remane„
616 1847 750 1890 quibus
776 1848 909 1881 fuisset
934 1846 1078 1891 alioqui
1103 1845 1326 1893 fugiendum
1352 1853 1512 1891 propter
1528 1847 1674 1894 magni-

207 1892 377 1926 tudinem
402 1895 496 1927 aoris
523 1894 650 1928 alieni.
701 1916 741 1921 -
788 1906 899 1940 aeque
924 1906 968 1928 ac
989 1905 1058 1937 pro
1085 1904 1163 1926 mea
1187 1894 1304 1927 salute
1329 1894 1354 1927 i.
1380 1905 1411 1928 e.
1449 1905 1492 1928 ac
1520 1894 1552 1927 si
1576 1894 1674 1928 salus

207 1951 288 1974 mea
312 1948 499 1989 ageretur,
535 1942 588 1975 als
613 1943 715 1991 golte
742 1955 779 1976 es
804 1943 906 1976 mein
932 1943 1082 1990 eigenes
1107 1941 1207 1974 Heil.

300 1989 334 2022 3.
384 1990 445 2032 qni
471 2001 589 2023 omnes
614 1992 681 2024 vrol.
708 1992 815 2024 incol.
844 2002 918 2024 esse
943 1991 966 2023 i.
996 2002 1026 2023 e.
1054 1989 1093 2022 id
1119 1989 1317 2028 voluerim,
1355 1995 1394 2022 ut
1418 1999 1543 2023 omnes
1570 1989 1674 2024 inco-

207 2037 324 2070 lumes
352 2044 484 2070 essent.
526 2057 569 2062 —
610 2039 732 2079 iidem,
757 2039 895 2073 servati
920 2051 939 2071 a
966 2038 1133 2077 Ca·=sare‚
1167 2037 1264 2071 sicut
1288 2038 1423 2071 Brutus
1452 2044 1488 2072 et
1515 2038 1671 2072 Cassius.

209 2105 251 2110 -
278 2085 446 2126 invidiae,
480 2086 576 2122 odio,
618 2087 717 2130 quod
752 2098 813 2120 eos
841 2087 974 2120 Caesar
998 2085 1110 2118 nimis
1137 2091 1308 2127 ornaret3
1335 2086 1458 2127 exitio,
1488 2097 1603 2129 quum
1626 2086 1676 2120 sit

209 2134 251 2165 ab
279 2133 324 2164 iis
351 2133 507 2172 occisus,
544 2133 581 2165 in
609 2145 697 2177 quos
725 2135 885 2168 maxima
918 2133 1098 2167 beneficia
1127 2133 1348 2166 contulerat.
1386 2133 1587 2168 MANUT.
1629 2153 1673 2159 --

209 2181 390 2215 Flecteris
416 2191 520 2222 ergo,
546 2193 621 2214 nun
648 2182 756 2221 deun,
783 2194 869 2215 man
893 2180 994 2215 wird
1018 2180 1116 2215 Dich
1149 2193 1219 2214 zur
1243 2180 1368 2215 Strafe
1392 2181 1543 2222 ziehen‚
1578 2181 1675 2226 quod

209 2230 254 2262 de
280 2235 401 2262 morte
428 2229 594 2263 Caesaris
621 2230 833 2277 indignaris
861 2236 898 2263 et
923 2229 1110 2274 improbas
1137 2240 1265 2262 eorum
1291 2229 1448 2270 facinus,
1490 2228 1555 2271 qui
1591 2240 1675 2263 eum

209 2276 435 2311 occiderunt.
486 2277 626 2324 Figura
654 2278 819 2312 obiectio
846 2290 871 2310 s.
899 2277 1093 2321 occupatio
1121 2288 1191 2324 per
1216 2276 1403 2310 mimesin.
1430 2295 1472 2301 —
1512 2277 1675 2321 inquiunt

209 2325 426 2359 adversarii.
457 2344 495 2349 —
524 2326 699 2368 quoniam,
724 2327 798 2360 wie
813 2325 1097 2369 §.L—superb„
1123 2324 1347 2359 Ubermuth.
1374 2343 1418 2349 -—
1445 2325 1485 2358 in
1500 2325 1677 2367 facinore

210 2373 235 2405 i.
260 2384 289 2406 e.
317 2372 426 2406 caede
453 2373 615 2406 Caesaris
643 2394 684 2399 --
711 2373 896 2417 impunite,
922 2374 1039 2416 Neap.
1067 2374 1151 2407 Asc.
1181 2375 1209 2409 l.
1244 2373 1344 2406 Crat.
1368 2372 1495 2406 Lamb.
1522 2373 1676 2416 impune.

209 2414 312 2455 Uber
332 2421 391 2454 die
417 2420 552 2454 infinit.
581 2421 640 2454 des
667 2421 824 2454 Ausrufs
851 2433 875 2453 s.
901 2421 1051 2454 Ramsh.
1077 2421 1105 2463 §.
1135 2422 1212 2459 168,
1239 2422 1272 2456 6.
1317 2438 1356 2446 ——
1402 2421 1472 2463 (ut)
1509 2420 1677 2454 timerent

210 2476 280 2502 cet.
332 2468 503 2511 „Furcht
529 2469 619 2502 oder
643 2469 792 2502 Freude
820 2469 909 2502 oder
923 2470 1102 2502 Kummer
1128 2468 1225 2502 nach
1252 2468 1418 2515 eigener,
1444 2467 1552 2502 nicht
1578 2467 1675 2501 nach

209 2516 378 2549 sremdvr
403 2516 613 2551 VVillkiihr
639 2529 684 2550 zu
710 2518 900 2550 'sussernf‘
951 2519 1034 2550 Man
1061 2517 1171 2550 sollte
1197 2516 1258 2550 ein
1285 2516 1527 2549 erklarendes
1551 2520 1590 2548 ut
1615 2515 1673 2549 od.

210 2565 332 2597 lauter
357 2565 543 2598 Infinitivi
573 2572 768 2599 erwarten.
806 2565 838 2598 S.
870 2565 1017 2599 Ramsh.
1045 2566 1072 2607 ἕ.
1103 2567 1179 2605 183,
1207 2566 1238 2599 2.
1269 2585 1309 2590 -
1343 2575 1432 2607 quae
1458 2564 1481 2596 i.
1507 2575 1537 2597 e.
1565 2574 1674 2606 quam

209 2612 427 2646 libertatem
453 2613 623 2654 timendi,
650 2613 849 2660 gaudendi,
884 2613 1037 2646 dolendi
1065 2639 1071 2646 .
1100 2638 1110 2648 .
1137 2637 1144 2646 .
1172 2616 1306 2655 extorts.
1337 2616 1490 2651 conant„
1521 2610 1675 2644 welche

209 2660 444 2707 angeborene
471 2661 646 2695 Freiheit
670 2661 722 2695 sie
749 2674 816 2695 uns
844 2662 935 2694 ietzt
967 2660 1145 2694 scheinen
1182 2659 1301 2692 durch
1327 2659 1559 2706 Drohungen
1594 2664 1674 2691 ent-

208 2707 359 2743 winde'n'
387 2721 432 2741 zu
458 2709 611 2743 wellen.
658 2728 700 2734 —
741 2714 775 2743 ut
804 2709 939 2755 quidem
965 2709 1025 2742 isti
1052 2708 1216 2742 dictitant
1242 2708 1304 2742 lib.
1331 2713 1423 2741 auct,
1456 2719 1482 2741 s.
1510 2706 1675 2741 Caesaris

1774 641 1785 897 ξ

1778 899 1787 1264 l
