1795 3086
9 2826 12 2848 l

10 2849 11 2862 η

10 2865 11 2879 1

484 94 796 139 EPISTOLA
834 96 1136 141 Dchxm.
1455 100 1548 147 209

71 212 137 250 est
165 206 388 249 studiosus
426 207 652 258 ludorum,
691 205 951 262 infinitoque
990 207 1142 251 fratris
1180 210 1245 251 tui
1283 211 1440 266 plausu
1476 213 1544 254 di-

71 264 298 317 rumpitur.
359 263 486 305 Alter
514 264 618 303 item
647 261 798 302 affinis
828 264 955 303 novis
985 266 1310 307 commentariis
1337 267 1542 309 Caesaris

68 319 279 361 delinitus
309 323 388 360 est.
454 317 542 360 Sed
572 317 684 358 hacc
711 318 983 359 tolerabilia:
1033 320 1141 360 illud
1175 335 1261 362 non
1298 322 1542 375 serendum,

69 374 188 429 quod
217 379 305 427 est,
346 374 421 429 qui
451 377 596 415 vestro
626 386 738 414 anno
766 372 908 414 filium
936 385 1062 413 suum
1098 378 1316 418 consulem
1346 378 1541 420 futurum

68 435 191 484 putet
218 431 273 471 ob
313 442 498 484 eamque
533 441 713 470 causam
749 441 797 469 se
833 428 938 469 huic
974 428 1135 469 latroni
1170 432 1394 475 deservire
1432 448 1542 489 prae

66 499 114 527 se
152 485 278 527 ferat.
311 493 331 509 ··
351 485 464 526 Nam
499 483 551 524 L.
589 485 719 525 Cotta
755 483 994 525 familiaris
1029 496 1152 524 meus
1188 486 1312 528 fatali
1352 490 1539 544 quadam

67 541 397 595 desperatione,
425 543 475 580 ut
503 540 586 591 ait,
616 540 761 581 minus
790 540 835 580 in
864 543 1064 581 senatum
1093 540 1226 581 venit.
1286 542 1338 583 L.
1360 545 1540 598 Caesar,

67 598 258 650 optimus
290 600 335 637 et
363 594 635 636 fortissimus
664 595 798 648 civis,
839 595 1094 637 valetudine
1122 594 1380 648 impeditur.
1444 601 1538 642 Ser.

66 651 288 706 Sulpicius
327 654 371 692 et
410 663 581 705 summa
624 652 888 692 auctoritate
927 655 972 692 et
1009 649 1176 703 optime
1220 652 1409 694 sentiens
1454 670 1542 698 non

67 707 202 748 adest.
259 705 496 761 Reliquos,
526 706 721 760 exceptis
742 706 1007 761 designatis,
1035 707 1217 760 ignosce
1240 706 1364 760 mihi,
1396 711 1433 750 si
1455 725 1542 753 non

67 775 248 803 numero
277 763 544 804 consulares.
621 762 769 802 Habes
807 766 1009 803 auctores
1038 762 1214 802 consilii
1244 764 1428 815 publici:
1467 770 1542 821 qui

65 830 270 859 numerus
308 818 441 858 etiam
489 817 615 858 bonis
654 818 782 858 rebus
823 818 1004 871 exiguus
1059 821 1200 870 esset,
1249 819 1354 872 quid
1394 834 1544 863 censes

66 872 278 925 perditis?
336 871 485 922 Quare
514 885 612 926 spes
642 877 709 913 est
738 874 881 914 omnis
911 874 958 913 in
987 873 1135 915 vobis:
1178 873 1255 927 qui
1294 875 1333 915 si
1370 876 1543 918 idcirco

66 929 255 981 abestis,
285 931 333 969 ut
362 929 460 970 sitis
489 928 534 968 in
563 931 681 976 tuto3
710 941 763 968 ne
792 928 837 968 in
866 929 989 971 vobis
1019 929 1208 982 quidem.
1277 930 1356 971 Sin
1378 933 1545 987 aliquid

64 984 245 1038 dignum
275 988 420 1026 vestra
448 983 591 1038 gloria
620 983 854 1036 cogitatis,
883 985 1014 1027 velim
1044 985 1178 1026 salvis
1208 987 1358 1028 nobis:
1401 989 1468 1029 sin
1498 989 1544 1028 id

65 1101 173 1135 mehr
199 1102 269 1136 mit
294 1100 513 1136 Zuversicht
537 1101 732 1136 verlassen.
760 1121 802 1126 —
838 1103 1014 1136 ludorum.
1067 1102 1160 1145 Quia
1192 1104 1290 1138 ludis
1315 1106 1545 1151 Apollinari-

65 1151 154 1189 bus,
192 1161 283 1195 quos
306 1156 458 1196 praetor
482 1150 642 1184 urbanus
679 1151 732 1184 M.
759 1151 896 1184 Brutus
932 1151 976 1184 de
1010 1162 1116 1185 more
1150 1152 1319 1192 dederat,
1361 1155 1487 1198 plaudi
1523 1167 1543 1188 a

65 1197 205 1243 populo
237 1198 384 1232 viderat
415 1199 456 1233 L.
492 1198 618 1233 Cassio
653 1199 807 1232 tribuno
841 1199 912 1243 pl,
946 1200 1058 1232 fratri
1094 1201 1133 1233 C.
1169 1201 1303 1243 Cassii3
1342 1210 1542 1247 propterea

67 1246 173 1279 ludos
199 1257 271 1280 non
297 1247 454 1292 amplius
481 1247 645 1281 amabat.
671 1245 874 1280 MANUT.
904 1248 938 1280 S.
966 1259 1022 1291 ep.
1051 1248 1132 1286 751,
1160 1249 1194 1280 3.
1223 1251 1302 1283 750.
1330 1268 1375 1274 —-
1393 1251 1543 1292 fratris

66 1294 122 1326 tui
147 1294 188 1335 (s.
216 1304 273 1338 ep.
300 1295 396 1335 681.)
428 1295 536 1328 Lucii
570 1294 687 1327 Cassii
717 1294 849 1337 plausu
879 1294 1054 1338 dirmnp„
1096 1295 1196 1337 „und
1229 1307 1269 1329 er
1302 1298 1443 1332 ber-stet
1476 1311 1542 1332 vor

64 1333 182 1385 Arger
215 1341 350 1384 (dolet)
381 1342 477 1374 iiber
510 1342 578 1374 den
614 1341 767 1383 Beil‘all,
801 1341 870 1375 der
900 1342 1059 1376 Deinem
1092 1344 1234 1376 Bruder
1270 1346 1367 1378 noch
1404 1348 1542 1380 immet

64 1389 281 1433 geklatscht
306 1389 442 1423 wird.“
500 1390 633 1422 Dieser
657 1388 765 1421 hatte
789 1389 845 1422 im
869 1390 1010 1422 Namen
1046 1392 1165 1424 seines
1191 1392 1353 1426 Brudors
1381 1394 1425 1430 G.
1455 1397 1542 1428 Cas-

64 1439 139 1470 sius
165 1437 266 1470 diese
289 1437 432 1483 Spiele,
467 1437 527 1471 die
553 1449 593 1470 er
619 1437 692 1471 und
717 1438 772 1471 M.
797 1437 936 1471 Brutus
963 1438 1028 1472 auf
1050 1439 1133 1472 ihre
1158 1440 1295 1473 Kosten
1322 1443 1468 1486 gabea,
1504 1443 1541 1476 in

63 1485 162 1518 Rom
197 1496 256 1518 am
288 1487 323 1520 5.
359 1485 472 1519 lulius
511 1487 674 1530 besorgt.
708 1505 753 1511 —-
794 1485 964 1519 delinitus
995 1490 1056 1520 est.
1115 1487 1218 1521 Alter
1255 1489 1378 1523 affinis
1410 1492 1472 1529 (an
1501 1492 1542 1526 C.

63 1532 337 1575 Marcellus?)‚
372 1534 474 1566 cuius
499 1546 635 1567 nomen
663 1535 877 1577 ignoratur,
911 1534 1089 1568 delinitus
1123 1543 1178 1568 est
1214 1544 1366 1582 accepta
1393 1539 1438 1571 ab
1465 1538 1542 1571 An-

63 1580 171 1613 tonio
197 1582 374 1625 pecunia,
408 1588 584 1626 tanquam
611 1593 631 1614 e
659 1581 827 1615 Caesaris
859 1583 1149 1617 commentariis.
1181 1584 1388 1621 MANUT.
1439 1587 1543 1628 „Der

0 1617 1 1635 ³
62 1628 230 1668 Andere,
261 1629 470 1672 gleichfalls
497 1629 555 1662 ein
583 1629 783 1672 Schwager
806 1640 877 1662 von
906 1631 996 1673 Dir,
1027 1632 1075 1664 ist
1102 1631 1223 1665 durch
1250 1645 1318 1667 neu
1345 1634 1542 1668 fabricirte

64 1676 315 1710 Gelddecrete
347 1688 410 1710 aus
450 1678 581 1711 essars
617 1677 852 1710 Brieftasche
887 1677 985 1711 breit
1022 1679 1292 1724 gesclilagen.¹‘
1354 1683 1540 1716 Antonius

64 1724 136 1768 gab
170 1735 259 1763 vor,
293 1724 393 1757 seine
426 1725 866 1772 Geldvergiinstigungen
904 1726 1001 1759 seien
1041 1727 1140 1760 noch
1176 1740 1245 1761 von
1280 1730 1392 1764 Cia'sar
1427 1730 1541 1763 selbst

63 1772 251 1805 decretirt.
279 1792 320 1798 —-
347 1773 439 1815 quod
463 1778 530 1814 est,
567 1774 640 1816 qui.
691 1773 796 1807 xver
820 1775 898 1807 Der
922 1785 1092 1818 gewesen
1119 1775 1194 1816 sei,
1228 1777 1277 1809 ist
1302 1778 1409 1811 nicht
1434 1778 1542 1812 mehr

63 1831 110 1853 zu
136 1820 325 1853 errathen.
351 1838 396 1845 —
433 1825 551 1854 restro
585 1831 677 1854 anno
712 1821 738 1854 i.
772 1832 802 1852 e.
831 1833 924 1855 anno
952 1823 1054 1862 (712)
1085 1824 1188 1856 vobis
1216 1824 1421 1866 destinato,
1455 1833 1541 1872 post

62 1868 266 1902 biennium.
317 1869 410 1901 Nam
435 1868 507 1901 hoc
535 1880 630 1902 anno
657 1875 870 1913 praeturam
895 1871 1073 1914 gerebant
1099 1873 1230 1904 Brutus
1256 1879 1293 1904 et
1320 1875 1475 1915 Cassius,
1503 1883 1541 1907 et

62 1922 274 1960 praeturam
308 1916 517 1950 consulatus
551 1917 701 1949 biennio
735 1917 961 1963 interposito
996 1920 1231 1964 sequebatur.
1265 1921 1466 1957 MANUT.
1496 1941 1538 1947 —-

59 1974 154 2006 prae
178 1974 215 1996 se
229 1964 364 2006 serat,
404 1966 476 1997 und
509 1965 598 1997 kein
637 1964 871 1999 Geheimniss
907 1967 1037 1999 daraus
1071 1968 1216 2009 macht‚
1252 1968 1333 2002 dass
1368 1982 1409 2003 er
1443 1971 1540 2004 bloss

64 2011 273 2056 desswegen
300 2012 437 2046 diesem
464 2012 691 2058 Spitzbuben
721 2014 932 2056 (Antonius)
961 2015 1030 2047 den
1050 2015 1342 2051 Fuchsschwanz
1359 2018 1537 2053 streiche‚

155 2074 191 2109 3.
221 2073 315 2107 Nam
340 2074 378 2106 in
406 2075 528 2119 Bezug
560 2076 625 2108 auf
654 2074 732 2108 Nec
759 2098 768 2107 .
799 2098 808 2106 .
834 2101 842 2110 .
871 2081 1064 2120 ers-pectes.
1099 2096 1141 2101 —
1176 2077 1218 2110 L.
1255 2078 1383 2119 Cotta,
1424 2081 1539 2114 Aure-

60 2120 131 2152 liae
163 2122 309 2165 genffis,
353 2122 418 2166 qui
452 2124 578 2155 consul
611 2123 764 2157 biennio
799 2131 886 2157 ante
921 2125 1146 2159 Ciceronem
1172 2126 1305 2160 fuerat.
1331 2128 1540 2165 MANUT.

62 2187 104 2193 —
129 2169 274 2210 fatali,
316 2169 674 2212 nnwiderstehlieh;
717 2173 786 2204 wie
820 2184 904 2205 vom
939 2172 1195 2217 Verha'ngniss
1230 2176 1539 2222 nufgedrungen;

62 2217 163 2261 quod
189 2223 294 2261 putat
319 2217 356 2250 in
382 2219 472 2251 fatis
499 2230 599 2260 esse,
625 2226 666 2251 nt
692 2227 847 2253 corruat
873 2233 932 2255 res
959 2222 1123 2266 publica.
1149 2240 1195 2245 —
1221 2223 1467 2266 desperatione
1493 2226 1539 2258 de

62 2264 231 2298 omnibus
264 2265 392 2304 rebus,
427 2267 472 2298 de
505 2267 707 2312 republica.
743 2286 787 2292 --
821 2269 958 2307 minus,
999 2270 1175 2309 seltener,
1212 2271 1298 2303 sehr
1330 2273 1457 2306 selten.
1494 2293 1536 2298 -

61 2311 100 2343 L.
129 2311 269 2345 Caesar
302 2315 498 2348 avunculus
527 2317 586 2352 M.
618 2316 784 2349 Antonii.
843 2318 884 2350 L.
915 2319 1084 2350 Caesaris
1123 2318 1195 2350 fuit
1228 2330 1333 2353 soror
1368 2321 1534 2357 Octavia,

60 2365 178 2392 mater
202 2362 365 2395 Antonii.
391 2381 435 2387 —
468 2363 579 2405 civis,
607 2364 762 2397 Patriot.
792 2383 836 2389 —-
863 2365 944 2399 Ser.
962 2365 1146 2408 Sulpicius
1165 2366 1226 2399 ille
1253 2369 1469 2412 praefectus
1496 2370 1537 2400 iu

60 2408 241 2451 legatione
267 2409 314 2442 ad
341 2411 558 2452 Antonium,
593 2422 664 2444 non
690 2414 812 2452 mlest,·
844 2424 931 2446 nam
959 2421 1038 2446 erat
1063 2415 1101 2446 in
1131 2414 1290 2448 Graecia
1325 2417 1536 2460 proconsul.

60 2455 141 2490 Vid.
180 2455 226 2488 ad
261 2467 318 2500 ep.
353 2459 423 2493 365
456 2459 543 2494 init.
581 2478 624 2484 --
661 2461 816 2502 exceptis
849 2462 1052 2503 designatis
1096 2464 1304 2497 consulibus
1341 2465 1465 2497 Hirtio
1500 2472 1537 2496 et

58 2503 177 2535 Pansa
203 2504 243 2535 in
270 2514 351 2537 ann.
379 2508 466 2546 711;
495 2507 585 2539 Dec.
612 2508 729 2540 Bruto
757 2513 794 2539 et
820 2509 961 2543 Planco
986 2510 1024 2542 in
1064 2521 1147 2542 ann.
1174 2513 1253 2546 712.
1290 2530 1333 2535 —
1368 2517 1538 2545 auctores

58 2561 150 2584 cons.
175 2550 272 2594 publ.
324 2551 412 2593 „die
446 2555 694 2588 Wortfiihrer
727 2557 779 2588 im
816 2555 1068 2596 Staatsrathe,
1102 2558 1246 2591 Senate.
1272 2577 1317 2583 —
1351 2560 1452 2593 bonis
1478 2571 1536 2594 re-

59 2598 142 2635 bus,
171 2609 278 2630 wenn
304 2610 387 2632 man
414 2600 497 2634 dem
522 2602 645 2636 Gliick
670 2605 723 2636 im
750 2603 911 2637 Schosse
937 2609 1059 2644 sasse3
1090 2606 1141 2639 im
1170 2607 1328 2650 Gegens.
1355 2618 1428 2640 von
1451 2619 1535 2651 per-

59 2646 145 2678 clitis
170 2646 292 2687 rebus,
319 2647 437 2688 „ietzt
462 2649 507 2682 da
540 2650 637 2683 Alles
664 2663 703 2684 so
729 2657 799 2695 gut
826 2652 895 2685 wie
920 2655 1088 2687 verloren
1117 2654 1206 2687 ist.·‘
1231 2672 1276 2678 -
1302 2665 1346 2687 ne
1371 2656 1408 2687 ’ἰη
1435 2655 1536 2688 rabie

59 2694 199 2734 quidem
226 2705 305 2739 spes
333 2695 457 2739 aliqua
483 2704 548 2730 est.
577 2716 620 2723 -
646 2700 751 2732 velim
777 2699 815 2731 id
842 2700 908 2733 fiat
933 2704 1022 2735 salv.
1048 2701 1148 2739 nob„
1184 2712 1222 2733 so
1259 2704 1444 2736 wiinscht'
1470 2702 1536 2736 ich

8 2778 11 2787 Ἰ
58 2740 119 2772 das
143 2742 243 2775 noch
269 2753 313 2775 zu
341 2744 503 2776 erleben.
535 2763 578 2770 —-
613 2746 671 2778 sin
701 2748 739 2779 id
764 2747 898 2791 minus,
933 2761 990 2782 wo
1018 2749 1125 2782 nicht
1153 2748 1186 2780 d.
1216 2750 1241 2781 i.
1272 2761 1382 2784 avenn
1409 2751 1470 2784 ich
1500 2762 1536 2785 es

124 2820 173 2844 (¹50
207 2821 307 2848 Bzxesse
338 2831 357 2843 v
389 2822 510 2848 eliab,
536 2824 581 2852 ΧΥ,
1071 2803 1130 2839 14
