1795 3086
219 90 281 138 66
494 90 556 132 Μ.
587 91 643 133 Τ.
676 86 1018 131 CICERONIS
1047 83 1422 130 EPISTOLAE.

221 203 306 245 illa
333 202 578 246 videamus.
658 201 730 242 Ita
768 198 934 242 Brutos
973 198 1270 255 Cassiumque
1307 198 1529 246 defendis,
1577 198 1707 254 quasi

220 273 298 301 eos
338 273 420 313 ego
459 256 800 314 reprehendam,
848 269 961 319 quos
1010 254 1125 298 satis
1163 255 1349 297 laudare
1392 268 1479 296 non
1516 268 1707 309 possum.

221 315 393 358 Rerum
422 328 504 369 ego
542 312 660 356 vitia
700 312 882 366 collegi,
922 324 1011 353 non
1052 310 1293 353 hominum.
1361 309 1549 353 Sublato
1593 310 1709 352 enim

222 376 418 428 tyranno
448 368 694 426 tyrannida
720 380 899 410 manere
928 367 1075 409 video.
1132 366 1263 414 Nam,
1308 380 1424 423 quae
1454 367 1537 408 ille
1566 365 1711 407 sactu-

223 441 301 469 rus
330 438 420 467 non
449 425 551 477 fuit,
582 438 635 466 ea
662 424 792 476 fiunt,
833 427 883 464 ut
913 423 971 463 de
1010 422 1202 465 Clodio:
1253 421 1309 464 de
1348 436 1437 478 quo
1475 420 1590 463 mihi
1631 435 1710 464 ex-

222 484 448 538 ploratum
476 485 543 524 est
571 480 703 522 illum
741 492 829 521 non
865 479 1001 520 modo
1037 493 1125 520 non
1164 478 1401 526 facturum,
1451 478 1532 520 sed
1576 479 1711 519 etiam

223 552 278 579 ne
304 551 537 593 passurum
567 536 749 591 quidem
779 534 932 577 fuisse.
990 533 1214 590 Sequetur
1242 535 1381 577 Rufio
1401 534 1713 579 Vestorianus,

222 593 404 641 Victor,
431 606 653 647 nunquam
682 590 897 645 scriptus,
926 590 1080 643 ceteri,
1118 590 1220 645 quis
1248 593 1360 634 non?
1416 590 1505 632 Cui
1541 590 1714 633 servire

223 650 315 715 ipsi
350 663 437 691 non
467 648 708 704 potuimus,
736 647 834 687 eius
874 645 1048 688 libellis
1087 659 1305 701 paremus.
1376 647 1492 691 Nam
1524 645 1712 688 Libera-

224 707 344 747 libus
382 704 483 760 quis
532 703 683 759 potuit
729 703 774 743 in
813 706 1014 743 senatum
1052 715 1141 743 non
1177 703 1356 745 venire?
1413 704 1507 746 Fac
1545 703 1595 744 id
1633 713 1712 757 po-

224 763 362 803 tuisse
394 761 549 815 aliquo
577 760 736 801 modo:
768 771 886 809 num,
915 757 1051 799 etiam
1081 771 1215 812 quum
1243 759 1530 806 venissemus,
1570 758 1715 800 libere

222 817 450 874 potuimus
479 817 749 857 sententiam
778 813 956 855 dicere?
1013 813 1171 859 Nonne
1211 814 1333 857 omni
1379 816 1555 857 ratione
1591 817 1715 856 vete-

224 874 340 927 rani,
370 872 450 928 qui
480 871 645 913 armati
675 871 876 916 aderant,
907 882 1041 924 quum
1071 870 1291 925 praesidii
1319 884 1399 912 nos
1428 870 1549 911 nihil
1579 869 1717 911 habe·
1766 886 1775 892 -

224 943 390 981 remus,
420 926 695 970 defendendi
726 927 933 967 fuerunt!
986 925 1123 967 Illam
1154 926 1396 968 sessionem
1414 925 1716 982 Capitolinam

223 985 341 1027 mihi
368 998 456 1026 non
484 985 709 1040 placuisse
738 987 788 1024 tu
818 982 950 1023 testis
981 995 1043 1023 es.
1103 980 1227 1032 Quid
1268 984 1404 1038 ergo?
1460 982 1557 1024 Ista
1586 982 1717 1036 culpa

223 1041 491 1083 Brutorum?
547 1038 735 1080 Minime
766 1038 954 1079 illorum
982 1037 1180 1092 quidem,
1219 1038 1301 1080 sed
1328 1038 1523 1080 aliorum
1563 1038 1716 1080 bruto-

223 1111 334 1144 rum,
364 1097 442 1151 qui
471 1109 519 1136 se
550 1099 705 1136 cautos
735 1107 789 1135 ac
818 1094 1041 1148 sapientes
1070 1098 1253 1148 putant:
1295 1094 1458 1149 quibus
1487 1095 1600 1136 satis
1630 1092 1718 1134 fuit

224 1154 402 1205 laetari,
452 1150 696 1196 nonnullis,
746 1150 882 1190 etiam
929 1149 1177 1203 gratulari3
1241 1150 1395 1197 nullis,
1441 1162 1717 1204 permanere.
1792 1186 1795 1200 2

225 1209 316 1252 Sed
345 1207 594 1263 praeterita
623 1206 906 1248 omittamus:
946 1207 1059 1247 istos
1100 1206 1222 1247 omni
1258 1219 1366 1247 cura
1403 1206 1719 1261 praesidioque

155 1432 161 1435 ¹
226 1422 307 1457 also
334 1433 382 1455 zu
408 1422 481 1457 den
509 1422 679 1456 Puncten
704 1421 939 1470 iibergehen‚
964 1421 1025 1457 die
1053 1421 1115 1456 ein
1140 1420 1327 1468 politisch
1351 1422 1516 1456 hb'heres
1534 1421 1720 1456 Interesse

225 1471 361 1505 haben.

323 1520 356 1554 2.
405 1517 553 1559 Rerum,
580 1516 643 1551 des
668 1517 913 1552 Versahrens.
942 1536 984 1543 —-
1012 1521 1156 1562 tyrann.
1181 1528 1341 1561 manere,
1373 1518 1451 1553 wie
1477 1529 1536 1564 ep.
1563 1519 1648 1560 691,
1677 1519 1717 1551 1;

226 1568 430 1601 interfecto
457 1576 550 1611 rege
575 1565 694 1600 liberi
719 1576 796 1600 non
822 1576 967 1607 sumus3
1013 1577 1071 1611 ep.
1110 1568 1194 1608 689,
1229 1569 1268 1603 2:
1303 1566 1402 1601 vivit
1435 1567 1624 1612 tyrannis,
1658 1571 1721 1610 ty-

227 1627 368 1649 rannus
394 1613 562 1648 occidit?
613 1613 648 1648 S.
678 1613 828 1649 Ramsh.
854 1613 883 1656 ξ.
913 1616 994 1656 197,
1021 1616 1056 1654 4,
1084 1614 1118 1648 b.
1156 1633 1199 1639 -—
1225 1616 1327 1657 sacl.
1360 1625 1432 1648 non
1451 1615 1536 1658 suit
1560 1621 1607 1649 st.
1639 1615 1721 1648 fue·

228 1665 292 1704 rit,
320 1663 465 1697 fuisset.
494 1681 539 1687 —-
566 1661 609 1695 de
636 1661 768 1696 Clodio
795 1662 925 1697 exsule
951 1663 996 1696 ab
1021 1662 1186 1697 Antonio
1221 1674 1266 1697 ex
1293 1663 1398 1697 falsis
1425 1663 1593 1698 Caesaris
1618 1673 1722 1696 com-

226 1710 425 1746 mentariis
454 1710 639 1745 restituto.
692 1711 750 1745 Cf.
777 1722 835 1756 ep.
864 1712 944 1746 693.
993 1730 1038 1736 -
1086 1712 1153 1745 sed
1187 1712 1308 1746 etiam.
1343 1711 1418 1745 del.
1454 1712 1563 1746 etiam
1594 1716 1724 1745 censet

227 1760 341 1794 Beier
369 1757 483 1803 OffiC.
509 1757 553 1792 T.
582 1760 614 1794 2.
642 1770 678 1804 p.
704 1759 786 1793 322.
832 1757 1026 1792 ORELLI.
1078 1778 1126 1784 -
1174 1758 1282 1801 Rufio
1310 1759 1560 1795 Vas-sorianus·
1602 1759 1658 1793 De
1682 1769 1723 1792 eo

228 1809 305 1842 vid.
334 1819 392 1852 ep.
423 1808 502 1842 185.
538 1805 649 1841 SCH.
703 1807 782 1841 cfr.
808 1807 943 1842 IWz‘lon.
970 1807 1000 1849 §.
1027 1808 1083 1843 60.
1130 1807 1259 1850 „Heus
1284 1811 1334 1851 tu,
1361 1807 1478 1848 Rufio.
1524 1806 1724 1843 ORELLI.

232 1876 273 1882 -
302 1866 481 1899 nunquam
506 1855 681 1899 scriptus,
708 1855 841 1889 dessen
868 1856 989 1890 Name
1015 1856 1056 1889 in
1083 1855 1214 1890 essars
1241 1855 1551 1891 Commentarien
1577 1855 1722 1897 (Deuk-

230 1903 347 1947 buoh)
372 1914 442 1951 gar
469 1902 579 1937 nicht
605 1915 653 1937 zu
677 1903 808 1937 finden
832 1903 893 1937 ist.
945 1903 1084 1938 Fuitne
1115 1904 1329 1948 spectatus?
1375 1904 1420 1938 de
1455 1915 1530 1949 quo
1568 1905 1609 1937 in
1641 1904 1723 1953 gla-

232 1951 439 1986 diatoribus
464 1951 580 1986 verbo
606 1951 788 1985 sollemni
815 1953 889 1985 cfr.
930 1952 1105 1996 Inscript.
1142 1964 1244 1986 meas
1280 1951 1363 1986 Lat.
1399 1953 1482 1987 Vol.
1510 1954 1544 1988 2.
1578 1965 1615 1998 p.
1641 1955 1721 1988 377-

237 1999 435 2035 ORELLI.
463 2019 506 2025 -
533 1999 611 2044 quis
631 2000 727 2034 non?
778 1999 881 2035 Wer
905 1999 1018 2033 nicht
1041 2000 1118 2034 alle
1135 2001 1151 2033 ἐ’
1177 2000 1220 2045 (1.>
1239 2001 1264 2036 i.
1293 2000 1355 2035 die
1372 2000 1612 2048 gerichtlich
1627 2000 1723 2035 Ver—

234 2050 400 2083 bannten
430 2048 516 2081 alle.
544 2067 589 2073 --
616 2047 767 2090 libellis,
794 2048 1089 2082 commentariis.
1128 2066 1169 2074 —
1218 2047 1396 2090 Liberal„
1435 2049 1565 2091 „Wer
1595 2049 1725 2083 durfte

233 2110 270 2131 es
296 2107 447 2143 wagen,
474 2107 521 2129 an
547 2096 620 2130 den
647 2095 863 2130 Libet-alien
895 2095 1005 2130 nicht
1037 2096 1091 2129 im
1116 2095 1228 2131 Senat
1261 2108 1309 2130 zu
1331 2097 1623 2135 „erscheinenffl‘
1671 2097 1724 2130 Es
1781 2132 1783 2136 ,

239 2144 392 2178 bezieht
419 2143 505 2179 sich
530 2143 627 2177 diess
652 2145 720 2178 auf
741 2144 826 2179 eine
851 2143 1104 2193 Behauptung
1128 2144 1193 2178 des
1218 2145 1386 2188 Affikus,
1423 2146 1506 2180 dass
1539 2145 1623 2179 sich
1656 2144 1725 2178 dex·
1780 2182 1781 2185 Ἴ

235 2193 350 2228 senat
389 2192 431 2226 in
468 2191 542 2225 (len
574 2191 794 2226 Liberalien
840 2192 1037 2226 entweder
1077 2203 1148 2241 gar
1179 2193 1293 2228 nicht
1325 2193 1430 2228 h'aitte
1469 2193 1726 2227 versammeln

236 2242 329 2276 oder
367 2247 566 2287 strengere
599 2240 834 2288 Massregeln
867 2239 1032 2274 nehmen
1068 2240 1202 2275 sollen.
1253 2241 1292 2278 S.
1329 2252 1385 2288 ep.
1421 2243 1502 2281 690,
1530 2244 1550 2277 1
1586 2242 1627 2275 in
1658 2241 1727 2275 der

236 2290 354 2324 Mitte.
384 2308 426 2315 —-·
453 2288 558 2321 modo
578 2286 667 2328 fieri
693 2288 779 2323 Aso.
806 2288 905 2323 Crat.
930 2300 977 2323 ex
1002 2289 1185 2335 interpol.
1225 2309 1272 2315 --
1314 2289 1529 2331 defendendi
1546 2290 1726 2332 fuerunt?

236 2337 274 2372 S.
301 2336 468 2383 Philipp.
495 2336 547 2377 11,
573 2338 619 2371 35
644 2342 740 2370 extr.
764 2354 807 2361 -·
834 2336 1032 2370 sessionem
1059 2336 1182 2382 Capit.
1218 2337 1481 2384 Reprehendit
1504 2339 1664 2372 Brutum
1690 2343 1726 2372 et

239 2385 419 2426 Cassium,
445 2383 512 2429 qui
535 2383 603 2417 illo
628 2383 710 2430 ipso
731 2385 858 2430 primo
884 2384 1099 2431 Capitolino
1133 2384 1195 2419 die
1221 2393 1391 2421 senatum
1430 2387 1470 2419 in
1495 2385 1727 2433 Capitolium

240 2445 315 2468 non
342 2433 529 2475 vocarint,
563 2431 627 2466 sed
652 2432 767 2467 otiosi
792 2437 941 2479 tempus
975 2435 1292 2481 consumpserint.
1336 2433 1542 2469 MANUT.
1594 2433 1632 2470 S.
1668 2445 1726 2479 ep.
1780 2453 1783 2457 ·

239 2484 323 2525 690,
354 2484 383 2516 l.
429 2498 472 2506 --
512 2480 594 2514 Ista
619 2481 726 2525 culpa
751 2480 859 2514 Brut.
875 2482 894 2514 ἓ
941 2481 1040 2530 liegt
1065 2481 1126 2515 die
1151 2481 1298 2517 Schuld
1323 2495 1370 2518 an
1396 2483 1469 2517 den
1493 2483 1728 2517 Brutussen‘z·

243 2531 329 2564 dem
356 2530 402 2563 M.
429 2541 466 2562 u.
492 2528 538 2563 D.
562 2528 714 2569 Brutus,
739 2528 811 2562 den
836 2529 1017 2564 Miirdern
1042 2530 1182 2565 C‘aisars.
1234 2549 1276 2556 —-
1328 2531 1468 2575 quidem
1499 2531 1583 2565 scil.
1615 2530 1727 2575 culpa

242 2584 308 2612 est.
340 2596 381 2603 -
409 2577 606 2619 brutorum,
630 2575 782 2612 welche
807 2577 880 2613 Das
905 2577 1003 2621 sind,
1037 2589 1115 2613 was
1146 2578 1273 2613 dieser
1308 2580 1428 2615 Name
1459 2591 1506 2613 an
1542 2577 1627 2613 sich
1663 2578 1724 2612 be·
1773 2595 1783 2614 ,-

244 2626 384 2666 deutet,
409 2624 580 2659 n'zimlich
603 2624 873 2670 Dummkb'pfe.
921 2626 1009 2674 vgl.
1048 2626 1131 2661 Liv.
1159 2626 1189 2666 I,
1215 2629 1274 2663 56.
1311 2628 1415 2663 Ovid.
1445 2627 1542 2662 Fast.
1567 2627 1617 2669 ll,
1645 2629 1725 2662 717.

243 2694 285 2700 --
314 2673 440 2719 quibus
463 2673 669 2716 satisfuit,
696 2673 756 2707 die
781 2672 864 2707 sich
889 2672 1007 2708 damit
1030 2674 1259 2722 begniigten.
1280 2695 1322 2703 ·—
1349 2677 1473 2719 nullis,
1496 2685 1726 2720 permanere,
1779 2705 1783 2710 .

243 2722 334 2757 aber
359 2721 500 2763 Keiner
524 2722 661 2757 wollte
685 2720 850 2764 bleiben,
875 2720 993 2757 Stand
1017 2721 1161 2757 halten.

336 2772 372 2806 3.
423 2769 527 2814 istos,
555 2777 715 2816 nostros,
740 2770 890 2814 Brutos,
918 2770 1099 2816 Cassium,
1122 2777 1279 2807 ceteros.
1327 2792 1372 2799 —
1411 2771 1549 2808 adilum
1572 2770 1622 2805 ad
1644 2780 1725 2804 cae-
