1795 3086
182 103 279 152 3111
473 108 532 149 Μ.
565 106 621 149 T.
655 103 998 148 CICERONIS
1028 105 1401 150 EPISTOLAE.

183 234 261 261 mne
298 220 454 261 iuvare
484 223 634 273 posset
663 218 711 259 in
741 218 924 260 castris:
954 223 1000 260 et
1028 219 1151 274 quod
1180 219 1471 260 acerbissimo
1494 220 1680 261 interitu

184 277 424 318 consulum
456 288 550 315 rem
578 275 804 329 publica-m
834 275 1043 316 nudatam
1073 276 1154 316 tali
1186 274 1283 316 cive
1312 279 1518 329 praetore
1541 276 1587 316 in
1606 290 1679 316 ui·-

185 334 318 374 banis
347 330 517 371 officiis
547 331 751 384 indigere
781 331 1105 372 existimabam.
1149 331 1283 380 Quod
1313 332 1353 372 si
1382 331 1460 385 qui
1482 331 1678 373 vestrum

183 402 277 430 non
306 387 529 441 probabit,
559 386 674 428 mihi
704 387 986 441 prudentiam
1024 387 1070 427 in
1101 389 1292 438 consilio
1324 387 1520 428 defuisse
1550 387 1680 438 sciat,

184 458 278 486 non
308 443 382 483 illi
412 455 517 495 erga
544 443 737 497 patriam
766 442 1046 484 fidelitatem.
1112 443 1311 498 Lepidus
1352 448 1515 495 tamen,
1560 443 1678 498 quod

184 513 275 553 ego
306 498 629 550 desiderabam,
671 498 795 550 fecit,
839 502 888 538 ut
915 497 1121 552 Apellam
1152 500 1206 539 ad
1238 514 1308 541 me
1339 498 1554 550 mitteret,
1592 512 1680 552 quo

185 556 350 597 obside
380 555 470 595 fide
511 553 638 595 illius
689 558 731 594 et
776 555 1006 595 societatis
1058 555 1104 594 in
1156 569 1204 595 re
1256 556 1438 609 publica
1489 554 1678 595 admini-

185 611 376 653 stranda
404 614 565 651 uterer.
626 609 832 651 Studium
861 609 974 650 mihi
1003 623 1130 650 suum
1159 611 1212 650 L.
1246 611 1423 652 Gellius
1453 609 1482 662 †
1512 610 1568 650 de
1599 611 1678 651 tri*

185 670 273 709 bus
303 667 519 709 fratribus
550 666 799 720 Segoviano
828 665 1060 719 probavit:
1100 679 1187 720 quo
1218 680 1301 721 ego
1331 668 1576 719 interprete
1604 680 1679 706 no-

185 723 376 766 vissime
405 723 462 763 ad
491 722 712 777 Lepidum
742 735 838 762 sum
868 734 987 762 usus.
1063 722 1268 762 Amicum
1308 737 1408 764 eum
1437 722 1504 762 rei
1534 721 1680 777 publi-

184 792 273 821 cane
313 792 529 833 cognosse
569 778 749 819 videor:
797 776 1076 831 libenterque
1126 777 1168 817 ei
1205 791 1302 818 sum
1342 778 1597 819 testimonio
1638 781 1682 818 et

183 834 393 877 ommibus
424 848 516 887 ero,
546 835 622 888 qui
652 835 763 875 bene
794 838 1036 874 merentur.
1098 834 1137 875 F
1141 846 1193 873 ac
1221 834 1372 874 valeas
1401 847 1557 887 meque
1586 847 1680 873 mu-

186 897 269 933 tuo
299 891 466 944 diligas
496 890 848 943 dignitatemque
878 902 1035 940 meam,
1064 889 1104 930 si
1119 902 1308 942 mereor,
1338 888 1532 939 tuearis3
1561 888 1681 929 sicut

182 946 342 990 adhuc
369 946 592 1001 singulari
623 959 722 985 cum
751 946 1063 987 benevolentia
1091 944 1258 986 fecisti.

183 1104 434 1138 schw'zichter
459 1104 708 1138 Gesundheit.
737 1122 782 1128 —
814 1106 955 1138 iuvare.
1006 1102 1069 1137 Sic
1095 1105 1225 1151 Margo
1251 1103 1350 1138 Crat.
1378 1104 1474 1138 Vict.
1495 1106 1526 1138 1.
1552 1104 1680 1138 hamb.

184 1153 304 1197 seqq.
330 1154 436 1185 iuare
460 1152 558 1185 Vict.
582 1154 614 1187 2.
642 1152 734 1185 tueri
760 1153 875 1196 Neap.
902 1152 988 1185 Asc.
1015 1154 1045 1186 1.
1074 1152 1172 1186 Crat.
1199 1152 1309 1197 prob.
1336 1152 1432 1184 Ern.
1459 1151 1552 1184 Scil.
1578 1157 1682 1185 mare

184 1201 262 1234 Md.
305 1201 406 1233 Hinc
432 1200 649 1245 corruptela
673 1200 715 1233 in
741 1206 795 1234 tot
822 1202 905 1234 Mss.
940 1200 1140 1234 ORELLI.
1191 1220 1235 1226 —-
1285 1200 1474 1241 nudatam,
1499 1200 1679 1234 orbatam.

186 1268 228 1274 —-
263 1249 344 1288 tali,
371 1248 497 1292 qualis
524 1254 580 1282 est
605 1249 737 1282 frater.
784 1269 823 1274 -
863 1252 980 1292 praet.
1018 1248 1191 1282 Urbanus
1219 1249 1322 1282 enim
1357 1247 1395 1280 h.
1421 1260 1452 1281 a.
1480 1247 1546 1282 Cn.
1574 1248 1681 1282 Plan—

183 1310 252 1333 cuss
278 1297 391 1331 Lucii
416 1298 538 1330 frater
562 1303 716 1342 praetor
743 1303 835 1330 erat.

286 1365 321 1398 3.
374 1363 559 1407 Apellam,
594 1360 862 1396 vex-muthlich
889 1362 1002 1397 einen
1040 1362 1120 1397 ihm
1154 1362 1294 1396 hb'chst
1319 1361 1496 1398 werthen
1523 1363 1679 1411 Froige-

187 1414 377 1448 lassenon,
416 1430 461 1435 -
503 1421 570 1453 quo
597 1411 719 1443 obside
744 1436 752 1444 .
782 1434 790 1443 .
820 1414 958 1454 uterer,
996 1423 1059 1443 um
1085 1411 1154 1444 ihn
1179 1412 1232 1444 als
1259 1411 1408 1445 Geissel
1436 1411 1511 1444 und
1538 1411 1679 1445 Umer-

183 1460 307 1507 plfand
332 1459 453 1492 seines
480 1458 736 1493 Ehrenworts
762 1458 840 1491 und
867 1459 996 1492 seiner·
1021 1459 1275 1492 Theilnahme
1313 1471 1358 1492 an
1391 1459 1460 1493 der
1495 1459 1679 1494 Verfech-

182 1517 286 1556 tumg-
312 1508 380 1541 der
391 1507 583 1552 Republik
609 1506 937 1546 anzusehen.fide.
973 1507 1036 1540 Sic
1052 1507 1202 1551 antiqua
1218 1507 1407 1552 scriptura
1432 1507 1594 1555 genitivi
1607 1508 1677 1541 Md.

185 1558 292 1592 Crat.
319 1556 418 1589 Vict.
431 1557 466 1590 2.
492 1554 631 1588 Graev.
657 1556 751 1588 Em.
776 1555 912 1588 Bened.
942 1554 1032 1588 sch.
1059 1569 1109 1587 z
1127 1555 1221 1596 fidei
1245 1555 1341 1588 Viet.
1372 1558 1402 1589 1.
1428 1555 1556 1588 Lamb.
1584 1556 1679 1589 Liin.

186 1604 396 1640 ORELLI.
430 1602 511 1644 fide
532 1607 566 1636 el
589 1604 719 1637 societ.
746 1603 831 1636 eine
858 1602 1075 1647 Hendiadys
1109 1609 1154 1637 st.
1187 1604 1283 1637 fidae
1310 1604 1510 1637 weh-tatis.
1554 1603 1593 1638 5.
1621 1616 1678 1648 ep.

184 1655 276 1697 819,
303 1655 335 1689 2,
374 1670 417 1676 -
454 1651 497 1685 L.
527 1651 668 1685 Gellius
695 1676 702 1683 .
729 1676 737 1683 .
766 1676 774 1684 .
801 1650 1025 1693 Segaviano.
1067 1651 1187 1686 Locus
1213 1651 1323 1686 foede
1349 1658 1564 1699 corruptus.
1614 1651 1680 1686 sic

187 1703 267 1735 Md.
306 1701 405 1734 Vict.
442 1703 474 1734 1.
502 1702 534 1735 2.
568 1699 782 1742 Segantano
819 1699 920 1733 Crat.
961 1709 1001 1733 se
1036 1699 1199 1734 Gauiano
1241 1702 1358 1746 Neap.
1390 1702 1507 1747 Beng.
1540 1701 1680 1734 Bened.

187 1750 279 1784 Sch.
307 1750 403 1783 istiu.
429 1749 512 1783 Sex.
541 1748 707 1782 Gar-iano
735 1747 864 1781 Lamb.
898 1747 1036 1781 Graev.
1072 1748 1167 1784 Ern.
1218 1749 1270 1782 Ut
1303 1760 1404 1781 nunc
1438 1748 1527 1781 novi
1561 1749 1678 1782 Medi-

186 1809 299 1832 ceum
325 1797 477 1831 nomina
503 1797 661 1842 propria
695 1796 792 1829 mire
818 1795 1107 1834 deformanteim
1140 1796 1194 1830 sic
1231 1798 1312 1830 fere
1346 1796 1532 1841 scriptum
1558 1798 1678 1841 suspi-

187 1858 277 1881 cor:
305 1845 345 1879 L.
376 1845 516 1879 Gellius
541 1845 588 1878 D.
612 1844 654 1878 F.
681 1843 808 1887 [tribu]
835 1844 1000 1886 Fabaa),
1027 1844 1191 1886 Segovid
1215 1845 1281 1879 vel
1305 1845 1550 1885 Segovianus.
1577 1844 1680 1878 Adeo

186 1901 315 1928 autem
341 1900 514 1928 accurate
550 1893 644 1926 civis
669 1892 828 1927 Romani
855 1893 1115 1937 Hispaniensis
1148 1904 1285 1927 nomen
1320 1892 1446 1934 effert,
1488 1898 1531 1925 ut
1563 1893 1681 1926 alicui

186 1944 344 1976 decreto
372 1942 419 1976 de
444 1942 623 1987 praemiis
650 1941 847 1975 hominum
875 1941 967 1974 bene
993 1940 1036 1974 de
1062 1953 1142 1986 rep.
1180 1941 1406 1975 meritorum
1432 1940 1603 1974 faciendo
1643 1941 1681 1973 id

185 2003 236 2026 ex
276 2003 344 2024 usu
368 1991 536 2024 Romano
564 1990 682 2023 inseri
708 1996 846 2034 posset.
894 1990 993 2022 tribu
1029 1989 1114 2023 ideo
1151 1991 1202 2033 [l.
1237 1989 1325 2034 quia
1357 1989 1430 2022 hoc
1457 1989 1610 2023 videtur
1635 2001 1679 2022 ex

187 2040 345 2083 antiquo
372 2039 507 2086 gloss.;
535 2050 620 2071 nam
646 2038 686 2071 in
706 2038 900 2082 Inscriptt.
929 2049 1081 2082 sempor
1105 2038 1305 2072 omittitur.
1353 2036 1530 2079 Segovia,
1556 2037 1680 2081 potius

187 2099 303 2132 quam
327 2087 578 2129 adiectivuxm
609 2087 698 2130 quia
721 2086 982 2130 siclnscriptf.
1002 2086 1187 2120 militares
1220 2088 1303 2120 sere
1324 2096 1463 2119 omnes.
1485 2085 1680 2118 ORELLI.

190 2155 233 2160 —
262 2137 305 2169 de
330 2136 445 2168 tribus
457 2135 663 2177 fratribus,
702 2135 741 2167 in
769 2134 947 2168 Hinsicht
975 2134 1045 2167 der
1075 2135 1109 2167 d.
1137 2134 1162 2167 i.
1188 2145 1312 2181 gegen
1339 2134 1401 2167 die
1427 2133 1511 2168 drei
1536 2133 1679 2167 Briider

185 2185 222 2218 d.
252 2185 275 2217 i.
302 2184 361 2217 die
388 2184 472 2217 drei
498 2183 693 2217 Antonier.
735 2201 776 2206 —-
818 2183 990 2215 Amicum
1016 2194 1106 2225 eum,
1132 2183 1214 2216 scil.v
1241 2182 1422 2216 Gellium.
1459 2200 1501 2205 —-
1542 2182 1577 2214 ei
1601 2193 1680 2217 sum

186 2232 416 2275 testimonio,
458 2231 523 2265 ich
563 2231 728 2278 bezeuge
769 2230 852 2263 ihm
893 2229 954 2264 das
996 2242 1112 2278 geru,
1159 2229 1253 2277 gebe
1292 2229 1376 2263 ihm
1418 2240 1535 2274 gerne
1577 2231 1680 2264 mein

186 2281 387 2330 Zeugniss.
