1795 3086
151 94 214 141 7ss
436 92 499 134 M.
530 93 585 135 T.
617 88 958 133 CICERONIS
986 89 1357 133 EPISI'OLAE.

155 205 429 249 valetudinis
458 218 593 247 causa
622 203 669 244 in
698 202 811 245 haec
838 203 939 244 loca
966 203 1161 257 veniant,
1191 206 1423 257 praeterea
1451 215 1510 244 ex
1538 214 1633 242 mu-

156 263 341 318 nicipiis
371 262 628 316 frequentes
657 259 900 300 necessarii
938 258 1028 299 mei
1056 281 1111 288 »—
1139 258 1246 313 quin
1285 271 1451 305 omnes,
1498 271 1633 313 quum
1697 261 1700 263 ’

156 323 201 360 te
229 317 411 360 summis
440 316 648 358 laudibus
679 315 738 357 ad
767 316 938 355 caelum
968 315 1240 361 extulerunt,
1276 313 1391 355 mihi
1421 315 1634 355 continuo

156 374 378 416 maximas
407 371 578 427 gratias
607 375 751 425 agant.
810 371 988 425 Negant
1016 370 1135 411 enim
1176 384 1223 411 se
1261 369 1485 422 dubitare,
1525 368 1634 424 quin

157 434 206 472 tu
234 429 344 471 meis
374 426 626 482 praeceptis
656 431 700 468 et
730 425 936 468 consiliis
966 428 1275 481 obtemperans
1304 423 1634 480 praestantissi-

120 486 275 527 2mum
304 489 349 525 te
379 483 524 526 civem
554 488 600 523 et
625 483 900 536 singularem
929 483 1154 523 consulem
1183 483 1411 536 praebeas.
1460 480 1635 530 Quibus

157 556 239 595 ego
269 553 531 596 quamquam
559 539 791 580 verissime
820 551 998 593 possum
1029 539 1300 592 respondere
1329 543 1386 590 te,
1417 549 1530 591 quae
1567 535 1635 576 fa-

158 597 267 650 cias,
297 601 374 638 tuo
403 595 574 636 iudicio
604 599 648 636 et
675 599 753 636 tua
780 597 938 648 sponte
957 593 1105 635 facere
1123 607 1207 634 nec
1229 594 1491 648 cuiusquam
1507 604 1636 646 egere

159 652 374 695 consilio:
403 656 551 693 tamen
570 664 711 705 neque
741 650 873 704 plane
903 650 1138 702 assentior,
1164 663 1217 690 ne
1236 649 1492 690 imminuam
1516 654 1638 690 tuam

157 710 350 760 laudem,
379 708 421 749 si
450 707 594 748 omnis
620 721 647 748 a
674 705 787 746 meis
816 704 1023 745 consiliis
1053 704 1258 758 profecta
1284 705 1518 747 videatur:
1561 716 1636 743 ne-

158 779 245 820 que
270 764 405 807 valde
433 774 569 817 nego:
599 785 653 791 —
682 775 778 802 sum
808 761 925 802 enim
955 761 1133 802 avidior
1173 760 1324 807 etiam,
1364 774 1496 816 quam
1525 759 1637 801 satis

158 825 242 870 est,
271 821 468 875 gloriae:
498 842 549 849 —
580 821 627 859 et
653 821 802 858 tamen
831 829 919 857 non
948 818 1142 857 alienum
1183 821 1251 858 est
1290 817 1511 870 dignitate
1548 819 1639 865 tua,

159 876 280 931 quod
309 876 397 930 ipsi
424 874 759 929 Agamemnoni,
797 886 953 927 regum
994 873 1106 928 regi,
1144 871 1234 913 suit
1262 871 1509 923 honestum,
1558 870 1640 911 ha-

158 935 264 974 bere
292 932 490 986 aliquem
518 929 565 971 in
596 929 802 970 consiliis
832 928 1063 983 capiundis
1092 928 1351 969 Nestoremt
1388 926 1502 968 mihi
1531 939 1640 968 vero

161 989 410 1043 gloriosum
458 990 503 1027 te
544 987 748 1027 iuvenem
796 985 1022 1026 consulem
1063 985 1227 1025 florere
1266 984 1473 1025 laudibus
1512 983 1641 1037 quasi

161 1045 384 1086 alumnum
415 1041 683 1096 disciplinae
710 1054 847 1081 meae,
904 1040 957 1081 L.
988 1040 1169 1095 quidem
1200 1040 1379 1092 Caesar,
1418 1052 1553 1094 quum
1582 1037 1641 1079 ad

161 1115 262 1141 eum
299 1103 531 1154 aegrotum
567 1096 805 1151 Neapolim
843 1096 1077 1147 venissem,
1119 1109 1385 1150 quamquam
1422 1099 1519 1135 erat
1561 1108 1640 1148 op—

161 1170 342 1212 pressus
371 1154 512 1195 totius
542 1152 746 1206 emporis
776 1151 1024 1198 doloribus,
1064 1157 1212 1192 tamen
1242 1156 1356 1197 ante,
1402 1164 1535 1205 quam
1572 1162 1642 1190 me

163 1213 294 1268 plane
339 1208 570 1255 salutavit,
624 1207 697 1260 „O
747 1206 810 1247 mi
857 1208 1036 1258 Cicero,
1086 1207 1248 1262 inquit,
1297 1207 1498 1262 gratulor
1542 1205 1642 1252 tibi,

163 1282 298 1324 quum
344 1270 517 1307 tantum
562 1264 688 1304 vales
730 1262 847 1317 apud
885 1264 1185 1316 Dolabellam,
1230 1267 1441 1318 quantum
1480 1261 1521 1302 si
1559 1275 1642 1315 ego
1676 1292 1679 1297 κ

164 1324 282 1379 apud
319 1323 492 1363 sororis
538 1319 685 1360 filium
724 1319 934 1365 valerem,
982 1320 1071 1359 iam
1110 1319 1226 1361 salvi
1264 1333 1361 1360 esse
1401 1331 1640 1373 possemus.

164 1379 435 1423 Dolabellae
470 1389 581 1418 vero
619 1380 697 1415 tuo
736 1379 783 1415 et
825 1376 1030 1429 gratulor
1067 1379 1112 1416 et
1150 1375 1319 1429 gratias
1358 1388 1464 1430 ago:
1512 1387 1643 1428 quem

91 1458 103 1466 f
163 1436 346 1492 quidem
374 1437 477 1489 post
505 1436 550 1472 te
579 1430 807 1472 consulem
834 1432 980 1472 solum
1009 1444 1243 1484 possumus
1280 1444 1387 1472 vere
1417 1431 1643 1472 consulem

166 1489 372 1534 ‹licere:“
401 1487 563 1530 deinde
592 1487 735 1528 multa
763 1486 819 1527 de
849 1486 970 1529 facto
1000 1501 1053 1528 ac
1082 1488 1137 1528 de
1175 1500 1223 1528 re
1260 1490 1407 1542 gestat
1446 1490 1539 1527 tum
1578 1484 1644 1526 ni-

201 1578 858 1588 „—————,—-,———.-—-.

162 1620 274 1661 than,
312 1620 378 1652 auf
400 1618 527 1652 meine
551 1616 764 1663 Rechnung
789 1619 897 1648 setzt.
946 1630 990 1636 —-
1040 1611 1078 1645 in
1106 1611 1194 1645 haec
1221 1612 1302 1645 loca
1326 1610 1482 1653 veniant,
1519 1611 1559 1643 in
1584 1611 1646 1645 die

168 1667 326 1713 Gegend
362 1678 435 1701 von
466 1666 650 1712 Pompeii,
684 1676 746 1698 wo
784 1663 918 1697 Cicer-o
951 1659 1033 1694 sich
1066 1661 1133 1693 auf
1161 1660 1306 1693 seinem
1339 1659 1439 1693 Gute
1472 1659 1643 1693 aufhielt.

169 1717 233 1751 sic
257 1718 301 1750 D.
325 1716 452 1748 Lamb.
479 1715 572 1748 Ern.
601 1713 688 1748 Sch.
714 1714 808 1746 Liin.
834 1712 873 1745 ‘in
899 1707 955 1742 his
980 1709 1073 1742 locis
1099 1709 1305 1741 conveniunt
1329 1708 1402 1741 Md.
1428 1708 1527 1742 Vict.
1551 1710 1583 1742 l.
1610 1709 1643 1743 2.

168 1767 247 1800 Bos.
276 1764 414 1798 Graev.
441 1764 574 1798 Ortum
600 1762 673 1795 hoc
699 1772 719 1795 e
744 1760 836 1804 syll.
863 1768 989 1804 praec.
1016 1757 1214 1804 geminata.
1251 1755 1445 1789 ORELLI.
1481 1775 1525 1780 —
1558 1757 1645 1800 quin

170 1828 219 1845 z
255 1814 321 1858 qui
354 1823 448 1853 non,
484 1811 584 1845 ohne
622 1810 712 1847 dass,
762 1807 799 1842 S.
836 1805 987 1841 Ramsh.
1016 1808 1044 1850 ξ.
1077 1806 1154 1847 185,
1181 1807 1212 1840 2.
1259 1804 1405 1840 Grotef.
1447 1804 1474 1845 §.
1501 1805 1584 1847 404,
1610 1806 1645 1838 3.

173 1862 278 1894 Anm.
307 1863 336 1895 l.
387 1859 450 1893 Sic
476 1862 520 1894 D.
546 1858 675 1892 Lamb.
703 1857 792 1891 sch.
818 1856 912 1889 Liin.
942 1854 1003 1898 qui
1026 1854 1092 1887 vel
1117 1853 1200 1898 quia
1225 1853 1320 1886 Cett.
1366 1852 1560 1887 ORELLI.
1602 1871 1644 1876 -—

169 1913 296 1952 agant.
371 1907 436 1942 Sic
467 1908 514 1942 D.
549 1907 677 1941 Lamb.
721 1906 814 1939 Ern.
859 1902 950 1937 sch.
992 1902 1086 1935 Liin.
1134 1905 1250 1943 agunt
1289 1900 1384 1935 cett.
1436 1912 1522 1934 cum
1570 1900 1643 1933 Md.

172 1957 372 1992 ORELLI.
421 1955 645 2001 Eigentlich
669 1954 773 1988 hatte
797 1952 867 1986 dex·
891 1950 978 1984 Satz
1010 1950 1139 1983 lauten
1164 1948 1308 1982 sollen:
1351 1949 1535 1982 Neminem
1560 1959 1646 1981 con-

172 2008 253 2040 veni
280 2031 288 2038 .
318 2032 325 2039 .
353 2004 434 2048 quin
465 2005 584 2045 (ohne
610 2004 692 2036 dass
719 2004 791 2043 er),
828 2010 932 2044 quum
956 2003 990 2031 te
1014 2009 1042 2030 s.
1069 1999 1091 2030 l.
1114 2009 1149 2031 a.
1177 1997 1382 2039 esea-tulit,
1421 1997 1511 2031 mihi
1544 2009 1573 2031 c.
1600 2009 1644 2031 m.

171 2065 232 2097 gr.
260 2057 363 2096 agat.
410 2053 511 2086 Abex·
543 2053 677 2087 Cicero
710 2048 860 2084 schiebt
899 2059 963 2081 aus
997 2046 1081 2080 dem
1121 2045 1434 2079 collectivischen
1474 2046 1649 2079 neminem

174 2105 213 2136 in
238 2103 364 2149 Bezug
389 2103 456 2134 auf
476 2101 536 2134 die
562 2099 791 2134 Parenthese
823 2097 895 2130 den
928 2093 1078 2143 Begriff
1101 2104 1219 2127 omnes
1245 2094 1319 2129 ein.
1371 2094 1443 2127 Das
1470 2095 1646 2127 Praesens

173 2155 291 2194 agant
317 2151 407 2183 aber
444 2149 546 2182 steht
576 2149 640 2181 fiir
666 2147 812 2189 egerint
847 2144 906 2178 od.
941 2147 1103 2185 agerent,
1143 2142 1235 2175 weil
1269 2142 1486 2175 conveni:
1511 2142 1648 2186 loquor

173 2212 260 2233 cum
286 2198 338 2231 als
364 2204 510 2241 tempus
543 2196 764 2230 continuum
801 2194 844 2235 (s.
871 2191 1020 2225 Ramsh.
1048 2191 1075 2232 ἕ.
1108 2191 1185 2229 164,
1212 2188 1245 2231 6,
1271 2190 1326 2230 b.)
1358 2190 1564 2234 gebraucht
1591 2189 1648 2222 ist.

175 2249 225 2282 Es
260 2247 354 2291 liegt
389 2245 464 2279 also
497 2244 595 2278 auch
630 2244 691 2277 die
716 2243 834 2286 Figur
868 2240 930 2273 (les
962 2239 1196 2272 Antecedens
1234 2249 1303 2282 pro
1337 2249 1487 2282 conseq.
1529 2237 1648 2271 darin.

176 2314 220 2321 ——
262 2295 513 2338 obtemperans
536 2293 635 2327 kurz
659 2298 749 2326 statt
774 2289 875 2335 quod
900 2288 1149 2331 obtemperes.

271 2345 303 2378 2.
355 2343 402 2376 Et
428 2346 548 2375 tamen
582 2351 651 2374 non
677 2340 834 2373 alienum
861 2341 923 2369 est.
973 2336 1036 2369 Sic
1070 2334 1170 2369 edidi
1208 2346 1307 2367 nunc
1342 2335 1454 2368 etiam
1488 2334 1533 2367 ad
1564 2335 1646 2368 Div.

177 2391 232 2426 lbi
259 2391 398 2439 vulgo:
440 2391 506 2424 Est
539 2393 659 2423 tamen
694 2397 766 2420 non
796 2385 965 2419 alienum.
1016 2382 1212 2417 ORELLI.
1274 2383 1379 2425 „und
1423 2382 1522 2416 doch
1564 2383 1651 2416 thut

176 2441 319 2475 Deiner
340 2438 490 2474 Wiirde
514 2437 657 2472 keinen
680 2433 869 2472 Abla-neh,
902 2432 997 2467 Was
1023 2444 1058 2464 u.
1085 2444 1112 2465 s.
1138 2444 1188 2465 w.

273 2490 307 2523 3.
360 2487 402 2520 L.
430 2486 580 2520 Caesar.
620 2485 656 2519 S.
685 2495 742 2529 ep.
769 2483 851 2523 699,
879 2483 912 2516 2.
948 2499 990 2504 -—-
1033 2491 1136 2524 qnam
1159 2491 1214 2512 me
1237 2480 1346 2523 plane
1368 2478 1553 2524 salutavit,
1581 2479 1651 2511 eho

180 2548 222 2579 εις
246 2535 351 2569 mich
376 2534 477 2569 noch
503 2533 613 2568 recht
637 2534 811 2579 geg-russi:
836 2530 953 2563 hatte.
1001 2530 1180 2562 salutaret
1212 2528 1276 2565 cd.
1305 2529 1419 2565 Oxou,
1446 2530 1478 2564 2.
1512 2528 1650 2560 saluta-

177 2589 280 2618 verat
304 2584 392 2617 sch.
415 2595 514 2629 susp.
557 2572 753 2616 ORELLI.
798 2597 840 2603 —
881 2577 1009 2621 inquit,
1035 2578 1111 2610 rief
1132 2577 1207 2609 mir
1232 2583 1429 2624 entgegen.
1470 2594 1511 2600 -
1554 2575 1654 2618 apud

179 2632 321 2666 sororis
339 2632 412 2675 sll„
438 2634 606 2665 Marcum
630 2627 845 2663 Antonium.
886 2645 927 2650 -—
968 2626 1058 2667 iam,
1085 2625 1178 2658 ietzt
1203 2624 1327 2658 sehon.
1363 2644 1407 2650 -
1450 2634 1650 2668 possumus.

182 2681 244 2714 Sic
269 2682 312 2716 D.
340 2681 455 2714 Oxon.
484 2682 515 2713 1.
545 2679 643 2713 oliv.
669 2686 812 2720 possum
838 2674 933 2708 Gott.
963 2686 1048 2706 cum
1076 2673 1148 2707 Md.
1176 2673 1288 2707 oxon.
1316 2675 1349 2709 2.
1387 2671 1580 2706 ORELLI.
1609 2690 1650 2694 -

182 2731 224 2762 de
249 2740 288 2763 re
314 2733 434 2771 gesta,
459 2739 530 2763 von
555 2727 623 2762 ‹lex-
654 2726 724 2760 Art
748 2724 818 2759 der
850 2722 1105 2769 Aussuhrung.
1159 2721 1289 2767 Suppl.
1329 2722 1474 2757 locutus
1507 2726 1570 2754 est.
1608 2738 1654 2744 -

184 2782 258 2811 tum
283 2777 389 2815 dixit,
