1795 3086
492 76 804 119 EPISTOLA
836 78 1123 122 DCCXXII.
1435 80 1519 129 131

48 187 324 246 gubernabit.
366 188 465 230 Ait
489 191 634 229 autem
665 188 821 228 eodem
859 193 1054 245 tempore
1093 191 1318 233 decretum
1359 193 1432 246 iri,
1472 201 1520 237 ut

46 251 91 287 et
120 246 178 287 iis
209 249 253 285 et
284 243 474 300 reliquis
502 243 741 298 praetoriis
770 246 1031 297 provinciae
1061 247 1364 289 decernantur.
1418 250 1520 292 Hoc

45 306 167 343 certe
196 301 358 342 melius
387 313 517 354 quam
546 300 625 340 illa
654 299 839 340 Persice
868 302 1080 353 porticus.
1139 303 1257 344 Nolo
1287 304 1405 345 enim
1434 305 1523 347 La-

45 359 356 399 cedaemonem
385 355 414 407 †
443 355 534 396 loci
562 356 608 395 in
637 368 725 408 quo
755 356 1220 410 quoniamLamu-ium
1249 360 1520 403 existimavi.

45 412 203 462 Rides,
256 411 444 466 inquies,
496 412 542 452 in
588 411 749 451 talibus
795 411 950 452 rebus?
1009 411 1131 461 Quid
1170 415 1356 456 faciam?
1410 418 1520 459 Plo—

48 469 189 510 rando
219 467 363 508 sessus
393 480 502 508 sum.
560 467 642 507 Dii
672 466 970 509 immortales!
1021 481 1151 520 quam
1191 483 1260 511 me
1289 474 1521 515 conturba-

45 529 136 565 tum
166 523 310 565 tenuit·
336 522 551 576 epistolae
588 525 690 563 tuae
718 522 845 576 prior
873 522 1057 578 pagina?
1115 522 1237 572 Quid
1267 532 1409 569 autem
1437 530 1522 571 iste

46 580 92 620 in
131 579 262 621 domo
308 582 385 619 tua
425 591 553 619 casus
594 579 842 620 armorum?
911 578 1000 620 Sed
1039 577 1159 619 hunc
1185 580 1375 632 vquidem
1412 584 1524 626 nim-

45 738 78 770 1.
104 734 207 769 ScH.
237 753 280 760 υ-
306 743 422 772 casus,
450 732 628 766 Fortuna.
657 751 704 757 —
728 733 797 766 Ait
824 737 941 766 autem
966 733 1098 766 Balbus
1124 733 1165 766 in
1191 734 1352 780 epistola
1378 750 1451 774 sua.
1477 760 1524 768 ..‚

44 784 224 816 decretum
249 781 301 815 iri
325 792 344 814 a
370 786 512 815 senatu.
541 799 583 805 —
615 784 649 813 et
674 781 733 813 iis.
771 780 833 814 Sic
860 780 930 813 Md.
958 782 1010 821 (ut
1036 785 1068 813 et
1093 781 1165 824 his)
1185 783 1280 816 Edd.
1308 796 1412 819 meae
1437 795 1523 823 ante

44 832 127 865 Bos.
155 834 194 863 ut
218 829 267 862 iis
291 830 373 863 Bos.
402 828 537 862 Graev.
563 828 658 861 Ern.
686 827 773 861 Sch.
803 829 895 861 Liin.
925 828 1120 862 ORELLI.
1150 848 1191 854 —
1220 842 1323 875 quam
1350 832 1418 868 illa
1435 837 1525 872 Per-

44 879 120 912 sice
140 877 320 921 porticus,
359 876 440 919 „als
467 876 507 908 in
532 875 675 909 seinem
701 874 967 923 S'aulengange
992 877 1140 911 Persice
1175 879 1350 923 spaziren
1384 894 1431 915 zu
1457 895 1524 930 ge-

44 926 163 959 hen.“
211 926 361 966 Brutus,
408 923 475 956 der
505 933 645 969 sog-ern
680 921 969 967 Spartanisches
1000 924 1146 959 Wesen
1179 925 1380 972 affectirte,
1420 930 1524 965 hatte

46 975 114 1007 auf
161 972 247 1006 dem
282 977 497 1019 genannten
549 970 747 1018 Landgute
797 972 909 1005 einen
953 970 1192 1022 S'aiulengang
1238 974 1357 1010 bauen
1403 977 1524 1014 lassen

44 1020 121 1054 und
166 1019 236 1052 ihn
275 1019 424 1052 Persice
466 1017 564 1051 nach
602 1018 686 1051 dem
725 1018 952 1053 beriihmten
992 1020 1160 1055 Porticus
1201 1022 1322 1057 dieses
1359 1026 1524 1061 Namens

45 1080 93 1103 zu
117 1067 351 1101 Laced'dinon
376 1067 552 1108 benannt,
589 1066 629 1098 in
654 1066 845 1100 welchem
881 1067 941 1101 die
965 1067 1186 1102 Bilds‘a'ulen
1218 1070 1287 1104 der
1317 1074 1524 1108 vol-nehm-

45 1123 128 1150 sten
152 1114 374 1149 Persischen
400 1126 475 1149 von
501 1113 575 1146 den
601 1113 795 1148 Griechen
817 1115 1013 1163 besiegten
1038 1116 1256 1150 Feldherrn
1289 1119 1344 1153 als
1371 1121 1526 1157 Statuen

46 1164 139 1198 oder
171 1162 409 1209 Trags'a'ulen
444 1161 675 1207 paradirten.
718 1160 753 1195 S.
792 1163 939 1196 Vitruv.
967 1163 996 1199 Ι.
1035 1174 1067 1197 c.
1096 1166 1126 1197 1.
1180 1165 1344 1200 Persice.
1383 1169 1526 1204 Graece

45 1210 121 1245 hoc
145 1209 398 1246 scribendum,
438 1208 633 1243 ORELLI.
685 1227 727 1233 -
780 1210 999 1243 existimavi.
1045 1210 1111 1244 six
1146 1211 1212 1246 Cd.
1249 1213 1414 1251 Crusell.
1442 1228 1525 1251 cor-

47 1265 171 1304 rupte.
225 1257 421 1292 Sententia
447 1257 542 1290 haec
565 1258 647 1290 fere
673 1256 782 1290 latet:
838 1257 974 1300 „Haud
1009 1258 1136 1302 placet
1170 1258 1241 1293 ista
1268 1261 1416 1297 ludicra
1442 1267 1525 1299 fere

45 1306 235 1341 affectatio
268 1316 396 1339 rerum
431 1304 863 1347 Lacedaemonicarum3
904 1305 1016 1338 nimis
1052 1318 1090 1339 se
1127 1308 1334 1343 removisse
1365 1323 1382 1344 a
1416 1313 1526 1347 rebus

45 1354 222 1403 gerendis
256 1353 425 1396 fortique
458 1352 587 1396 aliquo
627 1352 794 1386 facinore
827 1353 985 1386 Brutum
1027 1366 1178 1399 semper
1216 1356 1441 1402 existimavi,
1482 1373 1527 1395 ex

45 1414 120 1447 quo
147 1402 187 1435 in
211 1401 313 1443 istud
338 1412 446 1442 suum
472 1399 684 1434 Lanuvium
719 1412 798 1434 sese
831 1401 1016 1435 abdidit.“
1065 1402 1190 1436 Verba
1222 1403 1302 1448 ipsa
1342 1409 1526 1450 quomodo

46 1449 276 1484 restituenda
310 1449 398 1491 sint,
436 1459 510 1485 non
543 1448 678 1492 liquet.
728 1448 904 1483 Proxime
935 1449 982 1482 ad
1018 1449 1179 1484 Crusell.
1219 1453 1376 1487 feceris:
1426 1457 1526 1491 Nolo

46 1499 140 1531 enim
184 1496 512 1539 Lacedaemonem3
563 1496 799 1541 longinquum
847 1497 1015 1542 quoniam
1063 1497 1263 1533 Lanuvium
1311 1503 1525 1539 existimavi.

49 1545 245 1580 ORELLI.
295 1544 437 1578 Schiitz
471 1544 700 1578 verbessert:
748 1545 845 1578 Nolo
879 1545 970 1578 em'm
996 1547 1300 1581 Lacedaemonem
1326 1549 1528 1586 Lanuvium

49 1588 260 1626 existimari
288 1591 366 1625 und
391 1591 558 1625 erkl'a'rt:
603 1591 672 1625 etsi
708 1592 809 1625 enim
835 1593 970 1626 Brutus
997 1593 1037 1626 in
1062 1595 1258 1629 Lanuvino
1282 1597 1464 1633 Eurotam
1491 1609 1528 1635 et

48 1641 224 1675 Persicen
243 1640 435 1685 porticum
462 1639 627 1673 imitatus
654 1646 719 1681 est,
756 1651 865 1674 nemo
891 1647 1018 1682 tamen
1043 1642 1255 1676 Lanuvium
1279 1646 1527 1683 Lacedaemo-

47 1700 133 1723 nem
162 1699 241 1723 esse
266 1686 553 1729 existimaverit,
589 1699 826 1732 neque-vero
850 1689 881 1722 si
906 1689 1068 1723 Lanuvii
1095 1690 1222 1724 sedere
1249 1702 1441 1740 pergeret,
1478 1697 1527 1729 li-

48 1737 231 1771 bertatem
256 1735 389 1781 populi
415 1734 572 1769 Romani
598 1735 800 1770 defendere
825 1743 964 1782 posset.
1023 1737 1146 1772 Sollte
1178 1738 1238 1772 die
1272 1742 1405 1775 wahre
1437 1744 1529 1778 Les-

49 1791 108 1819 art
140 1785 240 1818 sein:
291 1783 388 1817 Nolo
422 1784 517 1816 enim
553 1783 856 1817 Lacedaemonem
888 1785 1009 1818 eodem
1047 1786 1131 1828 loci,
1174 1786 1212 1820 in
1248 1799 1315 1832 quo
1355 1793 1529 1833 quondam

49 1833 250 1866 Lanuvium
275 1831 484 1864 existimari
509 1831 601 1879 (vg-l,
638 1831 683 1864 ad
708 1832 821 1865 Attio.
860 1832 890 1872 Ι,
920 1834 975 1866 13.
1011 1832 1162 1867 Ramsh.
1196 1835 1226 1877 §.
1252 1837 1331 1871 115.
1367 1838 1438 1882 ΙΙΙ,
1465 1842 1529 1883 2.),

49 1882 160 1915 Denn
187 1880 249 1913 ein
273 1879 508 1913 Lacedamon
533 1880 601 1912 auf
622 1879 836 1913 demselben
860 1879 993 1923 Fleck,
1020 1892 1081 1915 wo
1108 1881 1172 1914 ioh
1197 1890 1299 1918 sonst
1318 1885 1530 1921 Lanuvium

49 1930 126 1970 (wo
161 1927 221 1962 die
248 1927 340 1961 Iuno
379 1926 528 1972 Sospita
563 1927 661 1961 nach
694 1928 778 1964 Liv.
806 1927 849 1968 X,
878 1929 923 1962 14
956 1929 1114 1964 verehrt
1146 1932 1296 1975 wurd‘e)
1330 1945 1378 1966 zu
1413 1935 1530 1969 sehen

33 1975 218 2023 'glaubte‚
246 1975 295 2009 ist
319 1975 398 2008 mir
422 1976 483 2008 ein
500 1976 604 2009 Dorn
629 1975 683 2008 im
705 1975 829 2022 Auge;
857 1981 982 2021 trop.
1011 1983 1120 2011 statt:
1148 1989 1185 2012 es
1211 1979 1260 2013 ist
1285 1981 1362 2014 mir
1387 1983 1531 2032 widrig-

49 2025 123 2057 den
149 2024 299 2065 Brutus,
345 2023 385 2056 in
410 2022 599 2057 welchem
634 2023 701 2057 ich
737 2024 847 2057 einen
886 2024 1060 2072 riistigen
1085 2025 1224 2060 Rb'mer
1248 2028 1325 2061 und
1350 2029 1533 2075 K‘a'mpfer

49 2073 115 2105 fiir
140 2072 354 2118 Errettung
380 2070 448 2104 der
473 2071 645 2111 Freiheit
670 2078 773 2105 sonst
798 2079 1014 2115 &wax-tete,
1041 2073 1135 2107 ietzt
1160 2074 1232 2108 den
1259 2076 1533 2126 selbstgefiilli-

52 2131 126 2168 gen
151 2119 228 2152 und
250 2119 334 2153 sich
360 2119 610 2167 geniigenden
636 2119 842 2165 Spartaner
866 2119 1028 2153 macheu
1059 2121 1136 2154 und
1167 2122 1330 2158 dar-iiber
1363 2118 1432 2160 der
1456 2128 1531 2161 R&-

50 2167 221 2201 mischen
254 2165 432 2200 Freiheit
470 2178 675 2215 vergessen
713 2180 761 2200 zu
799 2167 928 2202 sehen.
986 2168 1239 2205 Bekanntlich
1272 2181 1436 2209 mussten
1469 2176 1530 2210 die

53 2214 388 2263 phlegmatischen
415 2213 621 2260 Spartaner
646 2216 687 2248 in
713 2216 784 2249 den
809 2217 996 2261 Kampfen
1021 2217 1145 2251 wider
1178 2218 1238 2252 die
1271 2221 1407 2258 Pei-ser
1438 2224 1532 2257 mei-

53 2269 153 2297 stens
179 2268 256 2297 erst
280 2263 532 2311 aufgeriittelt
555 2264 731 2298 werden:
769 2275 810 2299 so
844 2267 1016 2312 gniigten
1047 2265 1124 2298 und
1156 2267 1322 2314 gefielen
1356 2270 1409 2304 sie
1444 2271 1526 2305 sich

52 2310 94 2343 in
117 2311 223 2351 Derri,
257 2321 332 2344 was
357 2310 412 2344 sie
437 2311 580 2358 gethan
605 2312 698 2346 oder
730 2312 922 2346 allenfalls
959 2312 1054 2346 thun
1091 2312 1274 2349 kb‘nnten.
1327 2338 1369 2344 -
1420 2319 1534 2352 Rides

55 2363 141 2400 cet„
174 2359 233 2393 Du
266 2357 405 2392 kannst
439 2359 500 2392 bei
526 2359 595 2393 der
626 2359 793 2407 ietzigen
828 2361 929 2408 Lage
963 2360 1032 2393 der
1063 2362 1187 2410 Dinge
1219 2363 1319 2398 noch
1354 2370 1531 2410 spassen?

55 2405 287 2450 Respondet:
341 2405 436 2442 Quid
457 2408 638 2449 faciam?
688 2409 790 2442 Plor.
818 2409 859 2450 f.
895 2419 983 2451 sum,
1026 2408 1090 2442 ich
1126 2410 1188 2443 bin
1222 2411 1285 2446 des
1322 2413 1533 2449 lammerns

54 2453 177 2487 miide.

150 2502 184 2535 2.
235 2500 311 2534 Dii.
350 2502 449 2535 Hinc
476 2513 592 2537 novae
627 2502 819 2548 Epistolae
856 2503 1008 2538 initium
1042 2506 1133 2540 fecit
1166 2507 1293 2540 Lamb.
1337 2508 1531 2548 ORELLL

58 2569 99 2575 -
129 2558 234 2591 quam
260 2560 316 2581 me
342 2552 500 2586 conlui-b.
535 2551 658 2592 tenuit,
700 2551 739 2582 in
772 2551 941 2586 welcher
973 2562 1207 2598 gespannten
1242 2556 1396 2589 Unruhe
1434 2558 1533 2593 hielt

57 2596 174 2629 mich.
211 2595 248 2629 S.
275 2596 422 2631 Grotef.
450 2601 478 2642 §.
505 2600 588 2634 324.
629 2617 675 2623 —-—
716 2599 808 2633 Quid
832 2622 840 2630 .
870 2627 876 2633 .
906 2603 1115 2635 annorum?
1151 2603 1245 2636 uras
1272 2603 1385 2638 sollte
1410 2605 1533 2640 dieser

58 2643 257 2677 Einbruch
285 2654 354 2683 von
379 2645 631 2680 Bewaffneten
657 2646 696 2678 in
722 2647 879 2680 Deinem
907 2649 1055 2682 Hause?
1093 2661 1183 2682 arm.
1209 2656 1253 2683 st.
1279 2660 1533 2698 umnatorum;

59 2692 168 2726 abstr.
195 2703 264 2737 pro
293 2703 416 2726 coner.
445 2704 560 2735 casus,
595 2694 744 2729 Vorfall
776 2694 846 2728 mit
880 2695 953 2729 den
989 2696 1247 2731 Bewaffneten
1281 2705 1370 2734 statt
1403 2701 1532 2736 incur-

60 2751 134 2773 sus.
165 2759 205 2766 —
232 2740 401 2785 nimbum,
427 2741 626 2776 Gewitler.
662 2761 703 2766 ——
735 2743 858 2784 egeris
884 2743 929 2778 de
955 2749 1017 2778 lna
1040 2750 1110 2777 cet.
1161 2744 1314 2781 Certum
1351 2748 1531 2784 iudicium

1071 2792 1134 2836 9*
