1795 3086
575 37 889 81 EPISTOLA
922 35 1206 79 DCLXVII.
1547 29 1608 76 23

264 148 578 194 EPISTOLA
608 146 898 189 DCLXVII.
963 149 1037 199 (ad
1068 149 1174 191 Div.
1206 144 1340 189 XVI.
1381 146 1467 193 18.)

450 223 531 259 Ser.
557 224 598 256 in
622 223 715 256 vina
740 223 785 257 A.
812 222 857 256 U.
885 222 926 255 e.
960 224 1039 258 709.
1067 224 1114 264 (a.
1141 222 1179 256 c.
1208 222 1282 263 45.)

129 298 183 330 De
207 291 423 328 valetudine
449 290 602 326 Tironis
626 289 836 336 diligenter
864 287 1027 321 curanda
1061 295 1098 322 et
1130 286 1348 333 quibusdam
1376 284 1602 319 domesticis:

810 339 915 372 1—3.

630 406 846 443 TULLIUS
873 407 1047 442 TIRONI
1075 406 1113 440 S.

239 478 363 528 Quid
393 477 560 532 igitur?
589 491 675 519 non
705 478 772 518 sic
802 475 1004 531 oportet?
1062 473 1285 528 Equidem
1326 487 1484 516 censeo
1513 473 1602 515 sic:

128 534 378 576 addendum
406 533 554 586 etiam,
578 526 761 591 „Suof‘
816 532 921 584 Sed,
968 532 1007 573 si
1057 531 1217 584 placet,
1266 529 1436 572 invidia
1487 530 1603 571 vite-

129 597 225 632 tur:
263 603 392 644 quam
422 590 602 644 quidem
633 602 715 643 ego
744 601 877 644 saepe
907 585 1166 640 contempsi.
1229 583 1334 625 Tibi
1371 584 1605 637 διαφόρησιν

127 646 300 700 gaudeo
330 645 566 700 profuisse.
626 645 676 686 Si
713 658 822 687 vero
853 643 987 685 etiam
1017 641 1332 691 Tusculanum,
1379 642 1445 682 dii
1475 643 1600 684 boni!

127 705 292 756 quanto
320 701 434 741 mihi
464 702 581 741 illud
623 701 709 742 erit
740 700 994 741 amabilius!
1062 697 1166 750 Sed,
1206 696 1247 737 si
1285 711 1353 737 me
1392 710 1511 738 amas
1549 719 1603 725 —

127 758 248 812 quod
278 757 458 811 quidem
489 762 565 797 aut
597 756 709 797 facis
739 761 815 797 aut
841 755 1041 811 perbelle
1071 753 1270 805 simulas,
1305 753 1425 807 quod
1456 758 1602 793 tamen

126 813 173 853 in
184 813 362 854 modum
380 812 646 868 procedit—
659 812 736 853 sed
756 816 805 853 ut
825 816 908 863 est,
920 811 1103 865 indulge
1114 807 1362 852 valetudini
1374 813 1499 858 tuae3
1530 809 1602 848 cui

126 869 310 923 quidem
339 873 388 910 tu
418 868 578 921 adhuc,
608 868 712 908 dum
741 866 856 908 mihi
886 867 1102 918 deservis,
1132 864 1316 906 servisti
1355 878 1442 905 non
1479 866 1599 905 satis:

126 938 178 966 ea
214 924 323 979 quid
362 925 572 979 postulet,
610 937 696 964 non
737 924 938 978 ignoras:
995 924 1128 974 πέψιν,
1167 921 1350 967 ἆκοπίαν,
1388 923 1604 969 περίπατον

125 978 357 1029 σύμμετρον,
402 982 554 1032 τέρψιν,
601 978 784 1020 εὐλυσίαν
821 982 978 1021 κοιλίας.
1037 978 1129 1019 Fac
1168 977 1312 1017 bellus
1356 980 1602 1018 revertare:

124 1049 213 1076 non
242 1035 376 1076 modo
405 1039 466 1085 te,
497 1035 576 1076 sed
609 1034 743 1077 etiam
756 1035 1061 1076 Tusculanum
1090 1037 1291 1074 nostrum
1320 1033 1420 1086 plus
1450 1045 1603 1072 amem.

127 1091 409 1133 Parhedrum
437 1091 603 1143 excita,
643 1096 692 1132 ut
721 1091 901 1132 hortum
945 1091 1040 1145 ipse
1079 1089 1321 1130 conducat:
1368 1089 1434 1129 sic
1473 1088 1640 1138 olim-2

126 1161 218 1188 rem
247 1149 391 1202 ipsum
424 1147 735 1189 commovebis.
795 1147 953 1190 Salaco
981 1146 1279 1200 nequissimus
1304 1144 1382 1186 HS
1414 1154 1495 1185 010.
1526 1143 1602 1182 da-

218 1266 251 1301 1.
302 1275 371 1298 non
393 1264 447 1298 sic
473 1266 648 1309 oportet?
675 1266 747 1299 wie
775 1265 900 1299 deun?
926 1265 975 1298 ist
1002 1276 1038 1297 es
1064 1275 1102 1298 so
1128 1263 1237 1297 nicht
1260 1263 1404 1301 recht?
1437 1263 1605 1296 Pertinet

125 1312 170 1345 ad
195 1312 496 1358 inscriptionem,
523 1314 624 1359 quod
643 1313 838 1347 Ciceronis
864 1325 1003 1346 nomen
1030 1313 1110 1347 sine
1137 1312 1385 1357 praenomine
1411 1317 1480 1352 est,
1505 1310 1603 1355 quod

126 1367 181 1395 est
205 1360 476 1396 familiaritatis
501 1362 593 1403 (vid.
622 1373 678 1408 ep.
707 1363 804 1403 229).
853 1362 968 1394 Maius
1003 1361 1116 1394 etiam
1149 1361 1294 1401 fuisset,
1328 1360 1359 1393 si
1391 1359 1604 1404 scripsisset

127 1409 256 1443 Tironi
279 1420 371 1451 suo;
398 1410 463 1443 sed
488 1409 729 1444 invidiosum.
769 1409 1001 1444 ERNESTI.
1031 1427 1072 1433 -
1112 1405 1311 1455 διαφόρ,
1339 1407 1603 1453 transpiratio-

123 1468 222 1500 nem,
263 1468 357 1501 quae
390 1458 435 1492 fit
459 1470 532 1503 per
557 1458 747 1498 sudorem,
788 1458 850 1491 die
886 1457 1218 1491 Schweissmittel.
1267 1475 1314 1481 —
1365 1456 1605 1489 Tusculanum

124 1505 206 1539 scil.
231 1506 424 1549 profuerit
448 1507 530 1549 tibi,
567 1506 636 1540 der
663 1505 901 1549 Aufenthalt,
935 1506 995 1539 die
1021 1507 1283 1553 Zerstreuung
1307 1505 1373 1538 auf
1394 1504 1479 1538 dem
1506 1503 1603 1536 Tus-

123 1553 271 1586 culano.
299 1571 341 1577 —-
366 1554 543 1596 perbelle,
569 1554 822 1588 meisterhaft.
856 1572 898 1578 —
926 1554 964 1587 in
994 1555 1136 1588 modum
1158 1554 1337 1598 procedit,
1363 1565 1438 1588 was
1465 1550 1603 1585 iedoch

124 1601 207 1635 sein
242 1602 336 1634 Mass
362 1600 429 1635 hat
455 1601 573 1636 oder
606 1603 645 1635 in
670 1602 738 1636 der
763 1604 879 1636 llu'lasse.
915 1601 1087 1650 gelingt3
1132 1601 1304 1636 namlich
1339 1600 1378 1635 τὸ
1412 1600 1602 1635 simulare.

123 1648 264 1690 „Nihil
298 1648 518 1683 mutandum
551 1650 713 1685 videtur.
755 1650 793 1683 in
825 1650 965 1684 modum
999 1657 1056 1685 est
1097 1650 1188 1685 κατὰ
1220 1647 1368 1697 τρόπον,
1395 1646 1600 1695 εὐρύθμοις.

125 1696 320 1730 ORELLI.
344 1715 391 1722 -
415 1697 488 1731 Sed
512 1727 519 1734 .
550 1726 556 1732 .
586 1723 593 1731 .
619 1699 694 1739 sed,
722 1698 980 1743 Epanalepsis.
1015 1698 1052 1733 S.
1083 1699 1234 1733 Ramsh.
1262 1699 1290 1741 §.
1319 1700 1400 1738 206,
1426 1699 1468 1737 B,
1494 1699 1528 1739 6,
1556 1698 1601 1739 *),

124 1764 170 1770 —
194 1744 356 1787 indulge,
379 1746 515 1793 pflege.
572 1765 612 1771 -
664 1747 812 1780 servisti
841 1757 910 1780 non
946 1748 1052 1789 satis,
1094 1748 1158 1781 fiir
1188 1746 1338 1781 welche
1372 1747 1430 1780 Du
1457 1745 1600 1784 bisher,

123 1792 217 1827 weil
242 1794 303 1827 Du
324 1795 391 1827 fiir
416 1793 522 1827 mich
547 1803 586 1828 so
611 1794 697 1829 Viel
730 1794 825 1827 thun
851 1794 1035 1837 wolltest,
1076 1795 1176 1829 noch
1211 1796 1350 1828 immer
1382 1806 1429 1827 zu
1455 1792 1602 1839 Wenig·

122 1840 273 1875 thatest.
320 1859 368 1866 —
418 1840 574 1886 πέψιν,
601 1843 900 1883 concoctionem,
936 1849 1026 1889 gute
1051 1844 1304 1891 Verdauung5
1334 1840 1478 1884 ἀκοπ.,
1505 1841 1602 1875 vita-

121 1890 265 1923 tionem
291 1889 538 1933 lassitudinis,
564 1890 709 1932 Arbeit,
734 1891 826 1924 aber
850 1890 959 1924 nicht
983 1891 1040 1924 bis
1067 1904 1136 1925 zur
1161 1890 1397 1939 Ermiidung.
1427 1910 1471 1915 —
1508 1901 1602 1933 περ.

122 1948 268 1981 συμμ.,
303 1937 598 1973 ambulationem
623 1939 877 1983 moderatam3
914 1936 1089 1984 τέρψιν,
1122 1940 1424 1981 oblectationem,
1463 1937 1601 1971 Erhei-

122 1992 276 2032 terung·‚
302 1983 472 2020 ἀλυπίαν.
499 1989 657 2033 τρίψιν
696 1998 715 2020 e
742 1987 834 2022 Cdd.
862 1998 936 2021 non
962 1987 1042 2022 sine
1068 1989 1333 2033 probabilitate
1359 1986 1600 2021 commenda-

124 2040 211 2067 runt
238 2034 365 2068 Lamb.
392 2040 429 2068 et
455 2034 617 2070 Curtius.
667 2035 861 2069 ORELLI.
919 2037 992 2069 Das
1026 2039 1156 2070 w‘aren
1193 2038 1359 2071 o'ftere
1400 2035 1601 2069 Reibun-

123 2093 227 2128 gen,
253 2082 481 2126 frictiones,
524 2083 624 2117 nach
649 2083 734 2116 dem
760 2083 868 2118 Bade.
922 2102 967 2108 -
1021 2081 1168 2118 εὔλυσ.
1203 2085 1335 2128 κοιλ,
1376 2082 1602 2117 facilitatem

122 2129 213 2172 alvi,
240 2129 393 2164 offenen
424 2130 527 2165 Leib.
580 2150 622 2157 —-
672 2132 797 2175 bellus,
835 2131 947 2166 recht
973 2132 1173 2176 schmuck,
1202 2134 1308 2169 wohl
1335 2132 1511 2179 gen'ahrt,
1535 2131 1601 2163 fir-

123 2189 311 2259 ιόιὶίιῖιῖῙ
347 2180 448 2224 plu-5,
483 2190 546 2214 um
573 2191 612 2214 so
645 2180 765 2215 lieber
794 2180 928 2215 haben.
974 2181 1198 2223 „Fortasse:
1226 2186 1385 2217 nostrum
1411 2185 1448 2214 ut
1477 2179 1600 2224 plus.“

216 2288 248 2322 2.
300 2286 546 2329 Parhedrum,⁸
573 2288 710 2336 irgend
738 2289 800 2324 ein
826 2289 1094 2325 unbekannter
1120 2291 1372 2333 Tusculaner,
1413 2290 1484 2323 der
1509 2290 1604 2322 Lust

125 2346 170 2366 zu
196 2334 339 2368 diesem
366 2336 483 2370 Pacht
507 2337 659 2371 mochte
686 2338 842 2386 gezeigt
872 2338 1008 2373 haben.
1061 2339 1245 2373 Manutius
1282 2351 1352 2385 pro
1387 2338 1504 2371 vicino
1540 2348 1602 2369 ac-

123 2382 237 2426 cepit,
275 2383 380 2427 quasi
406 2392 501 2419 esset
527 2385 762 2419 Graecorum
787 2383 980 2432 πάρεδρον.
1033 2405 1073 2412 -
1125 2388 1180 2421 sic
1205 2414 1212 2421 .
1241 2417 1248 2424 ,
1278 2385 1523 2425 commovebis,
1562 2396 1602 2419 so

124 2431 233 2463 wirst
257 2431 317 2465 Du
342 2431 414 2467 den
440 2433 617 2475 G'artner,
643 2434 711 2468 der
736 2434 807 2467 ihn
834 2434 965 2468 bisher
992 2436 1031 2469 in
1058 2436 1175 2470 Pacht
1200 2435 1317 2477 hatte,
1344 2436 1384 2467 in
1410 2433 1468 2466 die
1493 2433 1602 2468 Wit-

122 2483 264 2525 terung
307 2479 479 2526 bringen,
520 2482 603 2515 dass
646 2494 689 2516 er
725 2481 836 2517 Mehr
869 2483 1003 2528 bietet;
1052 2484 1164 2519 oder
1201 2495 1240 2517 so
1272 2484 1383 2517 wirst
1416 2482 1474 2516 Du
1513 2481 1600 2516 dem

122 2526 292 2574 ietzigen
315 2527 476 2564 P'achter
500 2530 612 2564 Fiisse
638 2531 808 2564 machen.
859 2530 895 2565 S.
931 2543 987 2577 ep.
1021 2534 1108 2568 662:
1150 2534 1237 2567 Cum
1263 2531 1410 2570 olitore‚
1441 2534 1478 2563 ut
1504 2531 1598 2563 vide-

122 2578 191 2607 tur.
219 2593 261 2598 —
289 2574 422 2610 Salaco
448 2592 497 2609 z
523 2575 692 2612 δαπανῶν
715 2576 809 2612 ὅπου
830 2578 878 2623 μὴ
906 2577 960 2613 δεῖ
998 2581 1154 2615 secund.
1181 2579 1390 2624 Theoph1·.‚
1428 2577 1598 2625 σοβαρὸς,

124 2621 349 2657 Prahlhans.
414 2624 450 2659 S.
488 2637 545 2671 ep.
583 2628 662 2663 636.
716 2626 937 2661 Salaconem
973 2636 1082 2663 vocat
1117 2629 1228 2661 illum
1265 2627 1454 2666 olitorem,
1501 2626 1598 2670 quod

123 2669 276 2704 hortum
304 2671 469 2706 nondum
496 2675 565 2716 sic,
592 2682 633 2709 ut
658 2687 756 2710 nunc
782 2682 876 2718 erat,
913 2677 1103 2712 excultum
1140 2683 1177 2710 et
1211 2682 1384 2710 ornatum
1422 2674 1495 2708 HS.
1523 2676 1595 2709 010.

122 2718 355 2764 conduxerit,
384 2733 482 2756 nunc
509 2733 612 2767 vero,
639 2735 753 2768 quum
781 2730 834 2758 tot
864 2732 1083 2760 ornamenta
1112 2725 1350 2767 accesserint,
1375 2730 1512 2769 quanto
1539 2735 1595 2758 ae·
