1795 3086
498 95 809 140 EPISTOLA
841 96 1142 140 DCCXLVI.
1485 94 1570 139 171

104 208 273 250 Cassio.
333 209 422 251 Sed
453 214 500 251 tu
528 209 638 262 quid
667 209 758 249 ais?
815 206 921 248 Scio
956 208 1074 248 enim
1102 213 1146 251 te
1176 207 1446 250 familiarem
1476 221 1572 248 esse

104 263 347 306 Othonum.
416 265 494 307 Ait
531 264 610 305 hic
647 265 733 305 sibi
762 263 925 303 Iuliam
953 262 1098 312 ferre3
1137 265 1424 307 constitutum
1453 263 1571 303 enim

106 333 203 361 esse
232 319 489 361 discidium.
547 319 783 370 Quaesivit
802 332 860 360 ex
882 330 951 359 me
969 323 1107 371 pater,
1138 322 1284 375 qualis
1304 325 1420 362 esset
1440 318 1570 359 sama.

107 376 223 416 Dixi
253 376 368 416 nihil
399 390 502 417 sane
531 389 599 416 me
621 375 798 416 audisse
827 397 881 404 —-
910 373 1159 415 nesciebam
1178 378 1309 422 enim,
1337 389 1418 417 cur
1441 388 1571 430 quac-

110 439 229 473 reret
254 452 309 458 -
337 430 425 473 nisi
454 432 510 472 de
539 444 616 472 ore
644 435 688 471 et
718 435 855 485 patre.
913 428 1000 469 Sed
1031 443 1232 482 quorsus,
1262 432 1468 486 inquam!
1515 431 1575 471 At

111 487 206 538 ille,
237 487 382 527 filium
409 487 542 529 velle.
601 486 720 528 Tum
749 499 845 540 ego,
883 486 967 526 etsi
996 485 1290 536 ἐβόελυττὸμην,
1324 492 1471 527 tamen
1501 500 1575 526 ne—

109 544 212 594 gavi
242 548 397 597 putare
426 557 493 583 me
522 543 603 584 illa
632 556 729 583 esse
757 554 886 583 vera:
916 544 1057 583 σκοπός
1084 563 1138 571 —
1167 539 1256 581 hoc
1284 547 1351 582 est
1379 544 1495 583 enim
1524 566 1576 571 —

112 597 220 639 huic
255 604 406 640 nostro
445 598 562 639 nihil
605 599 829 652 praebere.
897 596 989 637 Illa
1026 599 1172 637 autem
1211 595 1259 636 οὐ
1296 602 1408 645 παρά
1445 600 1577 638 τοῦτο.

110 653 211 707 Ego
240 659 384 695 tamen
414 655 617 708 suspicor
646 653 780 706 hunc,
808 656 855 693 ut
874 652 998 704 solet,
1027 651 1276 692 allucinari.
1335 651 1423 692 Sed
1443 654 1578 694 velim

111 722 321 764 quaeras:
354 729 403 737 -
434 709 571 751 facile
600 714 745 750 autem
774 713 900 764 potes
930 730 975 736 —
1006 713 1050 748 et
1078 721 1148 747 me
1175 707 1427 749 certiorem.
1487 707 1578 748 Ob-

111 778 240 805 secro
281 770 341 816 te,
382 766 492 820 quid
530 769 595 807 est
635 764 750 806 hoc?
815 763 1064 818 Obsignata
1101 762 1191 803 iam
1221 764 1429 818 epistola,
1470 765 1580 804 For—

113 821 264 866 miani,
290 820 369 874 qui
398 821 516 876 apud
544 835 614 861 me
643 821 903 871 coenabant,
943 819 1156 860 Plancum
1181 833 1229 861 se
1259 819 1437 861 aiebant
1466 818 1582 860 hunc

114 875 401 917 Buthrotium
438 877 608 932 pridie,
651 889 782 930 quam
812 875 901 915 hoc
929 875 1196 922 scribebam,
1224 875 1274 916 id
1302 880 1370 916 est
1397 889 1460 916 111.
1490 875 1580 917 No-

115 945 210 984 naS‚
238 933 407 975 vidisse
437 932 691 983 demissum,
722 931 819 972 sine
848 930 1070 985 phaleris:
1108 931 1309 973 servulos
1339 935 1483 973 autem
1513 931 1581 973 ‹li-

118 1086 166 1103 :-
190 1073 274 1107 sich
299 1073 371 1107 mit
397 1073 599 1108 Iemanden
626 1073 665 1106 in
692 1074 774 1107 eine
790 1074 1038 1122 Verbindung
1053 1075 1252 1118 einlassen‚
1273 1077 1366 1111 weil
1389 1077 1497 1112 dabei
1522 1078 1584 1113 die

117 1122 250 1155 libatio
285 1121 418 1156 iiblich
449 1133 543 1155 war.
595 1123 680 1155 illan
715 1121 820 1156 hatte
853 1130 1041 1157 erwarten
1083 1123 1205 1157 sollen
1239 1128 1273 1157 et
1310 1126 1477 1170 quoniam
1502 1152 1510 1158 .
1539 1152 1549 1161 .
1576 1153 1584 1160 .

120 1170 205 1203 fult.
234 1188 276 1194 —
304 1169 375 1210 ais,
400 1167 571 1202 n‘zimlich
597 1181 683 1203 zum
704 1170 935 1217 Folgenden.
962 1189 1005 1195 —
1033 1170 1220 1213 Othonum,
1245 1172 1307 1206 des
1328 1172 1587 1208 Othonischen

118 1219 270 1251 Hauses.
320 1217 391 1252 Die
417 1217 582 1251 Othones
607 1217 794 1265 gehb’rten
819 1231 866 1251 zu
890 1218 960 1252 den
984 1218 1138 1253 Rosciis.
1174 1237 1218 1244 —-
1255 1220 1312 1254 ait
1336 1218 1393 1254 hz'c
1417 1234 1444 1255 s.
1469 1217 1588 1264 Quin-

119 1274 176 1301 tus
201 1265 303 1298 filius
327 1265 398 1298 sibi
422 1265 558 1298 Iuliam
583 1265 741 1300 Othonis
765 1277 921 1300 uxorem
948 1266 1097 1311 nuptias
1122 1279 1204 1301 suas
1229 1266 1317 1310 [of-J
1331 1269 1453 1310 ferre,
1490 1270 1589 1304 Iulia

119 1313 252 1347 mache
277 1312 360 1346 ihm
383 1313 564 1360 Antr‘age.
617 1314 760 1347 Tutiam
785 1314 919 1357 „Alii“
945 1315 985 1347 in
1011 1326 1063 1347 m.
1091 1315 1193 1350 1584.
1226 1326 1273 1349 ex
1296 1316 1377 1349 Lib.
1406 1320 1463 1359 16,
1490 1320 1525 1360 2,
1549 1320 1586 1354 5.

118 1362 174 1403 (h.
203 1361 258 1395 ed.
285 1362 365 1402 751,
391 1361 444 1403 5.)
490 1379 538 1385 —
585 1361 790 1405 discidium,
823 1361 884 1396 die
909 1361 1128 1410 Scheidung·
1151 1373 1228 1396 von
1254 1362 1382 1398 ihrem
1405 1365 1590 1400 Gemahle

120 1409 229 1444 Otho.
260 1427 306 1433 —
329 1412 438 1453 pater
464 1407 594 1451 Quinti
618 1409 699 1442 filii.
731 1411 908 1452 -sama
934 1410 1066 1445 Iuliae.
1093 1429 1134 1435 —
1161 1411 1234 1444 nisi
1257 1412 1302 1445 de
1327 1422 1393 1445 ore
1417 1417 1451 1446 et
1466 1418 1591 1457 patre,

120 1458 175 1491 als
200 1468 274 1492 von
299 1455 426 1490 ihr-em
452 1456 612 1491 Gesicht
634 1456 712 1490 und
736 1457 844 1491 ihrer
868 1458 1041 1494 Familie.
1092 1458 1263 1493 Fortasse
1288 1459 1493 1508 legendum
1518 1461 1591 1495 nist

121 1507 164 1540 de
190 1516 253 1539 ore
275 1504 378 1549 putri
413 1504 437 1536 i.
464 1515 495 1538 e.
533 1516 613 1538 eam
645 1505 748 1539 tristi
781 1505 952 1541 anhelitu
980 1506 1080 1540 male
1113 1506 1261 1541 odorati
1294 1509 1371 1541 oris
1397 1508 1590 1554 laborare5

122 1553 183 1587 cui
209 1563 296 1586 sane
322 1552 417 1586 bene
442 1552 689 1596 responderet
712 1553 752 1586 id
776 1553 877 1598 quod
901 1555 1075 1598 sequitur
1098 1551 1375 1600 ἐβδελυῐτόμην.
1403 1578 1446 1583 -
1481 1569 1591 1602 quor-

121 1614 185 1636 sus
208 1607 249 1635 tu
272 1600 368 1634 haec
394 1599 494 1633 scire
518 1600 602 1634 vis?
628 1619 672 1625 —
713 1601 780 1634 ille
803 1603 1008 1647 respondit.
1037 1622 1079 1630 —
1118 1604 1212 1637 velle
1235 1615 1316 1637 eam
1341 1616 1495 1639 uxorem
1522 1605 1591 1639 ‹lu-

123 1660 221 1684 cere.
276 1669 315 1674 —
365 1645 532 1691 ἐβόελ.,
567 1648 818 1689 abominabar,
856 1650 1032 1697 obgleich
1058 1650 1163 1684 mich
1187 1662 1259 1685 vor
1280 1651 1406 1686 dieser
1430 1653 1592 1687 Verbin-

124 1699 228 1744 dung·
255 1701 398 1741 graute.
451 1713 491 1720 —
539 1700 670 1739 putare
693 1707 749 1729 me
773 1697 843 1731 illa
868 1709 952 1732 esse.
1002 1698 1066 1732 Sic
1092 1699 1156 1733 Cd.
1184 1700 1224 1733 in
1248 1710 1297 1732 m.
1327 1702 1427 1736 1554.
1463 1702 1590 1734 Lamb.

123 1748 201 1780 Bos.
229 1743 342 1788 Seqq.
369 1743 504 1786 negari
533 1748 665 1787 putare
696 1745 767 1778 illa
799 1749 887 1786 (om.
912 1749 984 1788 me)
1016 1748 1145 1781 nescio
1183 1747 1288 1781 cuius
1312 1748 1411 1793 apud
1437 1748 1592 1783 Corrad.

123 1798 160 1828 et
186 1792 338 1837 Malasp.
365 1803 462 1836 susp.
491 1791 596 1836 prob.
622 1791 783 1839 Madvig.
812 1795 843 1828 1.
870 1805 905 1838 p.
934 1796 1013 1830 112.
1049 1794 1124 1828 Sed
1157 1806 1212 1828 me
1242 1800 1325 1839 post
1352 1800 1482 1839 putare
1505 1797 1590 1832 vin-

124 1841 271 1875 dicatur
299 1839 522 1873 auctoritate
556 1839 621 1873 Cd.
655 1841 823 1875 familiae
860 1842 1041 1877 Gallicae.
1087 1842 1158 1876 OR.
1209 1843 1281 1876 illa
1314 1844 1398 1877 scil.
1429 1855 1521 1888 quae
1547 1845 1594 1880 de

125 1887 282 1923 Othonis
306 1887 388 1920 filia
410 1887 595 1920 dicantur.
646 1907 689 1912 —
739 1888 914 1929 σκοπὸς
946 1903 973 1924 s.
1006 1890 1092 1923 finis
1122 1890 1250 1933 Quinti
1275 1892 1393 1935 patris
1420 1899 1475 1926 est
1508 1893 1532 1926 i.
1561 1905 1593 1927 e.

125 1942 234 1982 pater
259 1934 359 1968 nihil
384 1935 487 1968 aliud
511 1941 669 1980 spectat,
704 1936 778 1970 nisi
802 1945 844 1972 ut
867 1938 993 1972 nullos
1020 1938 1183 1983 amplius
1209 1944 1378 1983 sumptus
1404 1940 1443 1973 in
1469 1941 1593 1974 filium

124 1987 248 2018 facere
275 1982 419 2024 debeat,
443 1983 513 2017 illo
539 1983 651 2017 couiu
682 1983 718 2018 io
744 1984 852 2020 inito.
887 1986 1119 2021 ERNESTI.
1151 2005 1199 2011 —
1248 1985 1312 2020 hoc
1336 1988 1439 2022 enim.
1465 1989 1592 2023 Lamb.

124 2033 171 2066 de
206 2030 358 2066 Cori-ad.
393 2043 491 2076 susp.
533 2030 602 2065 hic.
683 2057 690 2065 .
719 2032 871 2067 Ramsh.
898 2034 929 2076 §.
958 2036 1037 2076 159,
1067 2036 1098 2069 1.
1150 2035 1296 2069 Grotef.
1323 2036 1350 2078 §.
1377 2038 1458 2072 211.
1483 2038 1594 2070 Anm.

125 2099 167 2105 —
195 2076 244 2114 οὗ
269 2077 392 2125 παρὰ
415 2076 556 2113 τοῦτο
592 2078 631 2112 h.
660 2091 689 2113 e.
715 2080 784 2114 illa
809 2093 901 2116 vero
925 2089 1140 2128 propterea,
1177 2082 1277 2129 quod
1302 2083 1460 2126 Quintus
1492 2085 1596 2118 filius

124 2128 231 2162 dives
258 2138 332 2161 non
357 2133 423 2168 est,
452 2138 528 2161 non
553 2127 827 2162 absterrebitur
850 2130 895 2163 ab
921 2130 1001 2164 eius
1027 2130 1180 2175 nuptiis.
1222 2150 1269 2155 —
1301 2132 1515 2174 allucinari,
1542 2133 1597 2166 ei·-

126 2187 199 2210 nen
225 2174 584 2256 dummenfStreich
608 2175 779 2210 machen.
807 2195 849 2202 -·
883 2189 1052 2223 quaeras,
1077 2178 1290 2227 erkundige
1314 2179 1414 2215 Dich
1440 2180 1596 2214 danacli.

128 2243 170 2249 --
195 2225 387 2257 certiorem
427 2223 537 2257 acias.

221 2273 256 2307 3.
284 2271 439 2306 Obsecro
466 2275 512 2314 te,
539 2283 601 2305 um
627 2271 690 2306 des
708 2271 896 2307 Himmels
921 2273 1127 2308 willen.-
1155 2275 1306 2318 Obsign.
1334 2275 1408 2315 Sic,
1433 2281 1476 2310 ut
1500 2287 1598 2310 sem·

128 2330 209 2364 per,
234 2319 361 2352 Lamb.
389 2319 540 2362 signata
573 2320 670 2354 Cett.
705 2331 791 2353 cum
824 2321 913 2355 Cdd.
946 2321 1040 2355 Scil.
1076 2323 1118 2356 ob
1151 2322 1367 2369 absorptum
1394 2330 1452 2357 est
1485 2324 1530 2356 ab
1557 2334 1600 2357 oc

129 2377 252 2412 praec.
303 2367 383 2402 cfr.
410 2373 535 2401 tamen
561 2368 691 2403 Horat.
717 2368 809 2413 Epp.
835 2370 865 2411 1,
894 2371 949 2412 15,
976 2371 1009 2404 2.
1037 2370 1109 2404 OR.
1147 2389 1190 2397 -
1235 2370 1328 2405 hunc
1352 2370 1599 2413 Buthrotium,

131 2414 324 2448 diversum
350 2413 393 2447 ab
419 2415 499 2458 illo,
533 2416 638 2449 cuius
665 2427 777 2461 supra
803 2416 841 2450 in
867 2416 937 2451 hac
963 2418 1123 2463 epistola
1148 2420 1307 2459 mentio,
1341 2419 1600 2464 praepositum

132 2461 235 2508 agris
260 2461 472 2497 Buthrotiis
499 2462 720 2498 dividendis.
748 2465 863 2499 ERN.
912 2466 1045 2500 Dieser
1069 2478 1151 2501 war
1165 2479 1252 2500 zum
1269 2468 1402 2501 Pr'a‘tor
1425 2474 1598 2503 ernannt.

131 2512 203 2544 Das
240 2509 328 2543 hier
364 2509 560 2545 erw'aihnte
593 2511 765 2545 Geriicht
798 2512 996 2562 bestatigte
1031 2514 1115 2548 sich
1149 2515 1267 2548 nicht.
1322 2534 1367 2540 -
1416 2526 1478 2548 111.
1504 2516 1600 2550 Νοη.

133 2557 306 2601 Quintil„
332 2569 390 2591 am
416 2559 448 2593 5.
475 2559 602 2593 Iulius.
653 2578 701 2584 —
750 2561 954 2603 demissum,
993 2562 1106 2596 valde
1131 2563 1318 2597 abiectum
1344 2562 1480 2606 animo,
1506 2563 1601 2597 sehr

133 2605 505 2654 niedergeschlagen‚
543 2607 614 2640 mit
649 2607 874 2655 hangenden
909 2609 1050 2644 Ohren.
1103 2629 1146 2636 —·
1196 2611 1273 2643 sine
1297 2609 1475 2654 phaleris,
1500 2611 1599 2645 ohne

133 2653 251 2687 Sattel
278 2653 353 2686 und
379 2654 497 2701 Zeug‚
523 2666 617 2699 equo
642 2661 800 2698 vectum,
830 2663 871 2691 ut
897 2664 1095 2702 appareret
1123 2664 1291 2702 repente,
1319 2669 1414 2702 equo
1437 2670 1512 2692 non
1537 2671 1599 2694 or-

134 2707 230 2742 nato,
257 2702 296 2734 in
321 2701 397 2735 iter
419 2713 457 2736 se
484 2703 686 2737 contulisse
711 2704 775 2737 vel
804 2705 922 2738 latere
948 2706 1061 2739 velle.
1098 2706 1212 2739 ERN.
1264 2705 1344 2740 cfr.
1372 2718 1430 2752 ep.
1456 2708 1538 2749 7113,
1566 2709 1597 2741 1.

134 2768 176 2774 —-
214 2750 394 2793 servulos,
426 2749 487 2784 das
522 2751 712 2785 Deminut.
747 2752 937 2799 gew'ahlt5
972 2754 1071 2788 denn
1102 2753 1162 2787 die
1197 2753 1377 2788 Kleinern
1413 2755 1599 2801 plaudern
