1795 3086
274 111 366 159 336
558 116 618 157 M.
651 115 706 158 Τ.
737 115 1080 159 CICERONIS
1111 116 1482 162 EPISTOLAE.

442 246 754 289 EPISTOLA
787 247 1163 292 DCCCXXXV.
1195 249 1273 301 (ad
1304 249 1411 292 Div.
1434 249 1495 293 X.
1518 252 1604 300 21.)

313 327 395 362 Ser.
424 327 461 360 in
490 326 622 361 castris
648 327 695 360 ad
721 328 863 379 Isaram
890 340 1018 363 mense
1045 330 1142 364 Maio
1169 330 1211 363 A.
1240 329 1285 363 U.
1313 329 1353 363 C.
1380 331 1461 364 711.
1515 329 1559 372 (a.
1588 331 1628 365 C.
1656 332 1732 373 43.)

278 392 478 427 Perfidiam
504 392 641 437 Lepidi
668 393 1049 439 coniunctionemque
1076 406 1163 429 cum
1179 395 1345 430 Antonio
1362 396 1532 440 nuntiat,
1557 397 1763 431 subsidium

348 441 545 487 copiarum
571 441 674 475 mitti
699 441 880 487 postulat,
909 455 1015 476 suam
1040 443 1271 492 dignitatem
1297 444 1547 487 commendat.
1589 448 1689 481 1—7.

762 532 986 567 PLANCUS
1021 534 1271 569 CICERONI.

384 601 588 645 Puderet
614 615 684 643 me
714 601 1044 643 inconstantiae
1073 616 1272 643 mearum
1310 603 1567 655 literarum,
1603 604 1644 644 si
1673 616 1762 644 non

274 659 389 701 haec
427 673 487 701 ex
524 658 669 700 aliena
709 658 892 699 levitate
931 658 1189 713 penderent›
1258 656 1423 700 Omnia
1462 659 1567 712 feci,
1607 672 1762 713 quare,

273 716 448 770 Lepido
480 714 717 755 coniuncto
747 715 805 754 ad
836 727 929 754 rem
958 713 1182 768 publicam
1212 714 1558 767 defendendam,
1587 715 1761 756 minore

210 776 215 783 “
273 770 583 813 sollicitudine
610 774 764 811 vestra
791 769 984 824 perditis
1015 770 1285 819 resisterem‹
1343 771 1509 812 Omnia
1536 770 1580 811 ei
1609 775 1654 812 et
1682 784 1760 824 pe-

272 828 387 869 tenti
418 826 567 881 recepi
597 830 641 867 et
669 827 790 867 ultro
819 824 1052 880 pollicitus
1083 839 1205 875 sum,
1235 825 1487 880 scripsique
1516 825 1602 867 tibi
1621 826 1759 867 biduo

271 887 387 935 ante,
428 882 659 924 confidere
698 895 768 923 me
797 883 913 922 bono
942 881 1121 936 Lepido
1160 895 1256 923 esse
1295 895 1477 922 usurum
1515 883 1760 923 communi-

271 953 357 994 que
387 939 579 980 consilio
608 937 775 979 bellum
801 937 1230 979 administraturum.
1300 937 1493 979 Credidi
1525 937 1760 992 chirogra-

271 995 376 1050 phis
417 995 538 1047 eius,
585 993 884 1034 affirmationi
921 993 1173 1047 praesentis
1214 993 1498 1034 Laterensi&
1548 994 1627 1048 qui
1667 998 1761 1034 tum

271 1051 389 1106 apud
419 1065 489 1092 me
521 1054 631 1101 erat,
662 1048 1091 1103 reconciliaremque
1119 1063 1189 1089 me
1219 1049 1396 1103 Lepido
1426 1049 1650 1104 fidemque
1677 1048 1759 1091 ha-

270 1108 444 1152 berem,
485 1107 655 1147 orabat.
723 1103 827 1145 Non
865 1103 995 1145 licuit
1035 1104 1203 1145 diutius
1245 1106 1355 1146 bene
1396 1105 1451 1146 de
1482 1119 1533 1146 eo
1564 1118 1758 1159 sperare.

270 1163 391 1204 Illud
421 1165 543 1203 certe
574 1159 677 1201 cavi
707 1163 751 1200 et
781 1161 963 1206 cavebo,
999 1173 1054 1200 ne
1083 1173 1181 1200 mea
1210 1160 1484 1201 credulitate
1514 1161 1582 1201 rei
1610 1161 1758 1215 publi-

272 1232 350 1259 cae
380 1231 552 1259 summa
580 1216 784 1257 fallatur.
845 1215 993 1265 Quum
1014 1216 1187 1256 Isaram
1210 1215 1390 1262 flumen,
1417 1229 1506 1257 uno
1529 1215 1602 1257 die
1623 1221 1758 1271 ponte

271 1276 449 1320 effecto,
490 1271 747 1314 exercitum
775 1272 1093 1322 traduxissem,
1131 1285 1213 1326 pro
1252 1270 1564 1326 magnitudine
1594 1273 1658 1313 rei
1686 1286 1758 1314 ce-

271 1331 496 1372 leritatem
527 1329 760 1380 adhibens,
790 1327 911 1382 quod
941 1329 1137 1382 petierat
1166 1342 1246 1382 per
1277 1328 1436 1368 literas
1458 1329 1566 1382 ipse,
1595 1332 1644 1369 ut
1663 1342 1757 1369 ma-
1793 1368 1795 1380 J

269 1393 468 1429 turarem
497 1385 676 1427 venire:
706 1387 884 1437 praesto
915 1382 1030 1423 mihi
1060 1383 1150 1424 fuit
1179 1386 1323 1424 stator
1350 1383 1446 1424 eius
1468 1398 1568 1425 cum
1592 1384 1756 1437 literis,

269 1444 443 1498 quibuS,
475 1454 528 1482 ne
556 1441 773 1490 venirem,
813 1439 1126 1480 denuntiabat:
1165 1453 1211 1480 se
1247 1452 1377 1494 posse
1415 1454 1495 1493 per
1533 1453 1581 1480 se
1612 1440 1756 1481 confi-

268 1512 371 1540 cere
400 1496 650 1552 negotium,
680 1495 852 1536 interea
882 1496 939 1535 ad
971 1496 1140 1536 Isaram
1161 1499 1482 1549 exspectarem.
1540 1495 1756 1537 Indicabo

268 1554 559 1597 temerarium
588 1565 733 1593 meum
764 1551 999 1592 consilium
1029 1550 1138 1592 tibi:
1179 1550 1473 1592 nihilominus
1502 1551 1570 1592 ire
1601 1551 1756 1593 decre-

240 1620 385 1663 ·ram,
426 1609 692 1651 existimans
733 1621 833 1648 eum
871 1607 1043 1649 socium
1082 1606 1257 1662 gloriae
1298 1608 1456 1650 vitare.
1534 1607 1755 1649 Putabam
1790 1599 1795 1612 ⁹

364 1768 395 1801 l.
421 1763 690 1799 inconstantiae
717 1762 928 1806 literarmn,
963 1762 1063 1808 quod
1087 1762 1280 1796 diversum
1307 1762 1505 1808 quidpiam
1531 1776 1551 1797 a
1581 1763 1753 1809 superio-

270 1826 356 1848 rum
382 1814 584 1848 literarum
610 1812 795 1847 sententia
830 1812 908 1845 iam
933 1811 979 1845 ad
1004 1818 1041 1846 te
1067 1810 1290 1857 perscripsi.
1342 1812 1463 1845 Antea
1497 1813 1599 1846 enim
1625 1812 1754 1846 decla-

271 1874 446 1897 raveram
483 1873 543 1895 me
580 1863 693 1895 motis
727 1860 860 1894 castris
899 1867 1002 1895 recta
1028 1859 1225 1905 proficisci
1250 1859 1296 1893 ad
1322 1860 1524 1905 Lepidum,
1552 1867 1594 1894 ut
1624 1872 1754 1894 meum

267 1912 478 1945 exercitum
504 1921 590 1943 cum
615 1909 721 1942 illius
747 1909 919 1943 exercitu
945 1908 1239 1956 coniungerem:
1266 1909 1342 1941 iam
1367 1918 1459 1942 vero
1485 1908 1546 1942 his
1564 1908 1687 1942 literis
1714 1915 1753 1943 te

269 1959 446 1999 edocebo,
472 1969 532 1993 me
554 1957 750 2003 repudiato
778 1957 937 1991 consilio
964 1963 1085 1990 castra
1111 1968 1192 1990 mea
1217 1963 1322 1991 retro
1348 1956 1521 1991 movisse.
1548 1976 1591 1983 -—
1630 1957 1666 1991 si
1682 1967 1753 1990 non

267 2007 372 2048 haec,
398 2018 492 2051 quae
518 2018 618 2040 nunc
647 2006 785 2051 scripsi
813 2032 820 2038 .
851 2032 859 2040 .
889 2034 896 2040 .
923 2006 1120 2049 penderent
1152 2005 1176 2036 i.
1205 2015 1236 2039 e.
1272 2006 1303 2038 si
1336 2016 1414 2038 non
1447 2005 1486 2038 in
1520 2016 1627 2039 causa
1655 2013 1753 2040 esset

268 2056 403 2101 Lepidi
441 2056 588 2097 levitas,
626 2066 740 2089 wenn
767 2054 889 2095 DieSS,
924 2065 1002 2087 was
1037 2053 1102 2086 ich
1137 2053 1231 2086 ietzt
1265 2052 1450 2095 schreibe,
1485 2053 1596 2087 nicht
1620 2053 1660 2086 in
1683 2053 1752 2087 der

268 2103 667 2151 Charakterlosigkeit
692 2102 754 2135 des
782 2102 945 2147 Lepidus
974 2102 1102 2136 seinen
1128 2101 1262 2135 Grund
1289 2101 1406 2135 hatte.
1434 2101 1507 2135 del.
1534 2100 1621 2135 llaec
1648 2101 1749 2136 Crat.

265 2152 394 2186 Lamb.
444 2151 575 2187 VVenn
602 2163 688 2184 man
714 2149 803 2184 llaec
827 2151 894 2184 auf
912 2149 1161 2183 inconstantia
1186 2149 1348 2196 bez'oge,
1386 2161 1424 2183 so
1451 2152 1590 2183 miisste
1614 2151 1750 2192 pende-

267 2205 323 2234 ret
346 2200 501 2249 gelesen
526 2199 693 2234 werden.
729 2218 771 2223 —
825 2210 940 2243 quare
963 2212 1012 2230 Ξ
1038 2198 1186 2242 quibus,
1213 2200 1266 2232 ut.
1302 2216 1345 2221 —
1396 2198 1539 2231 minore
1561 2199 1678 2231 sollio.
1703 2209 1749 2240 12,

264 2260 335 2282 zur
362 2248 670 2295 Verminderung·
694 2247 820 2281 Eurer
845 2246 1007 2294 Sorgen.
1035 2267 1077 2272 —
1101 2245 1275 2289 perditis,
1305 2245 1543 2280 Antonianis.
1573 2264 1616 2270 ·-
1644 2257 1751 2279 rece-

264 2297 315 2341 pi,
343 2296 407 2330 ich
432 2296 529 2330 habe
553 2302 752 2345 zugesagt.
789 2313 831 2319 —
867 2296 976 2334 ultro,
1002 2300 1150 2340 sponte,
1181 2304 1258 2327 von
1284 2294 1414 2334 selbst‚
1447 2293 1551 2328 steht
1576 2294 1660 2327 dem
1685 2305 1750 2338 pe-

265 2345 356 2379 tenti
380 2351 578 2392 entgegen.
616 2363 656 2368 —
695 2355 754 2377 me
780 2344 873 2376 bono
901 2353 978 2376 esse
1000 2353 1149 2376 usurum
1173 2341 1310 2385 Lepido
1344 2342 1367 2375 i.
1395 2354 1425 2376 e.
1451 2353 1512 2375 me
1538 2353 1614 2376 non
1640 2342 1749 2375 dubi-
1775 2342 1778 2348 ’

264 2401 359 2434 tare,
394 2394 487 2437 quin
521 2392 687 2437 Lepidus
722 2391 767 2425 de
794 2402 835 2424 re
861 2391 1014 2436 publica
1046 2391 1140 2424 bene
1167 2390 1337 2432 sentiret,
1380 2390 1463 2424 dass
1508 2401 1546 2424 es
1581 2391 1755 2436 Lepidus,

263 2440 419 2475 ehrlich
453 2441 590 2475 meine.
622 2458 665 2464 —-
716 2438 997 2483 chirographis,
1029 2437 1336 2486 eigenh'andigen
1370 2438 1538 2475 Briefen.
1585 2459 1628 2465 —-
1679 2439 1748 2482 aff.

258 2501 377 2533 praes.
403 2489 542 2531 Later„
571 2488 639 2522 der
664 2486 913 2521 miindlichen
941 2487 1227 2533 Versicherung
1250 2487 1312 2520 des
1339 2487 1568 2521 Laterensis.
1617 2485 1654 2520 S.
1684 2498 1745 2532 ep.

260 2540 342 2577 828,
371 2539 403 2573 2.
444 2557 488 2563 -—
538 2537 624 2572 Non
649 2536 755 2569 licuit
780 2542 870 2575 cet„
906 2535 1024 2569 allein
1052 2535 1116 2569 ich
1140 2535 1287 2568 konnte
1314 2534 1426 2570 nicht
1450 2535 1563 2583 lange
1590 2545 1630 2569 so
1655 2541 1745 2579 gute

261 2585 506 2631 Hoffnungen
532 2596 604 2620 von
628 2583 711 2617 ihm
737 2582 884 2632 hegen5
911 2583 977 2617 ich
1003 2583 1070 2618 sah
1096 2582 1202 2616 mich
1227 2582 1315 2617 bald
1341 2582 1551 2631 get'auscht.
1579 2601 1622 2607 -—
1648 2593 1745 2617 sum-
1772 2620 1774 2622 ,

260 2646 333 2676 ma,
360 2634 423 2668 das
449 2631 766 2669 Gesammtwohl.

356 2703 389 2736 2.
416 2704 536 2744 ponte.
563 2699 598 2734 S.
611 2711 667 2745 ep.
680 2700 798 2742 82854.
810 2720 851 2724 —
863 2704 984 2734 stator
1001 2712 1019 2733 a
1038 2701 1183 2739 stando,
1212 2700 1274 2734 ein
1284 2699 1409 2744 Sclav,
1437 2699 1506 2732 der
1519 2698 1603 2732 dem
1616 2698 1745 2731 Herrn
1765 2695 1769 2743 J

261 2750 399 2782 immer
426 2748 606 2783 zurSeite
627 2748 748 2790 stand,
775 2747 874 2781 auch
900 2749 954 2782 als
969 2749 1330 2783 Geschwindl'aiufer
1348 2749 1386 2781 in
1413 2749 1522 2781 ferne
1533 2746 1742 2793 Gegenden
1764 2757 1768 2795 ‚'

260 2797 482 2831 verschickt
497 2797 641 2832 wurde.
664 2806 781 2840 -per
796 2807 843 2838 se,
863 2796 995 2841 allein,
1021 2799 1085 2831 stix·
1096 2797 1187 2831 sich.
1205 2797 1472 2831 -ezist-imans
1485 2823 1490 2831 .
1503 2821 1509 2828 .
1524 2822 1529 2827 .
1542 2795 1671 2837 vitare,
1701 2794 1741 2827 in
