1795 3086
518 94 829 137 EPISTULA
865 96 1118 138 DCCXVI.
1460 97 1478 142 l
1491 97 1543 142 17

4 202 9 250 ,ζ
66 221 171 248 sum.
232 207 284 246 In
315 206 495 260 reliquis
538 205 705 246 officiis
746 206 816 245 cui
854 210 902 245 tu
943 207 1158 259 tribuisti,
1201 210 1383 260 excepto
1425 207 1536 248 Cae-

65 276 176 312 sare,
225 266 400 316 praeter
436 275 517 312 me,
557 266 606 301 ut
645 260 819 301 domum
849 263 1088 303 ventitares
1125 261 1341 317 horasque
1379 263 1538 302 multas

3 334 9 373 ;
64 330 191 371 saepe
221 318 479 358 suavissimo
509 329 709 355 sermone
741 328 1022 356 consumeres
1035 319 1048 357 Ἰ
1091 322 1196 370 tum,
1225 332 1357 372 quum
1388 318 1536 369 etiam,

4 374 9 397 '³
64 374 103 413 si
132 374 385 421 meministi,
416 376 460 412 ut
490 370 602 412 haec
632 370 950 421 φιλοσοφούμενα
979 372 1236 425 scriberem,
1281 378 1328 414 tu
1358 387 1426 414 me
1455 373 1535 412 im—

63 429 233 482 pulisti.
294 429 404 469 Post
443 427 649 467 Caesaris
689 426 891 478 reditum,
938 427 1041 480 quid
1087 428 1165 466 tibi
1205 430 1363 469 maiori
1403 441 1535 469 curae

64 484 162 535 suit,
204 497 330 537 quam
363 487 411 523 ut
439 496 578 522 essem
609 496 688 535 ego
719 483 788 522 illi
819 495 946 534 quam
977 482 1376 525 familiarissimus?
1415 484 1532 538 quod

0 534 5 541 '¹
63 539 283 580 effeceras.
368 539 590 587 Quorsum
642 537 780 590 igitur
829 537 939 577 haec
977 538 1122 577 oratio
1164 538 1353 591 longior,
1402 553 1529 594 quam

64 596 289 648 putaram?
345 594 462 642 Quia
490 607 584 633 sum
614 594 860 633 admiratus
898 598 955 644 te,
996 593 1071 648 qui
1104 592 1214 632 haec
1243 607 1370 633 nosse
1400 596 1530 635 debe-

64 663 151 701 res,
198 649 438 703 quidquam
489 661 515 688 a
563 662 632 689 me
676 649 975 700 commissum,
1026 648 1139 702 quod
1192 654 1309 689 esset
1347 650 1532 690 alienum

0 693 8 1063 Ι
63 710 216 746 nostra
265 705 472 754 amicitia,
523 704 781 744 credidisse.
860 703 975 744 Nam
1020 708 1196 757 praeter
1242 703 1368 755 haec,
1419 719 1529 758 quae

2 1068 6 1099 l

61 761 417 812 commemoravi,
448 772 560 814 quae
590 764 752 800 testata
781 764 879 799 sunt
909 764 953 799 et
983 760 1189 811 illustria,
1221 758 1363 801 habeo
1393 761 1534 801 multa

63 817 323 867 occultiora,
353 829 463 869 quae
493 816 573 856 vix
602 816 748 856 verbis
779 815 961 868 exsequi
1000 829 1191 869 possum.
1255 815 1418 856 Omnia
1462 829 1532 856 me

62 878 137 912 tua
166 872 408 912 delectant:
457 870 535 912 sed
573 870 760 910 maxime
796 871 992 910 maxima
1030 885 1162 924 quum
1192 869 1304 911 fides
1348 871 1394 911 in
1422 872 1533 910 ami-

64 928 184 978 citia,
214 928 463 977 consilium,
492 926 702 979 gravitas,
732 927 1006 975 constantia3
1036 932 1128 967 tum
1158 927 1297 980 lepos,
1327 925 1530 966 humani-

64 990 147 1034 tas,
176 983 344 1022 literae.
402 981 683 1034 Quapropter
720 981 853 1021 redeo
882 995 997 1022 nunc
1036 983 1092 1022 ad
1135 983 1375 1036 querelam.
1432 981 1531 1036 Ego

63 1043 105 1079 te
134 1038 394 1091 suffragium
432 1037 585 1077 tulisse
624 1037 666 1076 in
705 1037 786 1077 illa
826 1038 940 1091 lege,
979 1038 1169 1091 primum
1209 1051 1295 1078 non
1333 1037 1531 1078 credidi:

0 1104 5 1142 ¹}
63 1093 235 1144 deinde,
286 1093 324 1133 si
374 1092 679 1142 credidissem,
729 1105 949 1147 nunquam
991 1093 1038 1132 id
1087 1094 1182 1134 sine
1226 1094 1374 1147 aliqua
1416 1093 1534 1133 iusta

0 1146 6 1195 ιῙ
63 1162 196 1190 causa
224 1148 525 1189 existimarem
555 1152 598 1187 te
629 1147 804 1188 fecisse.
852 1148 1058 1201 Dignitas
1079 1153 1155 1189 tua
1172 1149 1298 1200 facit,
1328 1152 1377 1189 ut
1395 1149 1532 1188 anim-

0 1201 9 1257 l,
64 1204 332 1254 advertatur,
381 1203 595 1257 quidquid
634 1202 793 1243 faciast
845 1204 1157 1244 malevolentia
1203 1209 1348 1245 autem
1389 1203 1532 1244 homi-

0 1262 8 1304 l
64 1274 180 1310 num,
210 1266 257 1299 ut
285 1259 495 1299 nonnulla
524 1258 691 1309 durius,
721 1271 851 1312 quam
881 1272 907 1299 a
935 1264 978 1299 te
1007 1259 1127 1301 facta
1156 1260 1259 1310 sint,
1298 1258 1530 1313 proferan-

0 1330 6 1372 ¹2
63 1320 146 1356 tur.
204 1315 273 1355 Ea
301 1319 347 1354 tu
377 1314 414 1353 si
444 1327 529 1353 uon
561 1313 704 1363 audis,
748 1314 855 1367 quid
893 1313 1053 1366 dicam,
1097 1315 1269 1355 nescio:
1317 1314 1531 1368 equidem,

0 1377 6 1422 1}
64 1372 103 1412 si
131 1370 302 1425 quando
332 1369 479 1411 audio.
514 1373 601 1409 tam
632 1368 838 1421 defendo,
868 1382 998 1423 quam
1026 1383 1096 1410 me
1126 1369 1220 1410 scio
1250 1383 1275 1409 a
1302 1374 1345 1410 te
1377 1374 1533 1409 contra

0 1442 6 1489 ³3}
64 1427 238 1480 iniquos
266 1438 388 1465 meos
417 1425 561 1464 solere
591 1424 787 1466 defendi.
830 1424 1046 1465 Defensio
1077 1431 1222 1466 autem
1252 1428 1318 1466 est
1340 1425 1533 1479 duplex:

0 1558 6 1603 ἦ
64 1559 106 1590 In
145 1558 243 1599 reliq.
277 1557 355 1598 off.‚
404 1557 443 1588 iu
476 1555 656 1590 Hinsicht
691 1556 852 1590 anderer
883 1556 1279 1590 Pflichtverh'ziltnisse.
1335 1573 1376 1580 -
1429 1555 1529 1594 tria,

0 1605 7 1647 l}
65 1605 181 1639 Usum
207 1605 289 1637 hast
316 1605 372 1637 Du
398 1604 459 1636 das
486 1605 601 1648 Opfer
623 1603 804 1650 gebracht
830 1615 864 1636 u.
893 1617 920 1638 s.
948 1616 994 1640 w.
1035 1624 1071 1628 --
1114 1603 1345 1647 φιλοσοφ,
1371 1610 1410 1637 ut
1436 1602 1530 1636 Tus-

0 1662 7 1689 ,ὲ
66 1653 214 1686 culanas
240 1652 519 1696 disputationes.
570 1670 611 1675 -
661 1656 709 1692 tu,
742 1652 855 1694 grade
887 1653 955 1686 Du.
997 1651 1031 1684 S.
1059 1651 1210 1685 Ramsh.
1249 1650 1278 1693 §-
1306 1652 1385 1693 158,
1412 1654 1442 1685 1.
1494 1654 1530 1683 tu

3 1714 7 1736 ι
66 1712 164 1745 susp.
192 1700 344 1733 Ernest.
381 1699 573 1733 ORELLI.
602 1718 643 1723 -—
670 1699 824 1732 reditum
850 1711 893 1731 ex
919 1699 1122 1744 Hispaniis.

7 1788 10 1795 ,
158 1750 190 1783 6.
240 1751 370 1781 testata
397 1772 405 1780 .
432 1773 440 1781 .
466 1748 645 1787 illustria,
683 1747 954 1788 beurkundete,
992 1758 1052 1779 am
1078 1746 1181 1793 Tage
1217 1745 1388 1792 liegende
1415 1744 1530 1778 That-

0 1812 7 1830 ἰ
65 1795 214 1829 sachen.
259 1814 302 1819 —
347 1796 472 1828 occult.
499 1795 638 1830 officia.
684 1794 784 1828 noch
818 1795 916 1827 viole
943 1794 1160 1837 geheimere
1193 1794 1358 1827 Beweise
1390 1792 1532 1827 Deiner

6 1862 9 1865 ’
67 1844 190 1877 Liebe.
218 1862 261 1868 —-
284 1843 402 1875 omma
430 1869 438 1877 .
466 1869 473 1876 .
500 1847 572 1882 tua,
598 1843 673 1876 alle
700 1842 827 1876 Seiten
854 1843 989 1877 Deines
1016 1841 1255 1875 Charakters.
1300 1861 1339 1865 —
1380 1840 1533 1873 maxime

4 1895 7 1907 ²
64 1891 223 1924 τηαχίηια
248 1902 352 1935 quum
371 1889 477 1930 fides.
529 1891 661 1924 Graev.
697 1891 761 1923 sed
795 1890 953 1923 marz'ma
977 1900 1090 1933 quum,
1140 1888 1227 1922 Sch.
1268 1888 1307 1920 in
1339 1888 1409 1922 Ed.
1441 1887 1531 1923 min.

67 1941 159 1973 Liin.
185 1940 248 1972 sed
272 1939 425 1972 maxime
451 1943 523 1971 tum
549 1938 593 1971 de
620 1939 713 1971 Ern.
742 1938 935 1972 sententia.
965 1939 1036 1970 cfr.
1061 1938 1189 1980 ‚Sylvas
1218 1936 1364 1980 Cratyli
1390 1948 1426 1981 p.
1455 1936 1532 1969 122.

70 2007 111 2012 —-
139 1987 355 2025 coustumia,
387 1986 699 2020 Beliarrlichkeit
725 1986 766 2018 in
800 1985 866 2018 der
890 1984 1177 2018 Freundschaft.
1231 2005 1271 2010 —
1322 1984 1433 2025 lepos,
1472 1983 1532 2015 die

68 2035 235 2069 Anmuth
261 2034 397 2068 Deines
425 2034 583 2073 Geist÷s‚
611 2034 705 2067 Dein
731 2034 862 2075 Witz;
888 2033 1040 2071 lmmecn„
1066 2032 1230 2079 Bildung
1254 2031 1317 2065 des
1345 2032 1533 2073 Herzens3

68 2084 209 2125 literae,
236 2082 303 2116 der
326 2081 552 2115 Reichthum
581 2082 720 2115 Deiuer
740 2081 1058 2114 Gelehrsamkeit.
1088 2099 1128 2104 —-
1156 2080 1204 2112 ad
1227 2080 1406 2124 querelam
1432 2085 1531 2111 tuam

68 2131 112 2164 de
138 2142 211 2173 me,
238 2131 302 2163 auf
325 2131 441 2163 Deine
467 2130 742 2163 Beschwerden
771 2130 862 2162 iiber·
886 2129 1001 2161 mich.

162 2181 194 2213 7.
244 2183 276 2211 te
301 2178 458 2220 suffrag.
489 2183 512 2210 t.
540 2179 576 2210 iu
602 2178 666 2210 illa
693 2178 784 2218 lege.
812 2178 917 2218 „dass
943 2178 1001 2210 Du
1029 2176 1131 2209 iones
1154 2175 1290 2209 Gesetz
1317 2174 1381 2207 des
1403 2174 1530 2207 C'a'sars

70 2227 138 2260 mit
168 2226 325 2260 Deinem
360 2226 452 2258 Voto
488 2227 711 2258 unterstiitzt
746 2225 920 2259 li‘a'ltestf‘
982 2224 1035 2256 Er
1070 2224 1187 2256 meint
1219 2223 1281 2256 das
1316 2223 1452 2255 Gesetz
1489 2233 1533 2253 zu

6 2304 7 2313 ,
71 2275 237 2308 Gunsten
261 2273 327 2306 der
353 2273 578 2311 Schuldner,
604 2285 681 2305 was
709 2273 810 2306 Caes.
837 2273 880 2304 de
906 2274 944 2305 B.
973 2272 1050 2305 civ.
1080 2272 1149 2312 111,
1178 2274 1209 2312 1,
1236 2270 1426 2304 erw'a'hnt:
1455 2269 1534 2301 dass

4 2331 8 2359 ζ
72 2321 236 2354 n'zimlich
271 2321 337 2353 der
369 2320 515 2357 WVerth
549 2321 615 2353 der
648 2320 928 2362 Grundstiicke,
966 2320 1040 2353 wie
1079 2332 1119 2351 er
1154 2331 1220 2352 vor
1253 2319 1336 2350 dem
1370 2319 1534 2362 Biirger-

4 2366 11 2411 ξ
73 2369 206 2415 kriege
240 2368 455 2415 gestanden‚
499 2368 758 2413 ausgemittelt
790 2368 866 2401 und
901 2368 997 2400 nach
1034 2367 1158 2400 dieser·
1192 2366 1292 2399 Taxe
1324 2366 1384 2399 die
1417 2365 1537 2397 Giiter

4 2413 11 2481 i
72 2417 145 2449 den
171 2416 393 2450 Creditoren
418 2415 693 2464 zugcschlagen
728 2416 884 2449 werden
917 2416 1066 2448 sollten.
1117 2416 1227 2449 Denn
1262 2425 1318 2457 ep.
1355 2415 1419 2447 717
1455 2417 1536 2456 sagt

7 2486 12 2506 ζ
72 2463 224 2497 Matius:
251 2475 308 2496 res
333 2475 413 2496 mea
438 2464 635 2496 familiaris
661 2464 745 2510 lege
772 2463 936 2497 Caesaris
963 2463 1153 2496 deminuta
1177 2468 1244 2494 est.
1284 2479 1323 2484 —-
1362 2459 1536 2499 Dignitas

8 2548 10 2550 ,
74 2517 149 2553 lucc,
175 2510 268 2544 Dein
293 2510 417 2544 hohor=
441 2511 568 2552 Stand,
595 2512 711 2557 Rang.
764 2532 805 2536 -—
857 2511 1036 2544 hominum
1060 2511 1163 2551 suci!
1199 2510 1297 2542 Crat.
1342 2505 1534 2540 ORELLI.

7 2571 11 2593 1
75 2560 273 2603 interpret.
295 2570 330 2592 u.
357 2557 595 2605 Erg'zinzung.
637 2577 683 2582 ——
726 2560 851 2592 durius
878 2584 885 2591 .
915 2584 921 2591 .
947 2583 954 2590 .
980 2559 1143 2601 profer„
1170 2558 1207 2589 in
1234 2556 1353 2587 ciuem
1379 2554 1535 2586 schlim-

9 2607 12 2613 ’
75 2618 182 2640 mern
206 2605 342 2639 Lichte
367 2605 592 2653 dargestellt
616 2606 725 2640 wird.
763 2624 803 2630 -—
849 2607 881 2639 εί
906 2607 1042 2650 quando
1069 2605 1174 2638 audio
1200 2603 1289 2636 talia
1316 2602 1385 2635 tibi
1411 2601 1535 2635 obiici.

77 2673 116 2679 —
144 2654 300 2698 iniquos,
328 2653 387 2686 die
413 2655 487 2686 mir
511 2654 618 2687 nicht
645 2654 749 2687 wohl
775 2654 929 2687 wellen.
955 2653 1120 2686 inimicos
1146 2650 1271 2684 Lauib.
1301 2661 1319 2681 e
1337 2649 1402 2682 Cd.
1421 2651 1535 2682 Mem-

76 2702 154 2734 mii.
180 2713 250 2735 om.
277 2711 371 2734 meos
395 2701 476 2736 Asc.
509 2704 536 2735 1.
571 2709 606 2735 ct
640 2702 713 2734 del.
749 2702 919 2735 censebat
948 2700 1112 2734 Ernesti.
1159 2699 1215 2730 Tu
1248 2697 1334 2730 vide
1361 2696 1536 2730 Gar-aton.

77 2749 122 2782 ad
148 2748 330 2783 Planciccn.
357 2761 392 2794 p.
423 2750 499 2784 155.
534 2749 629 2793 L'ips.
658 2749 851 2783 ORELLI.
891 2768 930 2772 a
966 2749 1106 2790 duplex,
1134 2744 1277 2791 duplici
1306 2751 1386 2779 utor
1412 2744 1469 2777 via
1495 2743 1539 2777 ad
