1795 3086
134 76 231 125 252
412 75 482 125 Μ.
508 79 566 126 Τ.
597 78 942 127 CICERONIS
973 81 1350 131 EPISTOLAE.

228 191 548 238 EPISTULA
578 192 1012 239 DCCLXXXVII.
1072 197 1153 249 (ad
1180 197 1289 240 Div.
1319 197 1409 241 XI.
1441 198 1530 251 16.)

394 267 480 303 Sor.
506 278 638 304 mense
661 269 811 305 incerto
835 270 879 305 A.
907 271 953 306 U.
981 270 1022 306 c.
1050 272 1131 309 710.
1157 273 1203 314 (a.
1233 272 1272 307 c.
1300 273 1378 318 44.)

325 339 575 376 Commendat
599 341 769 377 Lamiam
794 343 836 377 in
860 342 1046 389 petitione
1071 349 1282 389 praeturae.
1323 346 1427 382 1-3.

421 431 469 465 M.
495 431 674 468 CICERO
700 434 745 469 D.
770 432 933 469 BRUTO
962 432 1060 469 GOS.
1088 433 1196 471 DES.
1224 433 1262 470 S.
1290 437 1337 472 D.

240 498 486 556 Permagni
523 500 726 555 interest,
769 515 859 558 quo
907 501 992 544 tibi
1040 501 1155 545 haec
1193 507 1393 560 tempore
1433 502 1627 559 epistola

131 554 313 597 reddita
335 557 425 617 usitz
474 560 623 600 utrum
661 572 796 613 quum
827 558 1154 601 sollicitudinis
1203 561 1379 615 aliquid
1420 559 1626 613 haberes,

126 625 186 653 an
215 625 351 667 quum
378 613 435 655 ab
463 613 585 655 omni
614 613 826 656 molestia
852 626 1020 656 vacuus
1049 629 1185 658 esses.
1235 616 1396 672 Itaque
1426 616 1469 658 ei
1497 630 1626 672 prae-

124 668 247 723 cepi,
289 682 419 723 quem
448 669 507 711 ad
546 674 592 712 te
629 670 748 724 misi,
798 671 848 712 ut
887 674 1062 726 tempus
1101 673 1362 715 observaret
1402 673 1624 729 epistolae

127 723 215 787 tibi
245 724 518 768 reddendae.
575 724 710 777 Nam,
751 726 1127 781 quemadmodum
1166 740 1320 771 coram
1349 729 1427 785 qui
1457 729 1516 770 ad
1543 742 1627 771 nos

125 780 443 835 intempestive
498 781 664 824 adeunt
711 782 895 824 molesti
944 796 1077 838 saepe
1125 787 1245 838 sunt,
1288 785 1357 827 sic
1404 785 1626 840 epistolae

125 837 363 879 offendunt
390 851 480 880 non
510 838 613 880 loco
645 837 866 880 redditae.
936 839 987 882 Si
1027 844 1192 893 autem,
1233 844 1285 882 ut
1320 854 1466 895 spero,
1505 840 1625 881 nihil

125 896 172 934 te
200 894 447 948 perturbat,
485 894 608 937 nihil
646 894 853 950 impedit,
894 898 939 937 et
976 895 1075 949 ille,
1124 897 1199 937 cui
1237 896 1465 949 mandavi,
1513 896 1625 938 satis

123 950 241 992 scite
271 953 316 992 et
339 951 572 993 commode
609 953 785 1005 tempus
825 950 884 992 ad
925 954 970 993 te
1011 951 1133 1006 cepit
1171 952 1393 995 adeundi:
1442 951 1626 994 confido

126 1020 213 1058 me,
260 1006 386 1061 quod
421 1006 574 1058 velim,
622 1006 761 1048 facile
805 1020 833 1048 a
870 1010 916 1048 te
953 1008 1309 1062 impetraturum.
1366 1009 1423 1051 L.
1463 1008 1625 1051 Lamia

122 1065 385 1119 praeturam
412 1062 542 1116 petit.
600 1061 705 1104 Hoc
743 1075 827 1117 ego
866 1066 972 1104 utor
1009 1077 1095 1105 uno
1136 1065 1330 1106 omnium
1367 1065 1621 1119 plurimum.

122 1119 292 1173 Magna
319 1121 538 1171 vetustas,
576 1130 740 1172 magna
778 1118 1057 1161 consuetudo
1096 1121 1361 1162 intercedit:
1411 1122 1623 1176 quodque

125 1174 368 1230 plurimum
396 1174 535 1226 valet,
564 1173 686 1216 nihil
725 1172 844 1215 mihi
874 1174 972 1216 eius
1013 1179 1084 1217 est
1121 1174 1436 1218 familiaritate
1465 1178 1622 1219 iucun-

125 1230 259 1277 dius.¹
285 1228 471 1285 ,Magno
499 1234 738 1287 praeterea
766 1230 993 1273 beneficio
1032 1231 1130 1274 eius
1169 1246 1420 1289 magnoque
1457 1234 1623 1275 merito

124 1301 226 1330 sum
255 1287 498 1342 obligatus.
556 1285 675 1329 Nam
704 1285 940 1329 Clodianis
969 1288 1261 1343 temporibus,
1305 1302 1442 1344 quum
1489 1303 1622 1345 eque·

123 1343 234 1386 stris
263 1343 437 1385 ordinis
464 1341 677 1398 princeps
708 1346 837 1400 ⁴esset
866 1356 1038 1399 proque
1075 1357 1175 1386 mea
1215 1345 1360 1387 salute
1401 1347 1621 1388 acerrime

124 1401 444 1455 propugnaret,
478 1412 506 1440 a
535 1397 730 1441 Gabinio
760 1399 946 1440 consule
976 1400 1205 1455 relegatus
1234 1405 1327 1443 est:
1366 1402 1488 1456 quod
1516 1406 1621 1443 ante

124 1457 176 1499 id
212 1460 386 1511 tempus
429 1453 522 1498 civi
558 1453 765 1498 Romano
805 1453 980 1499 Romae
1025 1456 1221 1511 contigit
1258 1457 1440 1501 nemini.
1518 1458 1622 1506 Hoc

223 1670 272 1707 D.
299 1669 482 1705 BRUTO.
535 1669 573 1705 S.
605 1682 655 1706 zu
681 1682 739 1718 ep.
768 1672 852 1708 686.
878 1671 932 1706 im
958 1671 1047 1707 Anf.
1075 1682 1112 1705 u.
1140 1671 1220 1708 779.
1270 1668 1423 1706 Woher
1447 1669 1529 1706 sein
1556 1669 1621 1705 Ti·

125 1720 181 1755 tel
208 1721 438 1767 Imperator,
463 1719 628 1754 dariiber
653 1732 682 1756 s.
711 1731 772 1766 ep.
799 1722 881 1758 762.

224 1791 280 1828 1.,
305 1788 510 1832 Permagni
534 1788 617 1832 int„
651 1799 689 1823 es
713 1789 863 1824 kommt
887 1788 973 1824 Viel
1006 1788 1143 1822 darauf
1173 1798 1233 1822 an.
1283 1805 1331 1812 —
1381 1786 1526 1821 reddita
1557 1787 1622 1830 sit,

127 1837 406 1885 eingeh‘zindigt
430 1837 573 1872 werde.
600 1855 644 1863 -
671 1838 837 1883 intemp„
864 1849 935 1873 zur
961 1837 1112 1872 Unzeit.
1138 1855 1186 1861 —-
1218 1846 1288 1869 non
1313 1836 1407 1878 loco,
1433 1834 1542 1869 nicht
1567 1835 1622 1868 im

125 1887 287 1922 rechten
312 1886 593 1936 Augenblicke,
626 1887 693 1920 auf
723 1886 793 1921 der
829 1886 993 1921 rechten
1020 1885 1156 1920 Stelle.
1207 1902 1254 1910 ——
1301 1884 1393 1918 satis
1419 1909 1427 1917 .
1454 1907 1464 1918 .
1489 1909 1498 1916 .
1526 1883 1622 1928 cepit

125 1935 295 1977 adeundi,
337 1934 410 1969 den
446 1934 758 1983 geschicktesten
793 1935 872 1968 und
907 1934 1159 1983 gelegensten
1192 1932 1437 1982 Augenbliok
1474 1943 1522 1966 zu
1561 1943 1621 1967 er-

125 1983 278 2032 greisen
303 1982 412 2025 weis,
441 1995 506 2017 um
531 1982 633 2019 Dich
659 1995 706 2017 zu
732 1982 937 2030 sprechen.

221 2052 254 2086 2.
304 2048 352 2085 L.
377 2048 507 2083 Aelius
532 2049 676 2084 Lamia.
726 2041 832 2085 Uber
868 2048 939 2082 ihn
970 2061 998 2083 s.
1035 2061 1092 2094 ep.
1119 2049 1201 2085 628.
1226 2048 1307 2084 808.
1344 2059 1380 2092 p.
1416 2046 1540 2083 Redit.
1580 2046 1621 2080 in

125 2099 250 2134 senat.
276 2099 311 2134 5.
338 2097 439 2132 Sext.
464 2099 498 2132 3.
526 2098 623 2133 Plin.
651 2098 741 2141 vll,
765 2099 825 2133 52.
851 2098 978 2133 Valer.
1004 2099 1100 2132 Max.
1129 2098 1161 2138 1,
1188 2098 1220 2132 8.
1258 2115 1299 2121 -
1333 2097 1416 2129 Hoc
1440 2105 1510 2137 ego
1536 2099 1623 2128 utor

128 2161 178 2179 z
211 2153 269 2181 est
302 2145 402 2179 mihi
434 2157 594 2194 magnus
633 2158 721 2180 cum
762 2156 806 2180 eo
836 2157 936 2180 usus.
990 2164 1034 2170 —
1085 2146 1236 2187 Magna
1270 2148 1444 2186 vetustas,
1491 2143 1621 2176 star-ke

126 2193 408 2229 Freundschaft
434 2193 508 2228 seit
532 2194 663 2229 vielen
689 2193 843 2229 Iahren.
870 2212 915 2219 —
942 2191 1128 2234 beneficio.
1161 2194 1257 2227 Nam
1284 2191 1364 2236 ipse
1390 2190 1465 2225 hoc
1492 2190 1621 2225 effecit

127 2244 226 2290 apud
259 2248 432 2277 senatum
466 2243 728 2288 populumque
761 2242 988 2283 Romanum,
1030 2247 1074 2276 ut
1115 2240 1159 2274 ab
1203 2240 1340 2274 exsilio
1379 2238 1621 2276 restituerer.

129 2311 172 2317 -
201 2291 305 2326 clod.
330 2296 450 2335 temp,
477 2301 594 2334 quum
622 2290 780 2326 Clodius
805 2289 981 2323 tribunus
1008 2288 1131 2334 plebis
1158 2300 1219 2323 me
1244 2294 1548 2334 persequeretur.
1574 2306 1622 2312 -

127 2344 284 2385 equestr.
311 2339 392 2373 ord.
429 2338 502 2372 illo
538 2345 713 2384 tempore
747 2338 929 2382 princeps.
979 2337 1061 2371 Hoc
1098 2347 1191 2371 vero
1225 2343 1399 2381 tempore
1439 2336 1622 2370 senatorii

127 2388 275 2423 ordinis
301 2386 432 2421 Lamia
456 2386 662 2422 dicebatur.
711 2386 872 2421 Minoris
907 2385 1008 2420 enim
1035 2384 1179 2419 ordinis
1205 2384 1481 2430 appellationes
1507 2384 1621 2418 omit-

127 2438 241 2480 tebat,
267 2436 334 2480 qui
358 2434 542 2470 maiorem
568 2435 724 2480 adeptus
754 2440 844 2469 erat.
871 2433 1076 2469 MANUT.
1106 2451 1147 2458 —
1174 2437 1448 2478 propugnaret,
1474 2444 1513 2466 se
1531 2433 1621 2466 Clo-

127 2486 198 2531 dio*
217 2485 361 2520 furioso
388 2490 611 2530 opponeret,
640 2494 686 2517 no
713 2483 890 2517 mitterer
916 2483 956 2515 in
982 2481 1176 2517 exsilium.
1206 2502 1247 2508 —
1275 2482 1464 2524 relegatus
1489 2484 1554 2522 est,
1580 2479 1622 2513 in

127 2533 310 2568 exsilium
334 2539 452 2575 actus,
490 2544 553 2567 aus
579 2532 675 2566 Rom
700 2531 931 2566 vel-wiesen.
981 2549 1029 2556 —
1078 2530 1148 2564 civi
1173 2530 1335 2563 Romano
1360 2530 1508 2563 Romae.
1557 2527 1622 2562 Sic

128 2582 202 2616 Md.
230 2583 349 2626 Neap.
377 2582 462 2614 Asc.
492 2583 523 2615 1.
561 2580 662 2615 Crat.
688 2579 787 2613 Vict.
818 2582 850 2615 1.
876 2581 908 2615 2.
944 2578 1074 2613 Lamb.
1101 2577 1240 2613 Bened.
1268 2576 1345 2612 del.
1370 2578 1509 2612 Romae
1534 2587 1620 2610 cum

127 2629 218 2664 Cdd.
246 2629 393 2674 aliquot
419 2629 563 2671 (Basil.)
592 2627 728 2663 Graev.
755 2627 849 2661 Ern.
878 2627 966 2662 Sch.
994 2627 1092 2661 Liin.
1123 2626 1226 2669 (Sch.
1254 2626 1369 2661 etiam
1394 2638 1429 2659 v.
1456 2626 1620 2659 Romano

128 2685 345 2722 suspectum
370 2677 515 2712 habuit.
566 2677 641 2712 Sed
666 2683 770 2711 recte
804 2676 877 2710 civi
910 2677 1073 2710 Romano
1103 2675 1239 2709 Romae
1271 2674 1438 2719 scripsit,
1477 2672 1620 2717 quippe

131 2726 196 2770 qui
222 2726 315 2759 alibi
348 2726 553 2770 aliquando
586 2738 622 2760 v.
659 2736 690 2761 e.
724 2725 765 2758 in
799 2725 917 2759 Ponto
952 2723 1113 2767 aliisque
1146 2723 1286 2757 exteris
1318 2722 1448 2769 regnis
1478 2721 1620 2754 multoz·

130 2775 204 2809 iam
232 2775 332 2809 cives
358 2774 546 2810 Romanos
571 2774 762 2821 relegatos
802 2782 838 2810 et
865 2774 1038 2820 expulsos
1073 2771 1290 2819 cogitaret.)
1328 2768 1521 2805 ORELLL
1577 2787 1619 2793 m
