<?xml version="1.0" encoding="UTF-8"?>
<!DOCTYPE html PUBLIC "-//W3C//DTD XHTML 1.0 Transitional//EN"
    "http://www.w3.org/TR/xhtml1/DTD/xhtml1-transitional.dtd">
<html xmlns="http://www.w3.org/1999/xhtml" xml:lang="en" lang="en">
 <head>
  <title>
</title>
<meta http-equiv="Content-Type" content="text/html;charset=utf-8" />
  <meta name='ocr-system' content='tesseract 3.04.00' />
  <meta name='ocr-capabilities' content='ocr_page ocr_carea ocr_par ocr_line ocrx_word'/>
</head>
<body>
  <div class='ocr_page' id='page_1' title='image "./epistolaeadattic04ciceuoft_0215.png"; bbox 0 0 1795 3086; ppageno 0'>
   <div class='ocr_carea' id='block_1_1' title="bbox 0 2237 14 3086">
    <p class='ocr_par' dir='ltr' id='par_1_1' title="bbox 0 2237 14 3086">
     <span class='ocr_line' id='line_1_1' title="bbox 0 2237 14 3086; baseline 0 0"><span class='ocrx_word' id='word_1_1' title='bbox 0 2237 14 3086; x_wconf 95' lang='lat' dir='ltr'> </span> 
     </span>
    </p>
   </div>
   <div class='ocr_carea' id='block_1_2' title="bbox 485 104 1542 153">
    <p class='ocr_par' dir='ltr' id='par_1_2' title="bbox 485 104 1542 153">
     <span class='ocr_line' id='line_1_2' title="bbox 485 104 1542 153; baseline 0.004 -5"><span class='ocrx_word' id='word_1_2' title='bbox 485 104 797 148; x_wconf 85' lang='lat' dir='ltr'>EPISTOLA</span> <span class='ocrx_word' id='word_1_3' title='bbox 839 105 1091 150; x_wconf 61' lang='lat' dir='ltr'>DCCLXI„</span> <span class='ocrx_word' id='word_1_4' title='bbox 1450 106 1542 153; x_wconf 74' lang='lat'>205</span> 
     </span>
    </p>
   </div>
   <div class='ocr_carea' id='block_1_3' title="bbox 65 217 1547 1333">
    <p class='ocr_par' dir='ltr' id='par_1_3' title="bbox 65 217 1547 1333">
     <span class='ocr_line' id='line_1_3' title="bbox 71 217 1541 275; baseline -0.001 -12"><span class='ocrx_word' id='word_1_5' title='bbox 71 221 133 264; x_wconf 88' lang='lat' dir='ltr'>M.</span> <span class='ocrx_word' id='word_1_6' title='bbox 166 220 402 262; x_wconf 78' lang='lat' dir='ltr'>Antonium</span> <span class='ocrx_word' id='word_1_7' title='bbox 432 220 605 275; x_wconf 75' lang='lat' dir='ltr'>quietus</span> <span class='ocrx_word' id='word_1_8' title='bbox 637 217 725 259; x_wconf 88' lang='lat' dir='ltr'>sui:</span> <span class='ocrx_word' id='word_1_9' title='bbox 766 218 888 258; x_wconf 81' lang='lat' dir='ltr'>cuius</span> <span class='ocrx_word' id='word_1_10' title='bbox 917 224 1039 260; x_wconf 80' lang='lat' dir='ltr'>tanta</span> <span class='ocrx_word' id='word_1_11' title='bbox 1065 224 1155 272; x_wconf 77' lang='lat' dir='ltr'>ost,</span> <span class='ocrx_word' id='word_1_12' title='bbox 1185 232 1271 261; x_wconf 88' lang='lat' dir='ltr'>non</span> <span class='ocrx_word' id='word_1_13' title='bbox 1301 218 1541 261; x_wconf 76' lang='lat' dir='ltr'>insolentia</span> 
     </span>
     <span class='ocr_line' id='line_1_4' title="bbox 72 275 1540 331; baseline -0.001 -14"><span class='ocrx_word' id='word_1_14' title='bbox 72 301 120 309; x_wconf 83' lang='lat'>-—</span> <span class='ocrx_word' id='word_1_15' title='bbox 152 291 251 318; x_wconf 82' lang='lat' dir='ltr'>nam</span> <span class='ocrx_word' id='word_1_16' title='bbox 282 278 328 317; x_wconf 83' lang='lat' dir='ltr'>id</span> <span class='ocrx_word' id='word_1_17' title='bbox 369 277 546 331; x_wconf 86' lang='lat' dir='ltr'>quidem</span> <span class='ocrx_word' id='word_1_18' title='bbox 582 275 767 329; x_wconf 77' lang='lat' dir='ltr'>vulgare</span> <span class='ocrx_word' id='word_1_19' title='bbox 805 275 960 315; x_wconf 76' lang='lat' dir='ltr'>vitium</span> <span class='ocrx_word' id='word_1_20' title='bbox 993 282 1059 316; x_wconf 66' lang='lat' dir='ltr'>ost</span> <span class='ocrx_word' id='word_1_21' title='bbox 1098 302 1134 306; x_wconf 88' lang='lat'>--</span> <span class='ocrx_word' id='word_1_22' title='bbox 1169 276 1246 318; x_wconf 79' lang='lat' dir='ltr'>scd</span> <span class='ocrx_word' id='word_1_23' title='bbox 1275 277 1540 328; x_wconf 81' lang='lat' dir='ltr'>immanitas,</span> 
     </span>
     <span class='ocr_line' id='line_1_5' title="bbox 69 331 1541 387; baseline 0 -14"><span class='ocrx_word' id='word_1_24' title='bbox 69 347 154 373; x_wconf 89' lang='lat' dir='ltr'>non</span> <span class='ocrx_word' id='word_1_25' title='bbox 186 333 316 373; x_wconf 86' lang='lat' dir='ltr'>modo</span> <span class='ocrx_word' id='word_1_26' title='bbox 346 339 394 372; x_wconf 88' lang='lat' dir='ltr'>ut.</span> <span class='ocrx_word' id='word_1_27' title='bbox 422 345 599 382; x_wconf 72' lang='lat' dir='ltr'>vocem,</span> <span class='ocrx_word' id='word_1_28' title='bbox 630 331 707 370; x_wconf 65' lang='lat' dir='ltr'>sm!</span> <span class='ocrx_word' id='word_1_29' title='bbox 738 343 790 370; x_wconf 83' lang='lat' dir='ltr'>ne</span> <span class='ocrx_word' id='word_1_30' title='bbox 823 331 987 370; x_wconf 82' lang='lat' dir='ltr'>vultum</span> <span class='ocrx_word' id='word_1_31' title='bbox 1019 332 1195 385; x_wconf 67' lang='lat' dir='ltr'>quidum</span> <span class='ocrx_word' id='word_1_32' title='bbox 1226 333 1410 373; x_wconf 75' lang='lat' dir='ltr'>liberum</span> <span class='ocrx_word' id='word_1_33' title='bbox 1442 345 1541 387; x_wconf 76' lang='lat' dir='ltr'>pos-</span> 
     </span>
     <span class='ocr_line' id='line_1_6' title="bbox 67 385 1542 442; baseline -0.001 -13"><span class='ocrx_word' id='word_1_34' title='bbox 67 390 125 429; x_wconf 72' lang='lat' dir='ltr'>sit</span> <span class='ocrx_word' id='word_1_35' title='bbox 169 388 287 429; x_wconf 76' lang='lat' dir='ltr'>ferre</span> <span class='ocrx_word' id='word_1_36' title='bbox 323 389 591 442; x_wconf 83' lang='lat' dir='ltr'>cuiusquam.</span> <span class='ocrx_word' id='word_1_37' title='bbox 672 387 826 441; x_wconf 82' lang='lat' dir='ltr'>Itaque</span> <span class='ocrx_word' id='word_1_38' title='bbox 873 385 982 425; x_wconf 84' lang='lat' dir='ltr'>mihi</span> <span class='ocrx_word' id='word_1_39' title='bbox 1024 389 1243 429; x_wconf 79' lang='lat' dir='ltr'>maximae</span> <span class='ocrx_word' id='word_1_40' title='bbox 1285 402 1417 429; x_wconf 84' lang='lat' dir='ltr'>curae</span> <span class='ocrx_word' id='word_1_41' title='bbox 1461 393 1542 439; x_wconf 80' lang='lat' dir='ltr'>est,</span> 
     </span>
     <span class='ocr_line' id='line_1_7' title="bbox 68 441 1540 498; baseline 0 -13"><span class='ocrx_word' id='word_1_42' title='bbox 68 459 153 485; x_wconf 85' lang='lat' dir='ltr'>non</span> <span class='ocrx_word' id='word_1_43' title='bbox 194 445 250 486; x_wconf 75' lang='lat' dir='ltr'>«lc</span> <span class='ocrx_word' id='word_1_44' title='bbox 291 457 389 484; x_wconf 79' lang='lat' dir='ltr'>mea</span> <span class='ocrx_word' id='word_1_45' title='bbox 430 444 607 498; x_wconf 76' lang='lat' dir='ltr'>quidem</span> <span class='ocrx_word' id='word_1_46' title='bbox 646 443 762 493; x_wconf 83' lang='lat' dir='ltr'>vita,</span> <span class='ocrx_word' id='word_1_47' title='bbox 805 442 876 481; x_wconf 89' lang='lat' dir='ltr'>cui</span> <span class='ocrx_word' id='word_1_48' title='bbox 918 441 1118 482; x_wconf 71' lang='lat' dir='ltr'>satisfeci</span> <span class='ocrx_word' id='word_1_49' title='bbox 1157 446 1229 484; x_wconf 77' lang='lat' dir='ltr'>vel</span> <span class='ocrx_word' id='word_1_50' title='bbox 1279 450 1421 485; x_wconf 70' lang='lat' dir='ltr'>aetate</span> <span class='ocrx_word' id='word_1_51' title='bbox 1467 445 1540 485; x_wconf 80' lang='lat' dir='ltr'>vel</span> 
     </span>
     <span class='ocr_line' id='line_1_8' title="bbox 71 496 1542 554; baseline 0.001 -15"><span class='ocrx_word' id='word_1_52' title='bbox 71 502 204 540; x_wconf 67' lang='lat' dir='ltr'>sac-tis</span> <span class='ocrx_word' id='word_1_53' title='bbox 234 502 304 541; x_wconf 66' lang='lat' dir='ltr'>vel</span> <span class='ocrx_word' id='word_1_54' title='bbox 336 524 388 529; x_wconf 89' lang='lat'>--</span> <span class='ocrx_word' id='word_1_55' title='bbox 417 501 454 540; x_wconf 88' lang='lat' dir='ltr'>si</span> <span class='ocrx_word' id='word_1_56' title='bbox 482 499 587 553; x_wconf 83' lang='lat' dir='ltr'>quid</span> <span class='ocrx_word' id='word_1_57' title='bbox 623 499 755 538; x_wconf 71' lang='lat' dir='ltr'>otiam</span> <span class='ocrx_word' id='word_1_58' title='bbox 779 496 862 537; x_wconf 85' lang='lat' dir='ltr'>hoc</span> <span class='ocrx_word' id='word_1_59' title='bbox 882 497 937 537; x_wconf 81' lang='lat' dir='ltr'>nd</span> <span class='ocrx_word' id='word_1_60' title='bbox 959 511 1048 538; x_wconf 81' lang='lat' dir='ltr'>rem</span> <span class='ocrx_word' id='word_1_61' title='bbox 1072 498 1266 551; x_wconf 80' lang='lat' dir='ltr'>pertinet</span> <span class='ocrx_word' id='word_1_62' title='bbox 1294 523 1346 528; x_wconf 84' lang='lat'>—-</span> <span class='ocrx_word' id='word_1_63' title='bbox 1376 500 1542 554; x_wconf 72' lang='lat' dir='ltr'>gloria:</span> 
     </span>
     <span class='ocr_line' id='line_1_9' title="bbox 68 554 1542 609; baseline 0.001 -15"><span class='ocrx_word' id='word_1_64' title='bbox 68 557 147 596; x_wconf 68' lang='lat' dir='ltr'>,emi</span> <span class='ocrx_word' id='word_1_65' title='bbox 188 570 256 596; x_wconf 84' lang='lat' dir='ltr'>mc</span> <span class='ocrx_word' id='word_1_66' title='bbox 294 555 439 609; x_wconf 82' lang='lat' dir='ltr'>patria</span> <span class='ocrx_word' id='word_1_67' title='bbox 485 554 702 595; x_wconf 77' lang='lat' dir='ltr'>sollicitat</span> <span class='ocrx_word' id='word_1_68' title='bbox 750 554 1064 607; x_wconf 63' lang='lat' dir='ltr'>inprimisque,</span> <span class='ocrx_word' id='word_1_69' title='bbox 1113 554 1174 593; x_wconf 85' lang='lat' dir='ltr'>mi</span> <span class='ocrx_word' id='word_1_70' title='bbox 1230 554 1419 607; x_wconf 61' lang='lat' dir='ltr'>Plance,</span> <span class='ocrx_word' id='word_1_71' title='bbox 1467 569 1542 596; x_wconf 82' lang='lat' dir='ltr'>ex·</span> 
     </span>
     <span class='ocr_line' id='line_1_10' title="bbox 69 609 1544 665; baseline 0.001 -15"><span class='ocrx_word' id='word_1_72' title='bbox 69 613 285 665; x_wconf 68' lang='lat' dir='ltr'>spectatio</span> <span class='ocrx_word' id='word_1_73' title='bbox 315 612 570 651; x_wconf 69' lang='lat' dir='ltr'>consulatus</span> <span class='ocrx_word' id='word_1_74' title='bbox 601 609 691 662; x_wconf 80' lang='lat' dir='ltr'>tui,</span> <span class='ocrx_word' id='word_1_75' title='bbox 724 623 835 663; x_wconf 78' lang='lat' dir='ltr'>quae</span> <span class='ocrx_word' id='word_1_76' title='bbox 865 610 928 650; x_wconf 83' lang='lat' dir='ltr'>ita</span> <span class='ocrx_word' id='word_1_77' title='bbox 960 610 1091 661; x_wconf 78' lang='lat' dir='ltr'>longa</span> <span class='ocrx_word' id='word_1_78' title='bbox 1119 613 1208 661; x_wconf 81' lang='lat' dir='ltr'>est,</span> <span class='ocrx_word' id='word_1_79' title='bbox 1238 614 1286 650; x_wconf 79' lang='lat' dir='ltr'>ut</span> <span class='ocrx_word' id='word_1_80' title='bbox 1303 612 1544 663; x_wconf 79' lang='lat' dir='ltr'>optandum</span> 
     </span>
     <span class='ocr_line' id='line_1_11' title="bbox 70 664 1541 720; baseline 0 -13"><span class='ocrx_word' id='word_1_81' title='bbox 70 669 152 718; x_wconf 76' lang='lat' dir='ltr'>sit,</span> <span class='ocrx_word' id='word_1_82' title='bbox 198 673 244 707; x_wconf 86' lang='lat' dir='ltr'>ut</span> <span class='ocrx_word' id='word_1_83' title='bbox 282 668 498 720; x_wconf 79' lang='lat' dir='ltr'>possimus</span> <span class='ocrx_word' id='word_1_84' title='bbox 536 666 589 706; x_wconf 77' lang='lat' dir='ltr'>ad</span> <span class='ocrx_word' id='word_1_85' title='bbox 628 666 674 706; x_wconf 79' lang='lat' dir='ltr'>id</span> <span class='ocrx_word' id='word_1_86' title='bbox 706 670 876 719; x_wconf 77' lang='lat' dir='ltr'>tempus</span> <span class='ocrx_word' id='word_1_87' title='bbox 908 665 973 705; x_wconf 70' lang='lat' dir='ltr'>roi</span> <span class='ocrx_word' id='word_1_88' title='bbox 1003 664 1204 718; x_wconf 83' lang='lat' dir='ltr'>publicae</span> <span class='ocrx_word' id='word_1_89' title='bbox 1233 665 1434 720; x_wconf 72' lang='lat' dir='ltr'>spiritum</span> <span class='ocrx_word' id='word_1_90' title='bbox 1463 668 1541 707; x_wconf 78' lang='lat' dir='ltr'>‹lu-</span> 
     </span>
     <span class='ocr_line' id='line_1_12' title="bbox 66 721 1545 777; baseline 0.001 -15"><span class='ocrx_word' id='word_1_91' title='bbox 66 736 178 763; x_wconf 78' lang='lat' dir='ltr'>cere.</span> <span class='ocrx_word' id='word_1_92' title='bbox 249 722 373 772; x_wconf 82' lang='lat' dir='ltr'>Quae</span> <span class='ocrx_word' id='word_1_93' title='bbox 411 727 559 777; x_wconf 72' lang='lat' dir='ltr'>potest</span> <span class='ocrx_word' id='word_1_94' title='bbox 597 723 716 762; x_wconf 88' lang='lat' dir='ltr'>enim</span> <span class='ocrx_word' id='word_1_95' title='bbox 755 734 853 775; x_wconf 72' lang='lat' dir='ltr'>spos</span> <span class='ocrx_word' id='word_1_96' title='bbox 892 734 989 761; x_wconf 78' lang='lat' dir='ltr'>esse</span> <span class='ocrx_word' id='word_1_97' title='bbox 1025 721 1070 760; x_wconf 90' lang='lat' dir='ltr'>in</span> <span class='ocrx_word' id='word_1_98' title='bbox 1101 733 1153 761; x_wconf 81' lang='lat' dir='ltr'>ea</span> <span class='ocrx_word' id='word_1_99' title='bbox 1183 735 1231 762; x_wconf 82' lang='lat' dir='ltr'>re</span> <span class='ocrx_word' id='word_1_100' title='bbox 1261 721 1460 776; x_wconf 84' lang='lat' dir='ltr'>publica,</span> <span class='ocrx_word' id='word_1_101' title='bbox 1499 723 1545 763; x_wconf 89' lang='lat' dir='ltr'>in</span> 
     </span>
     <span class='ocr_line' id='line_1_13' title="bbox 66 776 1545 832; baseline 0.001 -15"><span class='ocrx_word' id='word_1_102' title='bbox 66 791 152 832; x_wconf 81' lang='lat' dir='ltr'>qua</span> <span class='ocrx_word' id='word_1_103' title='bbox 182 776 375 819; x_wconf 83' lang='lat' dir='ltr'>hominis</span> <span class='ocrx_word' id='word_1_104' title='bbox 411 778 770 832; x_wconf 64' lang='lat' dir='ltr'>impotentissimi</span> <span class='ocrx_word' id='word_1_105' title='bbox 811 781 940 831; x_wconf 83' lang='lat' dir='ltr'>atquc</span> <span class='ocrx_word' id='word_1_106' title='bbox 970 777 1381 830; x_wconf 71' lang='lat' dir='ltr'>intemperatissimi</span> <span class='ocrx_word' id='word_1_107' title='bbox 1411 778 1545 819; x_wconf 80' lang='lat' dir='ltr'>armis</span> 
     </span>
     <span class='ocr_line' id='line_1_14' title="bbox 66 833 1544 888; baseline 0 -14"><span class='ocrx_word' id='word_1_108' title='bbox 66 847 280 887; x_wconf 74' lang='lat' dir='ltr'>oppressa</span> <span class='ocrx_word' id='word_1_109' title='bbox 309 841 408 874; x_wconf 84' lang='lat' dir='ltr'>sunt</span> <span class='ocrx_word' id='word_1_110' title='bbox 437 834 605 874; x_wconf 81' lang='lat' dir='ltr'>onmia!</span> <span class='ocrx_word' id='word_1_111' title='bbox 649 838 694 873; x_wconf 72' lang='lat' dir='ltr'>et</span> <span class='ocrx_word' id='word_1_112' title='bbox 733 833 778 872; x_wconf 91' lang='lat' dir='ltr'>in</span> <span class='ocrx_word' id='word_1_113' title='bbox 814 845 902 886; x_wconf 83' lang='lat' dir='ltr'>qua</span> <span class='ocrx_word' id='word_1_114' title='bbox 932 845 1012 872; x_wconf 76' lang='lat' dir='ltr'>noc</span> <span class='ocrx_word' id='word_1_115' title='bbox 1040 837 1220 874; x_wconf 72' lang='lat' dir='ltr'>senatus</span> <span class='ocrx_word' id='word_1_116' title='bbox 1251 846 1330 873; x_wconf 86' lang='lat' dir='ltr'>nec</span> <span class='ocrx_word' id='word_1_117' title='bbox 1360 834 1544 888; x_wconf 82' lang='lat' dir='ltr'>populus</span> 
     </span>
     <span class='ocr_line' id='line_1_15' title="bbox 65 889 1545 941; baseline 0.001 -11"><span class='ocrx_word' id='word_1_118' title='bbox 65 891 155 930; x_wconf 87' lang='lat' dir='ltr'>vim</span> <span class='ocrx_word' id='word_1_119' title='bbox 188 889 321 930; x_wconf 75' lang='lat' dir='ltr'>habet</span> <span class='ocrx_word' id='word_1_120' title='bbox 351 891 512 930; x_wconf 71' lang='lat' dir='ltr'>ullam?</span> <span class='ocrx_word' id='word_1_121' title='bbox 557 902 639 929; x_wconf 79' lang='lat' dir='ltr'>nec</span> <span class='ocrx_word' id='word_1_122' title='bbox 671 889 789 941; x_wconf 73' lang='lat' dir='ltr'>leges</span> <span class='ocrx_word' id='word_1_123' title='bbox 818 889 937 927; x_wconf 79' lang='lat' dir='ltr'>ullae</span> <span class='ocrx_word' id='word_1_124' title='bbox 966 892 1066 928; x_wconf 83' lang='lat' dir='ltr'>sunt</span> <span class='ocrx_word' id='word_1_125' title='bbox 1106 902 1188 930; x_wconf 83' lang='lat' dir='ltr'>nec</span> <span class='ocrx_word' id='word_1_126' title='bbox 1229 889 1422 937; x_wconf 82' lang='lat' dir='ltr'>iudicia,</span> <span class='ocrx_word' id='word_1_127' title='bbox 1461 903 1545 931; x_wconf 87' lang='lat' dir='ltr'>nec</span> 
     </span>
     <span class='ocr_line' id='line_1_16' title="bbox 67 943 1543 998; baseline 0.002 -16"><span class='ocrx_word' id='word_1_128' title='bbox 67 945 248 984; x_wconf 85' lang='lat' dir='ltr'>omnino</span> <span class='ocrx_word' id='word_1_129' title='bbox 286 947 573 985; x_wconf 78' lang='lat' dir='ltr'>simulacrum</span> <span class='ocrx_word' id='word_1_130' title='bbox 612 943 793 998; x_wconf 79' lang='lat' dir='ltr'>aliquod</span> <span class='ocrx_word' id='word_1_131' title='bbox 832 956 884 983; x_wconf 82' lang='lat' dir='ltr'>ac</span> <span class='ocrx_word' id='word_1_132' title='bbox 920 944 1158 996; x_wconf 75' lang='lat' dir='ltr'>vestigium</span> <span class='ocrx_word' id='word_1_133' title='bbox 1188 944 1410 986; x_wconf 66' lang='lat' dir='ltr'>civitatis?</span> <span class='ocrx_word' id='word_1_134' title='bbox 1455 945 1543 985; x_wconf 69' lang='lat' dir='ltr'>Sed</span> 
     </span>
     <span class='ocr_line' id='line_1_17' title="bbox 67 999 1544 1054; baseline 0.001 -15"><span class='ocrx_word' id='word_1_135' title='bbox 67 1002 274 1054; x_wconf 80' lang='lat' dir='ltr'>quoniam</span> <span class='ocrx_word' id='word_1_136' title='bbox 304 1006 404 1041; x_wconf 79' lang='lat' dir='ltr'>acta</span> <span class='ocrx_word' id='word_1_137' title='bbox 433 1000 583 1040; x_wconf 82' lang='lat' dir='ltr'>omnia</span> <span class='ocrx_word' id='word_1_138' title='bbox 620 999 738 1040; x_wconf 82' lang='lat' dir='ltr'>mitti</span> <span class='ocrx_word' id='word_1_139' title='bbox 783 999 837 1039; x_wconf 84' lang='lat' dir='ltr'>ad</span> <span class='ocrx_word' id='word_1_140' title='bbox 879 1004 922 1040; x_wconf 83' lang='lat' dir='ltr'>te</span> <span class='ocrx_word' id='word_1_141' title='bbox 964 1001 1234 1053; x_wconf 80' lang='lat' dir='ltr'>arbitrabar,</span> <span class='ocrx_word' id='word_1_142' title='bbox 1278 1001 1392 1041; x_wconf 89' lang='lat' dir='ltr'>nihil</span> <span class='ocrx_word' id='word_1_143' title='bbox 1432 1007 1544 1053; x_wconf 77' lang='lat' dir='ltr'>erat,</span> 
     </span>
     <span class='ocr_line' id='line_1_18' title="bbox 67 1054 1545 1109; baseline 0.001 -15"><span class='ocrx_word' id='word_1_144' title='bbox 67 1056 183 1109; x_wconf 82' lang='lat' dir='ltr'>quod</span> <span class='ocrx_word' id='word_1_145' title='bbox 214 1056 403 1109; x_wconf 75' lang='lat' dir='ltr'>singulis</span> <span class='ocrx_word' id='word_1_146' title='bbox 433 1056 486 1097; x_wconf 86' lang='lat' dir='ltr'>‹lc</span> <span class='ocrx_word' id='word_1_147' title='bbox 517 1057 646 1096; x_wconf 78' lang='lat' dir='ltr'>rebus</span> <span class='ocrx_word' id='word_1_148' title='bbox 675 1054 927 1096; x_wconf 83' lang='lat' dir='ltr'>scriberem.</span> <span class='ocrx_word' id='word_1_149' title='bbox 986 1056 1108 1096; x_wconf 87' lang='lat' dir='ltr'>Illud</span> <span class='ocrx_word' id='word_1_150' title='bbox 1131 1062 1278 1098; x_wconf 81' lang='lat' dir='ltr'>autem</span> <span class='ocrx_word' id='word_1_151' title='bbox 1300 1064 1395 1097; x_wconf 83' lang='lat' dir='ltr'>erat</span> <span class='ocrx_word' id='word_1_152' title='bbox 1425 1070 1545 1097; x_wconf 83' lang='lat' dir='ltr'>amo-</span> 
     </span>
     <span class='ocr_line' id='line_1_19' title="bbox 69 1111 1545 1165; baseline 0.001 -15"><span class='ocrx_word' id='word_1_153' title='bbox 69 1113 131 1151; x_wconf 83' lang='lat' dir='ltr'>ris</span> <span class='ocrx_word' id='word_1_154' title='bbox 168 1112 279 1161; x_wconf 77' lang='lat' dir='ltr'>mei,</span> <span class='ocrx_word' id='word_1_155' title='bbox 318 1125 445 1165; x_wconf 83' lang='lat' dir='ltr'>quem</span> <span class='ocrx_word' id='word_1_156' title='bbox 476 1125 501 1152; x_wconf 80' lang='lat' dir='ltr'>a</span> <span class='ocrx_word' id='word_1_157' title='bbox 530 1116 608 1152; x_wconf 79' lang='lat' dir='ltr'>tua</span> <span class='ocrx_word' id='word_1_158' title='bbox 637 1111 830 1164; x_wconf 79' lang='lat' dir='ltr'>pueritia</span> <span class='ocrx_word' id='word_1_159' title='bbox 868 1118 1120 1165; x_wconf 81' lang='lat' dir='ltr'>susceptum</span> <span class='ocrx_word' id='word_1_160' title='bbox 1156 1127 1242 1153; x_wconf 91' lang='lat' dir='ltr'>non</span> <span class='ocrx_word' id='word_1_161' title='bbox 1271 1114 1446 1154; x_wconf 76' lang='lat' dir='ltr'>servavi</span> <span class='ocrx_word' id='word_1_162' title='bbox 1476 1126 1545 1153; x_wconf 81' lang='lat' dir='ltr'>so-</span> 
     </span>
     <span class='ocr_line' id='line_1_20' title="bbox 67 1166 1546 1221; baseline 0.003 -15"><span class='ocrx_word' id='word_1_163' title='bbox 67 1167 180 1217; x_wconf 84' lang='lat' dir='ltr'>lum,</span> <span class='ocrx_word' id='word_1_164' title='bbox 207 1167 284 1207; x_wconf 78' lang='lat' dir='ltr'>scd</span> <span class='ocrx_word' id='word_1_165' title='bbox 315 1167 450 1208; x_wconf 84' lang='lat' dir='ltr'>etiam</span> <span class='ocrx_word' id='word_1_166' title='bbox 480 1167 606 1218; x_wconf 76' lang='lat' dir='ltr'>auxi,</span> <span class='ocrx_word' id='word_1_167' title='bbox 635 1180 813 1206; x_wconf 82' lang='lat' dir='ltr'>monere</span> <span class='ocrx_word' id='word_1_168' title='bbox 842 1171 885 1207; x_wconf 87' lang='lat' dir='ltr'>te</span> <span class='ocrx_word' id='word_1_169' title='bbox 917 1170 1045 1221; x_wconf 85' lang='lat' dir='ltr'>atquc</span> <span class='ocrx_word' id='word_1_170' title='bbox 1073 1166 1271 1220; x_wconf 82' lang='lat' dir='ltr'>hortari,</span> <span class='ocrx_word' id='word_1_171' title='bbox 1300 1173 1349 1209; x_wconf 87' lang='lat' dir='ltr'>ut</span> <span class='ocrx_word' id='word_1_172' title='bbox 1378 1170 1422 1208; x_wconf 92' lang='lat' dir='ltr'>in</span> <span class='ocrx_word' id='word_1_173' title='bbox 1453 1183 1546 1210; x_wconf 84' lang='lat' dir='ltr'>rem</span> 
     </span>
     <span class='ocr_line' id='line_1_21' title="bbox 68 1222 1546 1277; baseline 0.003 -16"><span class='ocrx_word' id='word_1_174' title='bbox 68 1223 287 1277; x_wconf 80' lang='lat' dir='ltr'>publicam</span> <span class='ocrx_word' id='word_1_175' title='bbox 317 1224 436 1263; x_wconf 85' lang='lat' dir='ltr'>omni</span> <span class='ocrx_word' id='word_1_176' title='bbox 466 1222 736 1277; x_wconf 73' lang='lat' dir='ltr'>cogitatione</span> <span class='ocrx_word' id='word_1_177' title='bbox 767 1235 958 1276; x_wconf 78' lang='lat' dir='ltr'>curaque</span> <span class='ocrx_word' id='word_1_178' title='bbox 990 1224 1278 1265; x_wconf 77' lang='lat' dir='ltr'>incumberes.</span> <span class='ocrx_word' id='word_1_179' title='bbox 1350 1223 1475 1273; x_wconf 78' lang='lat' dir='ltr'>Quae</span> <span class='ocrx_word' id='word_1_180' title='bbox 1505 1225 1546 1265; x_wconf 81' lang='lat' dir='ltr'>si</span> 
     </span>
     <span class='ocr_line' id='line_1_22' title="bbox 67 1277 1547 1333; baseline 0.001 -14"><span class='ocrx_word' id='word_1_181' title='bbox 67 1278 122 1319; x_wconf 85' lang='lat' dir='ltr'>ad</span> <span class='ocrx_word' id='word_1_182' title='bbox 163 1283 286 1319; x_wconf 90' lang='lat' dir='ltr'>tuum</span> <span class='ocrx_word' id='word_1_183' title='bbox 321 1283 491 1333; x_wconf 79' lang='lat' dir='ltr'>tempus</span> <span class='ocrx_word' id='word_1_184' title='bbox 531 1279 813 1332; x_wconf 80' lang='lat' dir='ltr'>perducitur,</span> <span class='ocrx_word' id='word_1_185' title='bbox 859 1277 1007 1318; x_wconf 82' lang='lat' dir='ltr'>facilis</span> <span class='ocrx_word' id='word_1_186' title='bbox 1050 1280 1312 1333; x_wconf 80' lang='lat' dir='ltr'>gubernatio</span> <span class='ocrx_word' id='word_1_187' title='bbox 1351 1285 1442 1321; x_wconf 86' lang='lat' dir='ltr'>est:</span> <span class='ocrx_word' id='word_1_188' title='bbox 1498 1284 1547 1321; x_wconf 86' lang='lat' dir='ltr'>ut</span> 
     </span>
    </p>
   </div>
   <div class='ocr_carea' id='block_1_4' title="bbox 643 1379 853 1386">
    <p class='ocr_par' dir='ltr' id='par_1_4' title="bbox 643 1379 853 1386">
     <span class='ocr_line' id='line_1_23' title="bbox 643 1379 853 1386; baseline 0 1700"><span class='ocrx_word' id='word_1_189' title='bbox 643 1379 853 1386; x_wconf 95' lang='lat' dir='ltr'> </span> 
     </span>
    </p>
   </div>
   <div class='ocr_carea' id='block_1_5' title="bbox 66 1449 1549 2456">
    <p class='ocr_par' dir='ltr' id='par_1_5' title="bbox 66 1449 1549 2456">
     <span class='ocr_line' id='line_1_24' title="bbox 66 1449 1547 1499; baseline 0.002 -15"><span class='ocrx_word' id='word_1_190' title='bbox 66 1451 219 1485; x_wconf 84' lang='lat' dir='ltr'>modum</span> <span class='ocrx_word' id='word_1_191' title='bbox 244 1450 433 1496; x_wconf 79' lang='lat' dir='ltr'>probabili</span> <span class='ocrx_word' id='word_1_192' title='bbox 458 1450 557 1484; x_wconf 79' lang='lat' dir='ltr'>Man.</span> <span class='ocrx_word' id='word_1_193' title='bbox 584 1449 714 1484; x_wconf 76' lang='lat' dir='ltr'>Lamb.</span> <span class='ocrx_word' id='word_1_194' title='bbox 742 1450 878 1496; x_wconf 78' lang='lat' dir='ltr'>probb.</span> <span class='ocrx_word' id='word_1_195' title='bbox 913 1450 1005 1487; x_wconf 82' lang='lat' dir='ltr'>Ern.</span> <span class='ocrx_word' id='word_1_196' title='bbox 1033 1458 1071 1484; x_wconf 83' lang='lat' dir='ltr'>et</span> <span class='ocrx_word' id='word_1_197' title='bbox 1097 1452 1206 1485; x_wconf 79' lang='lat' dir='ltr'>Beier</span> <span class='ocrx_word' id='word_1_198' title='bbox 1233 1450 1348 1496; x_wconf 82' lang='lat' dir='ltr'>Offic.</span> <span class='ocrx_word' id='word_1_199' title='bbox 1376 1453 1420 1486; x_wconf 87' lang='lat' dir='ltr'>T.</span> <span class='ocrx_word' id='word_1_200' title='bbox 1447 1454 1481 1489; x_wconf 89' lang='lat'>2.</span> <span class='ocrx_word' id='word_1_201' title='bbox 1508 1466 1547 1499; x_wconf 80' lang='lat' dir='ltr'>p.</span> 
     </span>
     <span class='ocr_line' id='line_1_25' title="bbox 66 1497 1548 1547; baseline 0.001 -13"><span class='ocrx_word' id='word_1_202' title='bbox 66 1502 147 1534; x_wconf 72' lang='grc' dir='ltr'>Δ117.</span> <span class='ocrx_word' id='word_1_203' title='bbox 178 1500 249 1533; x_wconf 78' lang='lat' dir='ltr'>oR.</span> <span class='ocrx_word' id='word_1_204' title='bbox 280 1497 364 1543; x_wconf 83' lang='lat' dir='ltr'>Vgl.</span> <span class='ocrx_word' id='word_1_205' title='bbox 393 1497 555 1544; x_wconf 79' lang='lat' dir='ltr'>Philipp.</span> <span class='ocrx_word' id='word_1_206' title='bbox 584 1499 612 1532; x_wconf 88' lang='lat'>1.</span> <span class='ocrx_word' id='word_1_207' title='bbox 635 1517 680 1524; x_wconf 92' lang='lat'>--</span> <span class='ocrx_word' id='word_1_208' title='bbox 705 1510 739 1532; x_wconf 83' lang='lat' dir='ltr'>n.</span> <span class='ocrx_word' id='word_1_209' title='bbox 768 1524 776 1533; x_wconf 91' lang='lat'><strong>.</strong></span> <span class='ocrx_word' id='word_1_210' title='bbox 804 1525 813 1534; x_wconf 89' lang='lat'>.</span> <span class='ocrx_word' id='word_1_211' title='bbox 842 1499 978 1542; x_wconf 77' lang='lat' dir='ltr'>quietus</span> <span class='ocrx_word' id='word_1_212' title='bbox 994 1501 1063 1542; x_wconf 78' lang='lat' dir='ltr'>fui</span> <span class='ocrx_word' id='word_1_213' title='bbox 1088 1501 1111 1533; x_wconf 85' lang='lat' dir='ltr'>i.</span> <span class='ocrx_word' id='word_1_214' title='bbox 1137 1512 1168 1533; x_wconf 85' lang='lat' dir='ltr'>e.</span> <span class='ocrx_word' id='word_1_215' title='bbox 1193 1502 1377 1547; x_wconf 51' lang='lat' dir='ltr'>Antonius</span> <span class='ocrx_word' id='word_1_216' title='bbox 1404 1501 1548 1536; x_wconf 84' lang='lat' dir='ltr'>assidue</span> 
     </span>
     <span class='ocr_line' id='line_1_26' title="bbox 68 1547 1548 1593; baseline 0.002 -12"><span class='ocrx_word' id='word_1_217' title='bbox 68 1559 127 1581; x_wconf 81' lang='lat' dir='ltr'>me</span> <span class='ocrx_word' id='word_1_218' title='bbox 153 1548 308 1580; x_wconf 67' lang='lat' dir='ltr'>vexavit.</span> <span class='ocrx_word' id='word_1_219' title='bbox 338 1565 381 1571; x_wconf 90' lang='lat'>-—</span> <span class='ocrx_word' id='word_1_220' title='bbox 409 1557 476 1579; x_wconf 84' lang='grc' dir='ltr'>ηοη</span> <span class='ocrx_word' id='word_1_221' title='bbox 502 1547 716 1589; x_wconf 75' lang='lat' dir='ltr'>insolentia,</span> <span class='ocrx_word' id='word_1_222' title='bbox 743 1547 806 1580; x_wconf 88' lang='lat' dir='ltr'>ich</span> <span class='ocrx_word' id='word_1_223' title='bbox 825 1548 900 1581; x_wconf 86' lang='lat' dir='ltr'>will</span> <span class='ocrx_word' id='word_1_224' title='bbox 928 1549 1038 1581; x_wconf 82' lang='lat' dir='ltr'>nicht</span> <span class='ocrx_word' id='word_1_225' title='bbox 1065 1560 1174 1593; x_wconf 76' lang='lat' dir='ltr'>sagen</span> <span class='ocrx_word' id='word_1_226' title='bbox 1191 1550 1423 1592; x_wconf 83' lang='lat' dir='ltr'>Ubermuth,</span> <span class='ocrx_word' id='word_1_227' title='bbox 1448 1551 1548 1584; x_wconf 84' lang='lat' dir='ltr'>seine</span> 
     </span>
     <span class='ocr_line' id='line_1_27' title="bbox 68 1595 1548 1640; baseline 0.002 -11"><span class='ocrx_word' id='word_1_228' title='bbox 68 1596 282 1629; x_wconf 74' lang='lat' dir='ltr'>Froehheit.</span> <span class='ocrx_word' id='word_1_229' title='bbox 334 1595 501 1628; x_wconf 87' lang='lat' dir='ltr'>Insolens</span> <span class='ocrx_word' id='word_1_230' title='bbox 529 1595 690 1636; x_wconf 81' lang='lat' dir='ltr'>(licitur,</span> <span class='ocrx_word' id='word_1_231' title='bbox 724 1596 789 1639; x_wconf 86' lang='lat' dir='ltr'>qui</span> <span class='ocrx_word' id='word_1_232' title='bbox 815 1607 879 1628; x_wconf 77' lang='lat' dir='ltr'>sua</span> <span class='ocrx_word' id='word_1_233' title='bbox 906 1603 1091 1640; x_wconf 80' lang='lat' dir='ltr'>potestate</span> <span class='ocrx_word' id='word_1_234' title='bbox 1125 1598 1293 1632; x_wconf 78' lang='lat' dir='ltr'>abutitur</span> <span class='ocrx_word' id='word_1_235' title='bbox 1326 1599 1371 1631; x_wconf 78' lang='lat' dir='ltr'>ad</span> <span class='ocrx_word' id='word_1_236' title='bbox 1404 1600 1548 1632; x_wconf 85' lang='lat' dir='ltr'>calum-</span> 
     </span>
     <span class='ocr_line' id='line_1_28' title="bbox 69 1642 1548 1686; baseline 0.003 -10"><span class='ocrx_word' id='word_1_237' title='bbox 69 1645 167 1676; x_wconf 78' lang='lat' dir='ltr'>niam</span> <span class='ocrx_word' id='word_1_238' title='bbox 195 1644 380 1676; x_wconf 86' lang='lat' dir='ltr'>bonorum</span> <span class='ocrx_word' id='word_1_239' title='bbox 408 1642 586 1674; x_wconf 82' lang='lat' dir='ltr'>virorum.</span> <span class='ocrx_word' id='word_1_240' title='bbox 613 1661 659 1666; x_wconf 96' lang='lat'><strong>—</strong></span> <span class='ocrx_word' id='word_1_241' title='bbox 692 1643 918 1684; x_wconf 71' lang='grc' dir='ltr'><em>ιἠυηαηίἰαε,</em></span> <span class='ocrx_word' id='word_1_242' title='bbox 952 1645 1104 1678; x_wconf 70' lang='lat' dir='ltr'>saevitia</span> <span class='ocrx_word' id='word_1_243' title='bbox 1130 1652 1167 1679; x_wconf 87' lang='lat' dir='ltr'>et</span> <span class='ocrx_word' id='word_1_244' title='bbox 1192 1646 1413 1686; x_wconf 80' lang='lat' dir='ltr'>crudelitas,</span> <span class='ocrx_word' id='word_1_245' title='bbox 1455 1648 1548 1681; x_wconf 87' lang='lat' dir='ltr'>Des-</span> 
     </span>
     <span class='ocr_line' id='line_1_29' title="bbox 70 1691 1548 1737; baseline 0.003 -12"><span class='ocrx_word' id='word_1_246' title='bbox 70 1693 262 1737; x_wconf 83' lang='lat' dir='ltr'>potismus.</span> <span class='ocrx_word' id='word_1_247' title='bbox 284 1709 331 1715; x_wconf 93' lang='lat'>—</span> <span class='ocrx_word' id='word_1_248' title='bbox 361 1701 482 1723; x_wconf 75' lang='lat' dir='ltr'>vocem</span> <span class='ocrx_word' id='word_1_249' title='bbox 515 1691 692 1730; x_wconf 74' lang='lat' dir='ltr'>liberam,</span> <span class='ocrx_word' id='word_1_250' title='bbox 729 1691 790 1724; x_wconf 88' lang='lat' dir='ltr'>ein</span> <span class='ocrx_word' id='word_1_251' title='bbox 826 1692 936 1725; x_wconf 81' lang='lat' dir='ltr'>freies</span> <span class='ocrx_word' id='word_1_252' title='bbox 971 1694 1101 1736; x_wconf 50' lang='lat' dir='ltr'>={Vox-t,</span> <span class='ocrx_word' id='word_1_253' title='bbox 1134 1694 1293 1728; x_wconf 81' lang='lat' dir='ltr'>liberam</span> <span class='ocrx_word' id='word_1_254' title='bbox 1327 1696 1548 1729; x_wconf 82' lang='lat' dir='ltr'>sententiam</span> 
     </span>
     <span class='ocr_line' id='line_1_30' title="bbox 69 1739 1548 1784; baseline 0.003 -11"><span class='ocrx_word' id='word_1_255' title='bbox 69 1742 109 1773; x_wconf 88' lang='lat' dir='ltr'>in</span> <span class='ocrx_word' id='word_1_256' title='bbox 137 1749 262 1773; x_wconf 81' lang='lat' dir='ltr'>senam</span> <span class='ocrx_word' id='word_1_257' title='bbox 292 1739 585 1784; x_wconf 72' lang='lat' dir='ltr'>pronuntiatam.</span> <span class='ocrx_word' id='word_1_258' title='bbox 619 1759 658 1765; x_wconf 89' lang='lat'>-—</span> <span class='ocrx_word' id='word_1_259' title='bbox 699 1750 807 1772; x_wconf 83' lang='lat' dir='ltr'>curae</span> <span class='ocrx_word' id='word_1_260' title='bbox 843 1745 919 1779; x_wconf 76' lang='lat' dir='ltr'>est,</span> <span class='ocrx_word' id='word_1_261' title='bbox 951 1751 1018 1773; x_wconf 82' lang='lat' dir='ltr'>mm</span> <span class='ocrx_word' id='word_1_262' title='bbox 1052 1742 1094 1775; x_wconf 80' lang='lat' dir='ltr'>dc</span> <span class='ocrx_word' id='word_1_263' title='bbox 1126 1749 1201 1776; x_wconf 85' lang='lat' dir='ltr'>cet.</span> <span class='ocrx_word' id='word_1_264' title='bbox 1237 1744 1259 1776; x_wconf 77' lang='lat' dir='ltr'>i.</span> <span class='ocrx_word' id='word_1_265' title='bbox 1298 1754 1329 1777; x_wconf 91' lang='lat' dir='ltr'>e.</span> <span class='ocrx_word' id='word_1_266' title='bbox 1365 1744 1548 1777; x_wconf 83' lang='lat' dir='ltr'>sollicitus</span> 
     </span>
     <span class='ocr_line' id='line_1_31' title="bbox 69 1787 1548 1836; baseline 0.002 -14"><span class='ocrx_word' id='word_1_267' title='bbox 69 1800 146 1822; x_wconf 86' lang='lat' dir='ltr'>sum</span> <span class='ocrx_word' id='word_1_268' title='bbox 173 1801 245 1822; x_wconf 87' lang='lat' dir='ltr'>non</span> <span class='ocrx_word' id='word_1_269' title='bbox 273 1788 318 1820; x_wconf 83' lang='lat' dir='ltr'>de</span> <span class='ocrx_word' id='word_1_270' title='bbox 344 1799 424 1826; x_wconf 85' lang='lat' dir='ltr'>me,</span> <span class='ocrx_word' id='word_1_271' title='bbox 463 1787 525 1820; x_wconf 81' lang='lat' dir='ltr'>sed</span> <span class='ocrx_word' id='word_1_272' title='bbox 552 1788 596 1820; x_wconf 85' lang='lat' dir='ltr'>de</span> <span class='ocrx_word' id='word_1_273' title='bbox 621 1790 753 1833; x_wconf 74' lang='lat' dir='ltr'>patria.</span> <span class='ocrx_word' id='word_1_274' title='bbox 806 1788 942 1821; x_wconf 87' lang='lat' dir='ltr'>Cicero</span> <span class='ocrx_word' id='word_1_275' title='bbox 971 1790 1073 1822; x_wconf 63' lang='lat' dir='ltr'>hatte</span> <span class='ocrx_word' id='word_1_276' title='bbox 1102 1791 1198 1824; x_wconf 87' lang='lat' dir='ltr'>bloss</span> <span class='ocrx_word' id='word_1_277' title='bbox 1219 1792 1281 1825; x_wconf 73' lang='lat' dir='ltr'>ced</span> <span class='ocrx_word' id='word_1_278' title='bbox 1299 1792 1342 1824; x_wconf 83' lang='lat' dir='ltr'>de</span> <span class='ocrx_word' id='word_1_279' title='bbox 1367 1793 1491 1836; x_wconf 76' lang='lat' dir='ltr'>patria</span> <span class='ocrx_word' id='word_1_280' title='bbox 1507 1792 1548 1824; x_wconf 88' lang='lat' dir='ltr'>in</span> 
     </span>
     <span class='ocr_line' id='line_1_32' title="bbox 70 1836 1549 1884; baseline 0.003 -15"><span class='ocrx_word' id='word_1_281' title='bbox 70 1837 314 1881; x_wconf 85' lang='lat' dir='ltr'>Verbindnng</span> <span class='ocrx_word' id='word_1_282' title='bbox 340 1836 409 1868; x_wconf 88' lang='lat' dir='ltr'>mit</span> <span class='ocrx_word' id='word_1_283' title='bbox 437 1846 544 1868; x_wconf 79' lang='lat' dir='ltr'>curae</span> <span class='ocrx_word' id='word_1_284' title='bbox 571 1841 623 1869; x_wconf 66' lang='lat' dir='ltr'>eet</span> <span class='ocrx_word' id='word_1_285' title='bbox 651 1847 757 1880; x_wconf 75' lang='lat' dir='ltr'>Sagen</span> <span class='ocrx_word' id='word_1_286' title='bbox 793 1837 922 1871; x_wconf 83' lang='lat' dir='ltr'>sollen.</span> <span class='ocrx_word' id='word_1_287' title='bbox 976 1838 1225 1884; x_wconf 74' lang='lat' dir='ltr'>Epanfllepsis.</span> <span class='ocrx_word' id='word_1_288' title='bbox 1265 1858 1306 1864; x_wconf 93' lang='lat'>—-</span> <span class='ocrx_word' id='word_1_289' title='bbox 1345 1839 1401 1873; x_wconf 83' lang='lat' dir='ltr'>ita</span> <span class='ocrx_word' id='word_1_290' title='bbox 1433 1840 1549 1882; x_wconf 80' lang='lat' dir='ltr'>longa</span> 
     </span>
     <span class='ocr_line' id='line_1_33' title="bbox 68 1884 1546 1928; baseline 0.001 -10"><span class='ocrx_word' id='word_1_291' title='bbox 68 1889 138 1925; x_wconf 75' lang='lat' dir='ltr'>est,</span> <span class='ocrx_word' id='word_1_292' title='bbox 179 1886 218 1918; x_wconf 89' lang='lat' dir='ltr'>in</span> <span class='ocrx_word' id='word_1_293' title='bbox 247 1896 286 1918; x_wconf 86' lang='lat' dir='ltr'>so</span> <span class='ocrx_word' id='word_1_294' title='bbox 319 1885 453 1916; x_wconf 78' lang='lat' dir='ltr'>weiter</span> <span class='ocrx_word' id='word_1_295' title='bbox 486 1884 604 1916; x_wconf 83' lang='lat' dir='ltr'>Ferne</span> <span class='ocrx_word' id='word_1_296' title='bbox 638 1885 694 1918; x_wconf 86' lang='lat' dir='ltr'>ist.</span> <span class='ocrx_word' id='word_1_297' title='bbox 729 1902 775 1908; x_wconf 93' lang='lat'><strong>—</strong></span> <span class='ocrx_word' id='word_1_298' title='bbox 807 1884 975 1927; x_wconf 74' lang='lat' dir='ltr'>spiritum</span> <span class='ocrx_word' id='word_1_299' title='bbox 1007 1887 1156 1928; x_wconf 77' lang='lat' dir='ltr'>ducere,</span> <span class='ocrx_word' id='word_1_300' title='bbox 1191 1887 1251 1921; x_wconf 86' lang='lat' dir='ltr'>bei</span> <span class='ocrx_word' id='word_1_301' title='bbox 1286 1888 1421 1922; x_wconf 83' lang='lat' dir='ltr'>Athem</span> <span class='ocrx_word' id='word_1_302' title='bbox 1452 1890 1546 1928; x_wconf 82' lang='lat' dir='ltr'>sein,</span> 
     </span>
     <span class='ocr_line' id='line_1_34' title="bbox 68 1932 1546 1971; baseline 0.003 -6"><span class='ocrx_word' id='word_1_303' title='bbox 68 1932 220 1966; x_wconf 75' lang='lat' dir='ltr'>athmon</span> <span class='ocrx_word' id='word_1_304' title='bbox 247 1940 289 1966; x_wconf 88' lang='lat' dir='ltr'>st.</span> <span class='ocrx_word' id='word_1_305' title='bbox 315 1932 352 1964; x_wconf 86' lang='lat' dir='ltr'>in</span> <span class='ocrx_word' id='word_1_306' title='bbox 372 1932 463 1965; x_wconf 82' lang='lat' dir='ltr'>vivis</span> <span class='ocrx_word' id='word_1_307' title='bbox 496 1944 593 1971; x_wconf 85' lang='lat' dir='ltr'>esse,</span> <span class='ocrx_word' id='word_1_308' title='bbox 625 1932 758 1965; x_wconf 81' lang='lat' dir='ltr'>vivere.</span> <span class='ocrx_word' id='word_1_309' title='bbox 807 1934 888 1965; x_wconf 86' lang='lat' dir='ltr'>Non</span> <span class='ocrx_word' id='word_1_310' title='bbox 920 1933 1013 1966; x_wconf 80' lang='lat' dir='ltr'>vidit</span> <span class='ocrx_word' id='word_1_311' title='bbox 1041 1933 1177 1969; x_wconf 80' lang='lat' dir='ltr'>Cicero</span> <span class='ocrx_word' id='word_1_312' title='bbox 1205 1936 1383 1970; x_wconf 81' lang='lat' dir='ltr'>Plancum</span> <span class='ocrx_word' id='word_1_313' title='bbox 1411 1947 1546 1970; x_wconf 83' lang='lat' dir='ltr'>consu·</span> 
     </span>
     <span class='ocr_line' id='line_1_35' title="bbox 68 1980 1548 2026; baseline 0.003 -12"><span class='ocrx_word' id='word_1_314' title='bbox 68 1982 156 2014; x_wconf 87' lang='lat' dir='ltr'>lem.</span> <span class='ocrx_word' id='word_1_315' title='bbox 211 1981 243 2013; x_wconf 88' lang='lat' dir='ltr'>ls</span> <span class='ocrx_word' id='word_1_316' title='bbox 270 1980 369 2013; x_wconf 85' lang='lat' dir='ltr'>enim</span> <span class='ocrx_word' id='word_1_317' title='bbox 396 1981 630 2013; x_wconf 76' lang='lat' dir='ltr'>consulatum</span> <span class='ocrx_word' id='word_1_318' title='bbox 657 1981 749 2014; x_wconf 75' lang='lat' dir='ltr'>adiit</span> <span class='ocrx_word' id='word_1_319' title='bbox 784 1992 814 2014; x_wconf 78' lang='lat' dir='ltr'>a.</span> <span class='ocrx_word' id='word_1_320' title='bbox 841 1983 921 2016; x_wconf 84' lang='lat'>711.</span> <span class='ocrx_word' id='word_1_321' title='bbox 976 1985 1150 2016; x_wconf 83' lang='lat' dir='ltr'>Ceterum</span> <span class='ocrx_word' id='word_1_322' title='bbox 1183 1985 1338 2018; x_wconf 78' lang='lat' dir='ltr'>Marcus</span> <span class='ocrx_word' id='word_1_323' title='bbox 1372 1985 1548 2026; x_wconf 76' lang='lat' dir='ltr'>ostendit,</span> 
     </span>
     <span class='ocr_line' id='line_1_36' title="bbox 70 2029 1548 2078; baseline 0.003 -16"><span class='ocrx_word' id='word_1_324' title='bbox 70 2037 250 2074; x_wconf 84' lang='lat' dir='ltr'>quantum</span> <span class='ocrx_word' id='word_1_325' title='bbox 277 2030 324 2062; x_wconf 86' lang='lat' dir='ltr'>sit</span> <span class='ocrx_word' id='word_1_326' title='bbox 349 2029 506 2073; x_wconf 81' lang='lat' dir='ltr'>periculi</span> <span class='ocrx_word' id='word_1_327' title='bbox 533 2036 570 2062; x_wconf 87' lang='lat' dir='ltr'>et</span> <span class='ocrx_word' id='word_1_328' title='bbox 597 2041 705 2073; x_wconf 81' lang='lat' dir='ltr'>quam</span> <span class='ocrx_word' id='word_1_329' title='bbox 740 2030 925 2074; x_wconf 73' lang='lat' dir='ltr'>praesenti</span> <span class='ocrx_word' id='word_1_330' title='bbox 967 2037 1004 2063; x_wconf 86' lang='lat' dir='ltr'>et</span> <span class='ocrx_word' id='word_1_331' title='bbox 1037 2033 1162 2065; x_wconf 88' lang='lat' dir='ltr'>subito</span> <span class='ocrx_word' id='word_1_332' title='bbox 1195 2034 1333 2067; x_wconf 80' lang='lat' dir='ltr'>auxilio</span> <span class='ocrx_word' id='word_1_333' title='bbox 1362 2045 1453 2078; x_wconf 88' lang='lat' dir='ltr'>opus</span> <span class='ocrx_word' id='word_1_334' title='bbox 1487 2034 1548 2076; x_wconf 87' lang='lat' dir='ltr'>sit,</span> 
     </span>
     <span class='ocr_line' id='line_1_37' title="bbox 71 2077 1548 2126; baseline 0.003 -16"><span class='ocrx_word' id='word_1_335' title='bbox 71 2083 113 2110; x_wconf 85' lang='lat' dir='ltr'>ut</span> <span class='ocrx_word' id='word_1_336' title='bbox 144 2078 197 2109; x_wconf 65' lang='lat' dir='ltr'>ita</span> <span class='ocrx_word' id='word_1_337' title='bbox 229 2078 366 2111; x_wconf 77' lang='lat' dir='ltr'>Planco</span> <span class='ocrx_word' id='word_1_338' title='bbox 404 2077 449 2110; x_wconf 79' lang='lat' dir='ltr'>ad</span> <span class='ocrx_word' id='word_1_339' title='bbox 481 2077 535 2110; x_wconf 84' lang='lat' dir='ltr'>rei</span> <span class='ocrx_word' id='word_1_340' title='bbox 567 2078 738 2122; x_wconf 77' lang='lat' dir='ltr'>publicae</span> <span class='ocrx_word' id='word_1_341' title='bbox 773 2077 1031 2111; x_wconf 81' lang='lat' dir='ltr'>defensionem</span> <span class='ocrx_word' id='word_1_342' title='bbox 1072 2081 1345 2126; x_wconf 80' lang='lat' dir='ltr'>suscipiendam</span> <span class='ocrx_word' id='word_1_343' title='bbox 1377 2082 1548 2116; x_wconf 78' lang='lat' dir='ltr'>animum</span> 
     </span>
     <span class='ocr_line' id='line_1_38' title="bbox 70 2125 1546 2174; baseline 0.004 -17"><span class='ocrx_word' id='word_1_344' title='bbox 70 2125 194 2158; x_wconf 83' lang='lat' dir='ltr'>addat.</span> <span class='ocrx_word' id='word_1_345' title='bbox 244 2126 316 2158; x_wconf 76' lang='lat' dir='ltr'>Alii</span> <span class='ocrx_word' id='word_1_346' title='bbox 343 2126 503 2170; x_wconf 85' lang='lat' dir='ltr'>iungunt</span> <span class='ocrx_word' id='word_1_347' title='bbox 528 2126 585 2158; x_wconf 71' lang='lat' dir='ltr'>rei</span> <span class='ocrx_word' id='word_1_348' title='bbox 607 2126 775 2169; x_wconf 78' lang='lat' dir='ltr'>publicae</span> <span class='ocrx_word' id='word_1_349' title='bbox 805 2126 974 2169; x_wconf 71' lang='lat' dir='ltr'>spiritum</span> <span class='ocrx_word' id='word_1_350' title='bbox 1007 2128 1134 2161; x_wconf 76' lang='lat' dir='ltr'>ducere</span> <span class='ocrx_word' id='word_1_351' title='bbox 1159 2143 1208 2160; x_wconf 70' lang='lat' dir='ltr'><strong><em>z</em></strong></span> <span class='ocrx_word' id='word_1_352' title='bbox 1233 2131 1438 2174; x_wconf 82' lang='lat' dir='ltr'>producere</span> <span class='ocrx_word' id='word_1_353' title='bbox 1464 2132 1488 2163; x_wconf 89' lang='lat' dir='ltr'>i.</span> <span class='ocrx_word' id='word_1_354' title='bbox 1515 2142 1546 2164; x_wconf 86' lang='lat' dir='ltr'>e.</span> 
     </span>
     <span class='ocr_line' id='line_1_39' title="bbox 67 2174 1548 2220; baseline 0.003 -15"><span class='ocrx_word' id='word_1_355' title='bbox 67 2174 180 2206; x_wconf 84' lang='lat' dir='ltr'>vitam</span> <span class='ocrx_word' id='word_1_356' title='bbox 214 2174 271 2207; x_wconf 86' lang='lat' dir='ltr'>rei</span> <span class='ocrx_word' id='word_1_357' title='bbox 308 2174 482 2218; x_wconf 82' lang='lat' dir='ltr'>publicae</span> <span class='ocrx_word' id='word_1_358' title='bbox 515 2185 760 2215; x_wconf 72' lang='lat' dir='ltr'>conservare3</span> <span class='ocrx_word' id='word_1_359' title='bbox 795 2186 867 2207; x_wconf 89' lang='lat' dir='ltr'>non</span> <span class='ocrx_word' id='word_1_360' title='bbox 901 2177 1012 2208; x_wconf 76' lang='lat' dir='ltr'>male:</span> <span class='ocrx_word' id='word_1_361' title='bbox 1048 2188 1133 2209; x_wconf 82' lang='lat' dir='ltr'>nam</span> <span class='ocrx_word' id='word_1_362' title='bbox 1160 2180 1188 2220; x_wconf 61' lang='grc' dir='ltr'>ξ.</span> <span class='ocrx_word' id='word_1_363' title='bbox 1214 2179 1250 2213; x_wconf 85' lang='grc'>2.</span> <span class='ocrx_word' id='word_1_364' title='bbox 1279 2179 1421 2212; x_wconf 84' lang='lat' dir='ltr'>dicitur</span> <span class='ocrx_word' id='word_1_365' title='bbox 1450 2179 1548 2214; x_wconf 73' lang='lat' dir='ltr'>Quae</span> 
     </span>
     <span class='ocr_line' id='line_1_40' title="bbox 69 2221 1548 2272; baseline 0.005 -19"><span class='ocrx_word' id='word_1_366' title='bbox 69 2221 103 2253; x_wconf 78' lang='grc' dir='ltr'>εἰ</span> <span class='ocrx_word' id='word_1_367' title='bbox 128 2222 179 2254; x_wconf 72' lang='lat' dir='ltr'>aei</span> <span class='ocrx_word' id='word_1_368' title='bbox 202 2225 297 2254; x_wconf 80' lang='lat' dir='ltr'>tuum</span> <span class='ocrx_word' id='word_1_369' title='bbox 324 2226 459 2266; x_wconf 81' lang='lat' dir='ltr'>tempus</span> <span class='ocrx_word' id='word_1_370' title='bbox 482 2222 704 2264; x_wconf 74' lang='lat' dir='ltr'>perducitur.</span> <span class='ocrx_word' id='word_1_371' title='bbox 734 2242 774 2249; x_wconf 86' lang='lat'>—</span> <span class='ocrx_word' id='word_1_372' title='bbox 802 2222 942 2266; x_wconf 60' lang='lat' dir='ltr'>impet„</span> <span class='ocrx_word' id='word_1_373' title='bbox 978 2224 1042 2257; x_wconf 81' lang='lat' dir='ltr'>des</span> <span class='ocrx_word' id='word_1_374' title='bbox 1070 2226 1361 2271; x_wconf 80' lang='lat' dir='ltr'>ziigellosesten,</span> <span class='ocrx_word' id='word_1_375' title='bbox 1389 2227 1451 2272; x_wconf 85' lang='lat' dir='ltr'>qui</span> <span class='ocrx_word' id='word_1_376' title='bbox 1477 2227 1548 2260; x_wconf 86' lang='lat' dir='ltr'>mi-</span> 
     </span>
     <span class='ocr_line' id='line_1_41' title="bbox 70 2268 1547 2315; baseline 0.005 -15"><span class='ocrx_word' id='word_1_377' title='bbox 70 2268 169 2302; x_wconf 85' lang='lat' dir='ltr'>nime</span> <span class='ocrx_word' id='word_1_378' title='bbox 193 2271 250 2302; x_wconf 86' lang='lat' dir='ltr'>sui</span> <span class='ocrx_word' id='word_1_379' title='bbox 285 2276 414 2315; x_wconf 87' lang='lat' dir='ltr'>potens</span> <span class='ocrx_word' id='word_1_380' title='bbox 448 2277 522 2311; x_wconf 78' lang='lat' dir='ltr'>est3</span> <span class='ocrx_word' id='word_1_381' title='bbox 561 2282 743 2315; x_wconf 83' lang='lat' dir='ltr'>synonym</span> <span class='ocrx_word' id='word_1_382' title='bbox 777 2271 848 2303; x_wconf 84' lang='lat' dir='ltr'>mit</span> <span class='ocrx_word' id='word_1_383' title='bbox 883 2270 1022 2315; x_wconf 76' lang='lat' dir='ltr'>intemp.</span> <span class='ocrx_word' id='word_1_384' title='bbox 1073 2273 1318 2308; x_wconf 81' lang='lat' dir='ltr'>Bekanntlich</span> <span class='ocrx_word' id='word_1_385' title='bbox 1351 2274 1450 2309; x_wconf 82' lang='lat' dir='ltr'>mied</span> <span class='ocrx_word' id='word_1_386' title='bbox 1484 2275 1547 2309; x_wconf 80' lang='lat' dir='ltr'>ci-</span> 
     </span>
     <span class='ocr_line' id='line_1_42' title="bbox 71 2317 1546 2366; baseline 0.004 -18"><span class='ocrx_word' id='word_1_387' title='bbox 71 2326 158 2350; x_wconf 84' lang='lat' dir='ltr'>cero</span> <span class='ocrx_word' id='word_1_388' title='bbox 184 2317 235 2350; x_wconf 78' lang='lat' dir='ltr'>als</span> <span class='ocrx_word' id='word_1_389' title='bbox 261 2317 406 2352; x_wconf 81' lang='lat' dir='ltr'>Redner</span> <span class='ocrx_word' id='word_1_390' title='bbox 430 2318 490 2351; x_wconf 85' lang='lat' dir='ltr'>die</span> <span class='ocrx_word' id='word_1_391' title='bbox 525 2318 796 2365; x_wconf 78' lang='lat' dir='ltr'>Vcrkniipfung</span> <span class='ocrx_word' id='word_1_392' title='bbox 829 2320 960 2352; x_wconf 78' lang='lat' dir='ltr'>zweier</span> <span class='ocrx_word' id='word_1_393' title='bbox 985 2320 1200 2366; x_wconf 83' lang='lat' dir='ltr'>Synonyme</span> <span class='ocrx_word' id='word_1_394' title='bbox 1225 2323 1345 2356; x_wconf 82' lang='lat' dir='ltr'>nicht.</span> <span class='ocrx_word' id='word_1_395' title='bbox 1381 2323 1441 2356; x_wconf 77' lang='lat' dir='ltr'>Sic</span> <span class='ocrx_word' id='word_1_396' title='bbox 1467 2323 1546 2356; x_wconf 78' lang='lat' dir='ltr'>Md.</span> 
     </span>
     <span class='ocr_line' id='line_1_43' title="bbox 69 2365 1549 2415; baseline 0.004 -19"><span class='ocrx_word' id='word_1_397' title='bbox 69 2365 206 2408; x_wconf 72' lang='lat' dir='ltr'>Margo</span> <span class='ocrx_word' id='word_1_398' title='bbox 234 2367 335 2399; x_wconf 86' lang='lat' dir='ltr'>Crat.</span> <span class='ocrx_word' id='word_1_399' title='bbox 364 2366 462 2399; x_wconf 85' lang='lat' dir='ltr'>Vict.</span> <span class='ocrx_word' id='word_1_400' title='bbox 491 2369 524 2402; x_wconf 90' lang='lat'>1.</span> <span class='ocrx_word' id='word_1_401' title='bbox 553 2367 586 2401; x_wconf 87' lang='lat'>2.</span> <span class='ocrx_word' id='word_1_402' title='bbox 614 2368 745 2400; x_wconf 76' lang='lat' dir='ltr'>Lami).</span> <span class='ocrx_word' id='word_1_403' title='bbox 785 2367 915 2401; x_wconf 80' lang='lat' dir='ltr'>Graev.</span> <span class='ocrx_word' id='word_1_404' title='bbox 948 2369 1037 2402; x_wconf 85' lang='lat' dir='ltr'>Ern.</span> <span class='ocrx_word' id='word_1_405' title='bbox 1074 2370 1210 2405; x_wconf 87' lang='lat' dir='ltr'>Bened.</span> <span class='ocrx_word' id='word_1_406' title='bbox 1244 2369 1549 2415; x_wconf 75' lang='lat' dir='ltr'>impudentissimi</span> 
     </span>
     <span class='ocr_line' id='line_1_44' title="bbox 72 2413 1546 2456; baseline 0.008 -13"><span class='ocrx_word' id='word_1_407' title='bbox 72 2413 170 2447; x_wconf 82' lang='lat' dir='ltr'>Crat.</span> <span class='ocrx_word' id='word_1_408' title='bbox 195 2413 281 2446; x_wconf 79' lang='lat' dir='ltr'>sch.</span> <span class='ocrx_word' id='word_1_409' title='bbox 307 2414 399 2446; x_wconf 82' lang='lat' dir='ltr'>Liin.</span> <span class='ocrx_word' id='word_1_410' title='bbox 423 2431 470 2438; x_wconf 89' lang='lat'>—</span> <span class='ocrx_word' id='word_1_411' title='bbox 495 2414 743 2456; x_wconf 80' lang='lat' dir='ltr'>simulacrum,</span> <span class='ocrx_word' id='word_1_412' title='bbox 770 2416 924 2456; x_wconf 80' lang='lat' dir='ltr'>umbra.</span> <span class='ocrx_word' id='word_1_413' title='bbox 951 2415 1229 2453; x_wconf 80' lang='lat' dir='ltr'>Schattenbild.</span> <span class='ocrx_word' id='word_1_414' title='bbox 1256 2437 1303 2445; x_wconf 96' lang='lat'>—</span> <span class='ocrx_word' id='word_1_415' title='bbox 1328 2419 1448 2455; x_wconf 48' lang='lat' dir='ltr'>civita</span> <span class='ocrx_word' id='word_1_416' title='bbox 1475 2429 1546 2450; x_wconf 80' lang='lat' dir='ltr'>von</span> 
     </span>
    </p>
   </div>
   <div class='ocr_carea' id='block_1_6' title="bbox 18 2460 496 2504">
    <p class='ocr_par' dir='ltr' id='par_1_6' title="bbox 18 2460 496 2504">
     <span class='ocr_line' id='line_1_45' title="bbox 18 2460 496 2504; baseline 0.006 -12"><span class='ocrx_word' id='word_1_417' title='bbox 18 2476 23 2478; x_wconf 60' lang='lat'><em>&gt;</em></span> <span class='ocrx_word' id='word_1_418' title='bbox 68 2460 191 2492; x_wconf 85' lang='lat' dir='ltr'>einem</span> <span class='ocrx_word' id='word_1_419' title='bbox 218 2462 496 2504; x_wconf 76' lang='lat' dir='ltr'>Biirgerstaate.</span> 
     </span>
    </p>
   </div>
   <div class='ocr_carea' id='block_1_7' title="bbox 6 2522 1546 2668">
    <p class='ocr_par' dir='ltr' id='par_1_7' title="bbox 6 2522 1546 2668">
     <span class='ocr_line' id='line_1_46' title="bbox 164 2522 1545 2573; baseline 0.005 -19"><span class='ocrx_word' id='word_1_420' title='bbox 164 2522 198 2555; x_wconf 85' lang='lat'>2.</span> <span class='ocrx_word' id='word_1_421' title='bbox 226 2522 409 2564; x_wconf 78' lang='lat' dir='ltr'>quoniam,</span> <span class='ocrx_word' id='word_1_422' title='bbox 435 2523 504 2556; x_wconf 82' lang='lat' dir='ltr'>wie</span> <span class='ocrx_word' id='word_1_423' title='bbox 529 2536 584 2569; x_wconf 87' lang='lat' dir='ltr'>ep.</span> <span class='ocrx_word' id='word_1_424' title='bbox 612 2526 695 2566; x_wconf 81' lang='lat'>717,</span> <span class='ocrx_word' id='word_1_425' title='bbox 725 2527 742 2558; x_wconf 89' lang='lat'><em>1</em></span> <span class='ocrx_word' id='word_1_426' title='bbox 767 2536 801 2558; x_wconf 91' lang='lat' dir='ltr'>u.</span> <span class='ocrx_word' id='word_1_427' title='bbox 828 2526 861 2560; x_wconf 83' lang='lat'>3.</span> <span class='ocrx_word' id='word_1_428' title='bbox 888 2545 932 2551; x_wconf 96' lang='lat'><strong>—</strong></span> <span class='ocrx_word' id='word_1_429' title='bbox 958 2531 1042 2560; x_wconf 81' lang='lat' dir='ltr'>acta</span> <span class='ocrx_word' id='word_1_430' title='bbox 1067 2527 1241 2573; x_wconf 81' lang='lat' dir='ltr'>publica,</span> <span class='ocrx_word' id='word_1_431' title='bbox 1268 2528 1469 2572; x_wconf 66' lang='lat' dir='ltr'>Vorgiingc</span> <span class='ocrx_word' id='word_1_432' title='bbox 1494 2527 1545 2561; x_wconf 84' lang='lat' dir='ltr'>im</span> 
     </span>
     <span class='ocr_line' id='line_1_47' title="bbox 6 2568 1546 2619; baseline 0.006 -19"><span class='ocrx_word' id='word_1_433' title='bbox 6 2592 10 2602; x_wconf 40' lang='lat' dir='ltr'>f</span> <span class='ocrx_word' id='word_1_434' title='bbox 69 2568 202 2601; x_wconf 80' lang='lat' dir='ltr'>Staate.</span> <span class='ocrx_word' id='word_1_435' title='bbox 232 2590 271 2595; x_wconf 89' lang='lat'><strong>—</strong></span> <span class='ocrx_word' id='word_1_436' title='bbox 301 2570 416 2609; x_wconf 79' lang='lat' dir='ltr'>mitti,</span> <span class='ocrx_word' id='word_1_437' title='bbox 444 2572 621 2605; x_wconf 84' lang='lat' dir='ltr'>nuntiari.</span> <span class='ocrx_word' id='word_1_438' title='bbox 651 2591 692 2596; x_wconf 93' lang='lat'>—-</span> <span class='ocrx_word' id='word_1_439' title='bbox 722 2573 770 2605; x_wconf 75' lang='lat' dir='ltr'>ad</span> <span class='ocrx_word' id='word_1_440' title='bbox 793 2578 885 2608; x_wconf 75' lang='lat' dir='ltr'>tuum</span> <span class='ocrx_word' id='word_1_441' title='bbox 911 2579 1046 2618; x_wconf 70' lang='lat' dir='ltr'>tempus</span> <span class='ocrx_word' id='word_1_442' title='bbox 1070 2576 1095 2609; x_wconf 79' lang='lat' dir='ltr'>i.</span> <span class='ocrx_word' id='word_1_443' title='bbox 1123 2587 1156 2612; x_wconf 67' lang='lat' dir='ltr'>e.</span> <span class='ocrx_word' id='word_1_444' title='bbox 1191 2576 1236 2609; x_wconf 84' lang='lat' dir='ltr'>ad</span> <span class='ocrx_word' id='word_1_445' title='bbox 1273 2582 1420 2619; x_wconf 83' lang='lat' dir='ltr'>tempus</span> <span class='ocrx_word' id='word_1_446' title='bbox 1455 2587 1546 2609; x_wconf 83' lang='lat' dir='ltr'>con-</span> 
     </span>
     <span class='ocr_line' id='line_1_48' title="bbox 6 2618 1543 2668; baseline 0.004 -19"><span class='ocrx_word' id='word_1_447' title='bbox 6 2618 9 2660; x_wconf 62' lang='lat'>}</span> <span class='ocrx_word' id='word_1_448' title='bbox 70 2618 207 2650; x_wconf 73' lang='lat' dir='ltr'>sulatus</span> <span class='ocrx_word' id='word_1_449' title='bbox 233 2619 297 2650; x_wconf 83' lang='lat' dir='ltr'>tui.</span> <span class='ocrx_word' id='word_1_450' title='bbox 330 2636 377 2642; x_wconf 90' lang='lat'><em>-</em></span> <span class='ocrx_word' id='word_1_451' title='bbox 413 2621 625 2661; x_wconf 68' lang='lat' dir='ltr'>perducitur</span> <span class='ocrx_word' id='word_1_452' title='bbox 651 2634 698 2651; x_wconf 64' lang='lat' dir='ltr'><em>z</em></span> <span class='ocrx_word' id='word_1_453' title='bbox 726 2620 853 2662; x_wconf 80' lang='lat' dir='ltr'>durat,</span> <span class='ocrx_word' id='word_1_454' title='bbox 888 2623 1006 2664; x_wconf 62' lang='lat' dir='ltr'>„liisst</span> <span class='ocrx_word' id='word_1_455' title='bbox 1031 2622 1114 2656; x_wconf 83' lang='lat' dir='ltr'>sich</span> <span class='ocrx_word' id='word_1_456' title='bbox 1143 2624 1203 2656; x_wconf 87' lang='lat' dir='ltr'>die</span> <span class='ocrx_word' id='word_1_457' title='bbox 1229 2623 1417 2668; x_wconf 86' lang='lat' dir='ltr'>Republik</span> <span class='ocrx_word' id='word_1_458' title='bbox 1443 2623 1543 2657; x_wconf 86' lang='lat' dir='ltr'>noch</span> 
     </span>
    </p>
   </div>
   <div class='ocr_carea' id='block_1_8' title="bbox 7 2661 1543 2707">
    <p class='ocr_par' dir='ltr' id='par_1_8' title="bbox 7 2661 1543 2707">
     <span class='ocr_line' id='line_1_49' title="bbox 7 2661 1543 2707; baseline 0.005 -11"><span class='ocrx_word' id='word_1_459' title='bbox 7 2661 10 2707; x_wconf 34' lang='grc' dir='ltr'><em>ᾗ</em></span> <span class='ocrx_word' id='word_1_460' title='bbox 67 2663 126 2696; x_wconf 79' lang='lat' dir='ltr'>bis</span> <span class='ocrx_word' id='word_1_461' title='bbox 152 2666 218 2698; x_wconf 80' lang='lat' dir='ltr'>auf</span> <span class='ocrx_word' id='word_1_462' title='bbox 240 2667 334 2698; x_wconf 85' lang='lat' dir='ltr'>Dein</span> <span class='ocrx_word' id='word_1_463' title='bbox 363 2667 538 2700; x_wconf 84' lang='lat' dir='ltr'>Consulat</span> <span class='ocrx_word' id='word_1_464' title='bbox 563 2668 806 2702; x_wconf 82' lang='lat' dir='ltr'>hinfristen.“</span> <span class='ocrx_word' id='word_1_465' title='bbox 851 2670 1082 2704; x_wconf 78' lang='lat' dir='ltr'>Vornhnend</span> <span class='ocrx_word' id='word_1_466' title='bbox 1113 2671 1259 2704; x_wconf 83' lang='lat' dir='ltr'>scheint</span> <span class='ocrx_word' id='word_1_467' title='bbox 1291 2671 1385 2703; x_wconf 82' lang='lat' dir='ltr'>diess</span> <span class='ocrx_word' id='word_1_468' title='bbox 1409 2671 1543 2705; x_wconf 84' lang='lat' dir='ltr'>Cicero</span> 
     </span>
    </p>
   </div>
   <div class='ocr_carea' id='block_1_9' title="bbox 71 2714 1544 2812">
    <p class='ocr_par' dir='ltr' id='par_1_9' title="bbox 71 2714 1544 2812">
     <span class='ocr_line' id='line_1_50' title="bbox 71 2714 1544 2758; baseline 0.007 -15"><span class='ocrx_word' id='word_1_469' title='bbox 71 2723 111 2744; x_wconf 83' lang='lat' dir='ltr'>so</span> <span class='ocrx_word' id='word_1_470' title='bbox 137 2714 365 2746; x_wconf 71' lang='lat' dir='ltr'>zweifelhaft</span> <span class='ocrx_word' id='word_1_471' title='bbox 393 2716 644 2758; x_wconf 75' lang='lat' dir='ltr'>ausgedriickt</span> <span class='ocrx_word' id='word_1_472' title='bbox 667 2729 711 2750; x_wconf 88' lang='lat' dir='ltr'>zu</span> <span class='ocrx_word' id='word_1_473' title='bbox 738 2716 878 2758; x_wconf 75' lang='lat' dir='ltr'>liaben3</span> <span class='ocrx_word' id='word_1_474' title='bbox 918 2719 1011 2751; x_wconf 87' lang='lat' dir='ltr'>denn</span> <span class='ocrx_word' id='word_1_475' title='bbox 1044 2719 1143 2752; x_wconf 85' lang='lat' dir='ltr'>noch</span> <span class='ocrx_word' id='word_1_476' title='bbox 1177 2718 1247 2751; x_wconf 81' lang='lat' dir='ltr'>che</span> <span class='ocrx_word' id='word_1_477' title='bbox 1284 2719 1438 2753; x_wconf 74' lang='lat' dir='ltr'>Plancus</span> <span class='ocrx_word' id='word_1_478' title='bbox 1463 2722 1544 2753; x_wconf 82' lang='lat' dir='ltr'>sein</span> 
     </span>
     <span class='ocr_line' id='line_1_51' title="bbox 72 2761 1544 2812; baseline 0.007 -21"><span class='ocrx_word' id='word_1_479' title='bbox 72 2761 242 2795; x_wconf 76' lang='lat' dir='ltr'>Consulat</span> <span class='ocrx_word' id='word_1_480' title='bbox 275 2768 494 2806; x_wconf 78' lang='lat' dir='ltr'>angetreten</span> <span class='ocrx_word' id='word_1_481' title='bbox 528 2763 653 2806; x_wconf 77' lang='lat' dir='ltr'>hatte,</span> <span class='ocrx_word' id='word_1_482' title='bbox 687 2765 773 2810; x_wconf 83' lang='lat' dir='ltr'>ging</span> <span class='ocrx_word' id='word_1_483' title='bbox 805 2765 876 2799; x_wconf 83' lang='lat' dir='ltr'>mit</span> <span class='ocrx_word' id='word_1_484' title='bbox 904 2768 1065 2800; x_wconf 80' lang='lat' dir='ltr'>Cicero&#39;s</span> <span class='ocrx_word' id='word_1_485' title='bbox 1092 2767 1333 2812; x_wconf 81' lang='lat' dir='ltr'>Ermordung</span> <span class='ocrx_word' id='word_1_486' title='bbox 1357 2768 1451 2801; x_wconf 79' lang='lat' dir='ltr'>auch</span> <span class='ocrx_word' id='word_1_487' title='bbox 1478 2768 1544 2802; x_wconf 79' lang='lat' dir='ltr'>der</span> 
     </span>
    </p>
   </div>
  </div>
 </body>
</html>
