1795 3086
291 83 600 128 EPISTOLA
629 84 944 129 DCCXX1X;
974 84 1255 131 DCCXXX.
1418 88 1503 134 145

45 195 99 236 ‹lc
134 208 219 249 quo
256 196 474 237 mirabilia
501 194 717 244 Messala;
753 197 827 248 qui
855 195 1077 251 Lanuvio,
1117 199 1295 250 rediens,
1317 200 1371 240 ab
1399 198 1501 248 illis,

43 251 162 292 venit
191 250 247 290 ad
275 263 367 292 mc:
408 255 451 292 ct
478 250 722 291 mehercule
740 250 878 303 ipsius
898 252 1050 294 literae
1073 254 1140 295 sic
1168 261 1212 296 et
1239 252 1502 306 φιλοστόργως

43 311 87 347 et
104 305 264 348 εὕπινῶς
278 307 480 360 scriptae,
508 309 555 346 ut
579 319 652 347 eas
669 306 740 347 vel
759 307 805 347 in
819 308 991 346 aeroas-i
1009 309 1191 352 audeam
1218 311 1386 363 legere:
1415 324 1501 364 quo

43 362 183 414 magis
212 362 279 402 illi
308 361 617 416 indulgendum
645 365 760 415 puto.
824 361 895 401 De
922 359 1150 406 Buciliano
1180 367 1368 407 Sestium
1395 369 1501 420 puto

43 430 129 457 non
158 418 340 460 moleste
368 417 500 458 ferre.
537 417 683 471 :Ego‚
724 417 762 457 si
791 417 904 458 Tiro
933 417 990 457 ad
1019 431 1115 469 me,
1155 422 1302 475 cogito
1330 422 1378 461 in
1407 421 1499 462 Tu-

45 470 282 513 sculanum.
349 472 421 515 Tu
447 486 575 523 vero,
615 471 832 527 quidquid
871 471 981 523 erit,
1028 473 1146 526 quod
1175 489 1243 516 me
1281 476 1396 518 scire
1420 489 1501 530 par

10 561 13 564 ⁴
42 528 122 580 sit,
152 528 312 570 statim.
447 544 451 547 ·

200 692 514 736 EPISTOLA
550 693 831 736 DCCXXX.
890 694 965 743 (ad
995 694 1082 736 Att.
1113 690 1221 735 XV.
1253 693 1338 742 18.)

39 765 117 799 Ser.
150 766 189 799 in
222 766 359 801 itinere
390 780 411 802 a
444 769 532 802 villa
567 769 612 803 ad
646 769 766 802 lacum
792 768 999 802 Lucrinum
1025 779 1058 803 a.
1085 768 1119 802 d.
1147 767 1245 801 XVI.
1271 766 1352 800 Kal.
1380 765 1502 809 Quint,

490 817 530 850 A.
556 818 601 851 U.
634 818 674 851 o.
700 818 779 852 71⁰.
828 815 879 858 (a.
907 817 956 852 c..
973 817 1052 859 44.)
1078 815 1083 819 '

41 879 200 914 Nuntiat
224 893 261 915 so
287 883 331 917 ad
356 884 591 918 Dolabellam
617 882 804 927 scripsisse
839 883 884 916 de
916 884 1026 917 mulis
1057 889 1234 917 vecturae
1265 881 1432 924 itIneris,
1466 882 1505 915 in

159 940 276 974 eoque
301 937 342 965 ut
367 932 436 965 sibi
461 930 632 976 paullum
659 941 792 974 operae
817 931 959 966 tribuat
982 932 1143 973 Atticus,
1169 930 1275 976 petit.
1304 931 1388 965 1-2.

548 997 726 1032 CICERO
747 997 931 1034 ATTICO
958 998 992 1032 S.

150 1061 309 1105 XVII.
338 1062 438 1104 Kal.
469 1064 551 1104 etsi
581 1064 689 1104 satis
719 1064 901 1106 videbar
929 1066 1160 1120 scripsisse.
1188 1066 1246 1107 ad
1282 1069 1353 1118 te,
1398 1065 1505 1120 quid

43 1116 154 1158 mihi
183 1132 290 1173 opus
319 1123 463 1171 esset,
494 1124 538 1159 et
566 1118 683 1173 quid!
701 1124 746 1161 te
776 1121 926 1174 facere
947 1122 1125 1173 vellem,
1155 1123 1194 1162 si
1213 1123 1295 1161 tibi
1316 1135 1506 1162 commo-0

44 1174 146 1213 dum
166 1180 310 1220 esset:
347 1178 518 1226 tamen,
553 1187 685 1227 quum
721 1175 946 1229 profectus
986 1190 1126 1217 essem
1155 1181 1197 1217 et
1224 1177 1271 1216 in
1300 1177 1400 1217 lacu
1429 1190 1505 1216 na-

44 1230 263 1282 vigarem,
303 1228 517 1270 Tironem
556 1231 690 1269 statui
729 1230 785 1270 ad
821 1236 866 1271 te
901 1244 996 1274 esse
1031 1230 1313 1282 mittendum,
1360 1234 1409 1272 ut
1447 1233 1507 1271 iis

43 1286 254 1338 negotiis,
294 1298 403 1336 quae
434 1288 688 1338 agerentur,
728 1286 983 1328 interesset:
1025 1291 1154 1341 atque
1184 1288 1315 1327 etiam
1346 1287 1506 1340 scripsi

20 1339 99 1379 ad
127 1339 402 1380 Dolabellam
430 1353 523 1391 me,
553 1340 592 1380 si
621 1341 662 1380 ei
681 1341 930 1391 videretur,
960 1343 1078 1384 velle
1099 1341 1348 1396 proficisci,
1378 1342 1507 1396 petii-

20 1408 124 1448 que
154 1395 206 1434 ab
235 1408 287 1436 eo
318 1395 371 1435 de
400 1395 533 1435 mulis
562 1399 768 1438 vecturae
787 1397 975 1438 itineris.
1035 1398 1156 1439 Utin
1176 1396 1270 1447 his,
1301 1398 1508 1451 quoniam

19 1450 243 1505 intelligo
280 1454 325 1492 te
362 1450 727 1493 distentissimum
767 1466 861 1494 esse
900 1467 988 1507 qua
1016 1454 1072 1494 de
1099 1451 1375 1502 Buthrotiis,
1421 1466 1509 1508 qua

22 1631 23 1639 1
45 1606 228 1641 &Vunder
252 1605 424 1640 Sch'dnes.
449 1625 493 1630 —
518 1607 682 1641 Messala
707 1607 785 1640 scil.
809 1607 907 1640 mihi
929 1609 1118 1653 narravit5
1144 1610 1207 1654 qui
1231 1617 1266 1645 et
1291 1611 1370 1656 ipse
1393 1610 1512 1645 Athe-

44 1655 102 1687 nis
127 1656 249 1687 fuerat
274 1655 480 1688 studiorum
507 1666 625 1689 causa.
652 1655 734 1687 Vid.
761 1666 816 1698 ep.
843 1656 923 1691 550.
971 1657 1043 1691 Hic
1079 1658 1119 1691 1..
1147 1659 1318 1693 Valerius
1356 1659 1513 1692 Messala

43 1703 98 1736 Μ.
124 1700 269 1735 Valerii
294 1702 474 1735 Messalae
499 1703 658 1736 consulis
683 1703 753 1737 693
779 1703 878 1736 filius
904 1710 996 1737 erat.
1025 1725 1067 1731 --
1094 1706 1138 1738 ab
1162 1706 1259 1747 illis,
1286 1719 1307 1740 a
1332 1708 1447 1740 Brute
1475 1711 1513 1739 et

44 1749 187 1786 Cassio,
213 1766 257 1773 -—
281 1749 415 1792 ipsius,
441 1751 630 1784 Ciceronis
655 1750 726 1784 filii
752 1750 890 1784 literae.
917 1752 1005 1798 Vgl.
1032 1763 1089 1796 ep.
1116 1754 1196 1788 726.
1225 1774 1268 1780 —
1295 1750 1509 1793 εὐπινῶς,

23 1798 181 1839 nitide,
208 1787 410 1840 elegante‘r.
435 1795 609 1836 πυκνῶς
633 1798 688 1831 Iu.
714 1798 795 1830 Asc.
820 1800 854 1833 2.
883 1799 986 1835 Crat,
1012 1818 1056 1824 —
1081 1801 1119 1833 in
1146 1803 1311 1842 acroasi,
1340 1801 1379 1834 in
1406 1802 1514 1834 einer

14 1850 25 1896 ζ
44 1844 244 1891 gelehrten
268 1843 445 1891 Sstzung,
474 1845 820 1880 Zusammenkunft.
847 1863 890 1870 --
915 1846 1078 1889 indulg.‚
1104 1848 1184 1882 dass
1202 1844 1288 1882 man
1306 1848 1388 1882 ihm
1408 1860 1513 1882 man-

23 1892 133 1926 ches
157 1892 303 1925 Andere
327 1892 541 1926 nachsehen
568 1895 697 1926 miisse.
723 1911 767 1918 -—
793 1894 850 1927 De
865 1894 1063 1928 Buciliano
1091 1902 1181 1936 cet.,
1207 1898 1299 1930 iiber
1318 1898 1411 1939 Das,
1436 1908 1513 1929 was

23 1932 104 1974 Du
128 1940 200 1972 mir
224 1950 309 1972 vom
334 1941 422 1973 Buc.
448 1941 625 1981 meldest‚
658 1941 773 1978 wird,
814 1942 939 1985 glaub'
965 1941 1050 1983 ich,
1082 1943 1219 1978 Sestius
1251 1944 1362 1977 nicht
1392 1955 1513 1989 unge-

23 1973 174 2020 halten
200 1986 290 2021 sein.
339 1988 451 2021 Beide
478 1989 661 2034 gehb'rten
685 2000 733 2021 zu
756 1989 884 2023 C'cisars
910 1990 1102 2025 Mox-dem.
1129 1994 1162 2026 S.
1188 2003 1245 2040 ep.
1272 1994 1353 2036 750,
1378 1993 1411 2026 4.
1436 1991 1512 2026 und

24 2035 200 2081 Appian.
227 2053 271 2059 —
296 2035 345 2068 ad
368 2046 423 2069 me
446 2037 617 2073 redierit.
645 2053 686 2059 —
712 2036 837 2070 statim
862 2038 1017 2075 scribes.

25 2134 27 2139 ,
141 2105 172 2137 1.
201 2102 289 2136 VII.
322 2102 413 2137 Kal.
440 2101 616 2145 Quintil.‚
650 2114 709 2136 am
746 2103 805 2138 15.
839 2103 976 2137 Iunius.
1007 2122 1054 2129 —-
1091 2105 1125 2138 oz·
1156 2105 1224 2139 tibi
1256 2108 1374 2139 comm.
1410 2111 1514 2149 esset,

25 2144 27 2168 2
47 2160 154 2183 wenn
179 2161 216 2183 es
241 2149 313 2184 Dir
336 2148 445 2183 nicht
469 2149 745 2184 beschwerlieh
769 2151 865 2184 fiele.
890 2170 937 2176 —
962 2152 1000 2184 in
1026 2153 1108 2185 lacu
1131 2154 1276 2196 nczvz’g„
1302 2155 1379 2187 und
1396 2154 1514 2188 achon

25 2199 113 2230 auf
135 2198 220 2231 dem
245 2198 491 2231 Lucrinersee
516 2197 620 2232 fuhr.
645 2217 690 2223 —
716 2198 784 2238 iis,
810 2199 887 2233 Md.
917 2200 1013 2233 vict.
1042 2203 1071 2234 l.
1095 2199 1162 2234 leis.
1189 2221 1233 2227 --
1259 2201 1293 2235 si
1319 2202 1352 2235 ez·
1376 2202 1515 2236 videre-

26 2241 119 2281 tur.
168 2246 250 2279 Hoc
276 2245 388 2287 dicit,
422 2246 509 2290 quia
534 2246 652 2279 videri
677 2247 826 2279 volebat
851 2258 888 2280 se
914 2247 996 2280 ideo
1022 2248 1232 2288 discedere,
1265 2250 1367 2292 quod
1392 2262 1414 2283 a
1437 2251 1516 2283 Do-

25 2292 181 2325 labella
205 2293 375 2327 mandata
401 2292 578 2336 haberet,
605 2294 709 2327 cuius
733 2295 876 2341 legatus
902 2302 993 2328 erat.
1019 2296 1222 2331 MANUT.
1248 2298 1331 2331 vid.
1351 2309 1408 2342 ep.
1435 2299 1515 2332 732.

3 2343 29 2386 '³3
47 2340 130 2381 724,
153 2340 190 2375 4.
215 2358 260 2365 -—
284 2340 472 2384 proficisci
496 2343 533 2375 in
559 2341 769 2377 Graeciam.
790 2362 832 2368 —
860 2343 902 2375 de
917 2343 1020 2376 mulis
1043 2355 1076 2376 v.
1104 2343 1210 2386 itin„
1236 2345 1341 2385 „mir
1366 2346 1417 2377 als
1443 2344 1516 2378 sei-

23 2386 29 2413 s
46 2397 134 2419 nem
165 2387 444 2436 Ehrenlegaten
477 2390 548 2424 den
579 2388 762 2433 nothigen
794 2389 1189 2436 Maulthiervorspann
1222 2404 1288 2426 zur
1328 2392 1435 2426 Reise
1467 2403 1517 2424 zu

47 2432 319 2473 verschaffen.“
367 2437 438 2469 Die
463 2437 628 2486 Legaten
653 2437 838 2470 erhielten
864 2439 1093 2473 Maulthiere
1125 2440 1202 2473 und
1238 2439 1516 2485 Quartierzelte

47 2481 114 2516 auf
138 2480 358 2516 b'ffentliche
383 2484 532 2519 Kosten.
558 2485 594 2519 S.
618 2485 774 2521 Vei-rin.
800 2485 924 2522 ultim.
1104 2519 1105 2522 ,

30 2544 31 2574 3
144 2530 178 2562 2.
212 2529 260 2562 Ut
283 2530 321 2562 in
345 2528 400 2564 his
425 2532 448 2565 i.
470 2544 504 2571 e,
530 2533 569 2565 in
593 2531 654 2565 his
678 2533 808 2573 rebus,
833 2539 895 2571 ut,
918 2533 974 2566 vel
997 2544 1068 2578 pro
1095 2545 1161 2577 eo,
1195 2546 1238 2568 ac
1263 2540 1346 2568 sunt
1371 2559 1380 2567 .
1408 2559 1416 2567 .
1443 2560 1452 2568 .
1477 2539 1518 2568 ut

30 2586 138 2618 ergo
163 2576 203 2609 in
228 2576 403 2612 eiusmodi
426 2591 489 2622 re,
527 2580 587 2614 bei
613 2580 686 2613 den
710 2580 931 2614 bewandten
966 2583 1194 2615 Umstla‘nden
1221 2607 1229 2615 .
1258 2606 1265 2613 .
1293 2607 1302 2615 .
1327 2580 1393 2615 ich
1418 2593 1517 2629 sago,

29 2623 109 2657 bei
133 2625 253 2658 dieser
277 2626 387 2669 Lage.
436 2628 688 2672 Epanalepsis.
718 2648 759 2653 ——
795 2629 975 2670 quoniam,
1007 2630 1080 2662 wie
1107 2641 1164 2674 ep.
1194 2632 1275 2670 717,
1304 2632 1324 2663 l
1348 2641 1387 2665 u.
1413 2631 1446 2664 3.
1473 2649 1517 2654 —

31 2669 189 2706 distent.
218 2672 256 2704 in
283 2680 564 2719 gespanntester
587 2675 804 2722 Thatigkeit
828 2676 910 2709 bist.
939 2696 981 2701 -—
1008 2688 1078 2719 qua
1094 2701 1102 2708 .
1122 2702 1131 2712 .
1150 2701 1157 2708 .
1184 2686 1272 2720 qua,
1298 2676 1412 2711 theils
1439 2704 1446 2711 .
1476 2702 1483 2709 .
1512 2702 1518 2708 .

48 2718 170 2753 theils.
207 2721 244 2753 S.
271 2719 421 2756 Ramsh.
449 2721 478 2763 §.
508 2724 588 2758 159.
613 2724 650 2760 3.
677 2723 704 2756 f.
735 2741 776 2748 -—-
813 2723 855 2756 de
888 2723 1110 2761 Buthrotiis,
1145 2724 1187 2757 de
1221 2724 1350 2759 Bruto.
1385 2724 1421 2758 S.
1457 2735 1518 2771 ep.

114 2797 172 2824 Cic.
191 2798 292 2825 Briofe
312 2808 339 2826 v.
362 2798 505 2841 Billerb.)
529 2799 578 2825 Π.
1066 2778 1125 2816 10
