<?xml version="1.0" encoding="UTF-8"?>
<!DOCTYPE html PUBLIC "-//W3C//DTD XHTML 1.0 Transitional//EN"
    "http://www.w3.org/TR/xhtml1/DTD/xhtml1-transitional.dtd">
<html xmlns="http://www.w3.org/1999/xhtml" xml:lang="en" lang="en">
 <head>
  <title>
</title>
<meta http-equiv="Content-Type" content="text/html;charset=utf-8" />
  <meta name='ocr-system' content='tesseract 3.04.00' />
  <meta name='ocr-capabilities' content='ocr_page ocr_carea ocr_par ocr_line ocrx_word'/>
</head>
<body>
  <div class='ocr_page' id='page_1' title='image "./epistolaeadattic04ciceuoft_0030.png"; bbox 0 0 1795 3086; ppageno 0'>
   <div class='ocr_carea' id='block_1_1' title="bbox 238 63 1434 135">
    <p class='ocr_par' dir='ltr' id='par_1_1' title="bbox 238 63 1434 135">
     <span class='ocr_line' id='line_1_1' title="bbox 238 63 1434 135; baseline -0.001 -27"><span class='ocrx_word' id='word_1_1' title='bbox 238 63 299 108; x_wconf 82' lang='lat'>20</span> <span class='ocrx_word' id='word_1_2' title='bbox 461 131 464 135; x_wconf 14' lang='grc' dir='ltr'>ἱ</span> <span class='ocrx_word' id='word_1_3' title='bbox 514 64 576 106; x_wconf 88' lang='grc' dir='ltr'>Μ.</span> <span class='ocrx_word' id='word_1_4' title='bbox 608 66 659 108; x_wconf 93' lang='grc' dir='ltr'>Τ.</span> <span class='ocrx_word' id='word_1_5' title='bbox 694 63 1034 109; x_wconf 81' lang='lat' dir='ltr'>CICERONIS</span> <span class='ocrx_word' id='word_1_6' title='bbox 1064 65 1434 110; x_wconf 87' lang='lat' dir='ltr'>EPISTOLAE.</span> 
     </span>
    </p>
   </div>
   <div class='ocr_carea' id='block_1_2' title="bbox 244 175 1719 296">
    <p class='ocr_par' dir='ltr' id='par_1_2' title="bbox 244 175 1719 296">
     <span class='ocr_line' id='line_1_2' title="bbox 390 175 1574 230; baseline 0.003 -13"><span class='ocrx_word' id='word_1_7' title='bbox 390 175 707 218; x_wconf 88' lang='lat' dir='ltr'>EPISTOLA</span> <span class='ocrx_word' id='word_1_8' title='bbox 739 176 1010 219; x_wconf 91' lang='lat' dir='ltr'>DCLXIII.</span> <span class='ocrx_word' id='word_1_9' title='bbox 1071 179 1148 230; x_wconf 86' lang='lat' dir='ltr'>(ad</span> <span class='ocrx_word' id='word_1_10' title='bbox 1178 179 1284 221; x_wconf 83' lang='lat' dir='ltr'>Div.</span> <span class='ocrx_word' id='word_1_11' title='bbox 1316 179 1451 222; x_wconf 91' lang='lat' dir='ltr'>XVI.</span> <span class='ocrx_word' id='word_1_12' title='bbox 1486 178 1574 228; x_wconf 84' lang='lat'>13.)</span> 
     </span>
     <span class='ocr_line' id='line_1_3' title="bbox 244 249 1719 296; baseline -0.001 -12"><span class='ocrx_word' id='word_1_13' title='bbox 244 251 321 285; x_wconf 71' lang='lat' dir='ltr'>Ser.</span> <span class='ocrx_word' id='word_1_14' title='bbox 350 252 410 286; x_wconf 82' lang='grc' dir='ltr'>ιν,</span> <span class='ocrx_word' id='word_1_15' title='bbox 440 252 493 284; x_wconf 76' lang='lat' dir='ltr'>m.</span> <span class='ocrx_word' id='word_1_16' title='bbox 520 251 613 296; x_wconf 76' lang='lat' dir='ltr'>Apr.</span> <span class='ocrx_word' id='word_1_17' title='bbox 640 255 681 283; x_wconf 89' lang='lat' dir='ltr'>ut</span> <span class='ocrx_word' id='word_1_18' title='bbox 709 249 860 284; x_wconf 74' lang='lat' dir='ltr'>videtur</span> <span class='ocrx_word' id='word_1_19' title='bbox 885 251 926 284; x_wconf 86' lang='lat' dir='ltr'>A.</span> <span class='ocrx_word' id='word_1_20' title='bbox 955 251 999 285; x_wconf 80' lang='lat' dir='ltr'>U.</span> <span class='ocrx_word' id='word_1_21' title='bbox 1028 251 1068 287; x_wconf 79' lang='lat' dir='ltr'>c,</span> <span class='ocrx_word' id='word_1_22' title='bbox 1095 254 1174 287; x_wconf 86' lang='lat'>700.</span> <span class='ocrx_word' id='word_1_23' title='bbox 1224 255 1272 296; x_wconf 76' lang='lat' dir='ltr'>(a.</span> <span class='ocrx_word' id='word_1_24' title='bbox 1300 253 1339 288; x_wconf 87' lang='lat' dir='ltr'>c.</span> <span class='ocrx_word' id='word_1_25' title='bbox 1368 253 1442 292; x_wconf 73' lang='lat'>54.)</span> <span class='ocrx_word' id='word_1_26' title='bbox 1481 253 1519 285; x_wconf 69' lang='lat' dir='ltr'>in</span> <span class='ocrx_word' id='word_1_27' title='bbox 1545 252 1719 285; x_wconf 72' lang='lat' dir='ltr'>Cumano.</span> 
     </span>
    </p>
   </div>
   <div class='ocr_carea' id='block_1_3' title="bbox 467 316 1492 422">
    <p class='ocr_par' dir='ltr' id='par_1_3' title="bbox 467 316 1492 422">
     <span class='ocr_line' id='line_1_4' title="bbox 467 316 1492 353; baseline 0.001 -1"><span class='ocrx_word' id='word_1_28' title='bbox 467 318 695 352; x_wconf 85' lang='lat' dir='ltr'>Cohortatur</span> <span class='ocrx_word' id='word_1_29' title='bbox 720 316 903 351; x_wconf 89' lang='lat' dir='ltr'>Tironem</span> <span class='ocrx_word' id='word_1_30' title='bbox 926 318 971 351; x_wconf 84' lang='lat' dir='ltr'>ad</span> <span class='ocrx_word' id='word_1_31' title='bbox 997 318 1251 353; x_wconf 82' lang='lat' dir='ltr'>valetudinem</span> <span class='ocrx_word' id='word_1_32' title='bbox 1277 320 1492 353; x_wconf 80' lang='lat' dir='ltr'>curandam.</span> 
     </span>
     <span class='ocr_line' id='line_1_5' title="bbox 760 383 1198 422; baseline 0.011 -5"><span class='ocrx_word' id='word_1_33' title='bbox 760 383 935 418; x_wconf 84' lang='lat' dir='ltr'>CICERO</span> <span class='ocrx_word' id='word_1_34' title='bbox 963 384 1136 419; x_wconf 84' lang='lat' dir='ltr'>TIRONI</span> <span class='ocrx_word' id='word_1_35' title='bbox 1162 385 1198 422; x_wconf 90' lang='lat' dir='ltr'>S.</span> 
     </span>
    </p>
   </div>
   <div class='ocr_carea' id='block_1_4' title="bbox 237 449 1719 671">
    <p class='ocr_par' dir='ltr' id='par_1_4' title="bbox 237 449 1719 671">
     <span class='ocr_line' id='line_1_6' title="bbox 352 449 1718 505; baseline 0.001 -12"><span class='ocrx_word' id='word_1_36' title='bbox 352 452 517 493; x_wconf 81' lang='lat' dir='ltr'>Omnia</span> <span class='ocrx_word' id='word_1_37' title='bbox 545 465 571 492; x_wconf 85' lang='lat' dir='ltr'>a</span> <span class='ocrx_word' id='word_1_38' title='bbox 599 454 643 492; x_wconf 84' lang='lat' dir='ltr'>te</span> <span class='ocrx_word' id='word_1_39' title='bbox 673 451 779 492; x_wconf 83' lang='lat' dir='ltr'>data</span> <span class='ocrx_word' id='word_1_40' title='bbox 807 449 921 491; x_wconf 89' lang='lat' dir='ltr'>mihi</span> <span class='ocrx_word' id='word_1_41' title='bbox 949 453 1129 505; x_wconf 86' lang='lat' dir='ltr'>putabo,</span> <span class='ocrx_word' id='word_1_42' title='bbox 1159 451 1199 493; x_wconf 86' lang='lat' dir='ltr'>si</span> <span class='ocrx_word' id='word_1_43' title='bbox 1230 455 1274 493; x_wconf 85' lang='lat' dir='ltr'>te</span> <span class='ocrx_word' id='word_1_44' title='bbox 1303 452 1527 495; x_wconf 84' lang='lat' dir='ltr'>valentem</span> <span class='ocrx_word' id='word_1_45' title='bbox 1547 454 1718 495; x_wconf 87' lang='lat' dir='ltr'>videro.</span> 
     </span>
     <span class='ocr_line' id='line_1_7' title="bbox 241 506 1719 564; baseline 0.003 -17"><span class='ocrx_word' id='word_1_46' title='bbox 241 506 419 548; x_wconf 84' lang='lat' dir='ltr'>Summa</span> <span class='ocrx_word' id='word_1_47' title='bbox 448 521 554 548; x_wconf 87' lang='lat' dir='ltr'>cura</span> <span class='ocrx_word' id='word_1_48' title='bbox 583 507 895 561; x_wconf 82' lang='lat' dir='ltr'>exspectabam</span> <span class='ocrx_word' id='word_1_49' title='bbox 926 507 1163 548; x_wconf 84' lang='lat' dir='ltr'>adventum</span> <span class='ocrx_word' id='word_1_50' title='bbox 1193 507 1446 563; x_wconf 78' lang='lat' dir='ltr'>Menandri,</span> <span class='ocrx_word' id='word_1_51' title='bbox 1495 523 1623 564; x_wconf 89' lang='lat' dir='ltr'>quem</span> <span class='ocrx_word' id='word_1_52' title='bbox 1662 511 1719 551; x_wconf 86' lang='lat' dir='ltr'>ad</span> 
     </span>
     <span class='ocr_line' id='line_1_8' title="bbox 240 562 1718 619; baseline 0.002 -17"><span class='ocrx_word' id='word_1_53' title='bbox 240 569 282 602; x_wconf 84' lang='lat' dir='ltr'>te</span> <span class='ocrx_word' id='word_1_54' title='bbox 312 564 534 605; x_wconf 84' lang='lat' dir='ltr'><strong>miseram.</strong></span> <span class='ocrx_word' id='word_1_55' title='bbox 594 563 728 613; x_wconf 80' lang='lat' dir='ltr'>Cura,</span> <span class='ocrx_word' id='word_1_56' title='bbox 770 562 808 602; x_wconf 92' lang='lat' dir='ltr'>si</span> <span class='ocrx_word' id='word_1_57' title='bbox 850 575 920 601; x_wconf 87' lang='lat' dir='ltr'>me</span> <span class='ocrx_word' id='word_1_58' title='bbox 951 562 1124 617; x_wconf 81' lang='lat' dir='ltr'>diligis,</span> <span class='ocrx_word' id='word_1_59' title='bbox 1165 567 1214 603; x_wconf 88' lang='lat' dir='ltr'>ut</span> <span class='ocrx_word' id='word_1_60' title='bbox 1254 566 1429 606; x_wconf 79' lang='lat' dir='ltr'>valeas:</span> <span class='ocrx_word' id='word_1_61' title='bbox 1482 571 1543 615; x_wconf 88' lang='lat' dir='ltr'>et,</span> <span class='ocrx_word' id='word_1_62' title='bbox 1583 579 1718 619; x_wconf 90' lang='lat' dir='ltr'>quum</span> 
     </span>
     <span class='ocr_line' id='line_1_9' title="bbox 237 616 1718 671; baseline 0.002 -13"><span class='ocrx_word' id='word_1_63' title='bbox 237 623 282 658; x_wconf 81' lang='lat' dir='ltr'>te</span> <span class='ocrx_word' id='word_1_64' title='bbox 330 621 440 660; x_wconf 88' lang='lat' dir='ltr'>bene</span> <span class='ocrx_word' id='word_1_65' title='bbox 490 618 782 671; x_wconf 88' lang='lat' dir='ltr'>confirmaris,</span> <span class='ocrx_word' id='word_1_66' title='bbox 832 616 891 658; x_wconf 86' lang='lat' dir='ltr'>ad</span> <span class='ocrx_word' id='word_1_67' title='bbox 945 631 1025 658; x_wconf 87' lang='lat' dir='ltr'>nos</span> <span class='ocrx_word' id='word_1_68' title='bbox 1073 618 1239 660; x_wconf 78' lang='lat' dir='ltr'>venias.</span> <span class='ocrx_word' id='word_1_69' title='bbox 1309 620 1439 662; x_wconf 83' lang='lat' dir='ltr'>Vale.</span> <span class='ocrx_word' id='word_1_70' title='bbox 1509 636 1568 662; x_wconf 78' lang='lat' dir='ltr'>iv.</span> <span class='ocrx_word' id='word_1_71' title='bbox 1610 621 1718 662; x_wconf 86' lang='lat' dir='ltr'>Idus</span> 
     </span>
    </p>
   </div>
   <div class='ocr_carea' id='block_1_5' title="bbox 237 675 380 727">
    <p class='ocr_par' dir='ltr' id='par_1_5' title="bbox 237 675 380 727">
     <span class='ocr_line' id='line_1_10' title="bbox 237 675 380 727; baseline 0.021 -13"><span class='ocrx_word' id='word_1_72' title='bbox 237 675 380 727; x_wconf 84' lang='lat' dir='ltr'>April.</span> 
     </span>
    </p>
   </div>
   <div class='ocr_carea' id='block_1_6' title="bbox 384 865 1557 919">
    <p class='ocr_par' dir='ltr' id='par_1_6' title="bbox 384 865 1557 919">
     <span class='ocr_line' id='line_1_11' title="bbox 384 865 1557 919; baseline -0.001 -10"><span class='ocrx_word' id='word_1_73' title='bbox 384 866 701 910; x_wconf 80' lang='lat' dir='ltr'>EPISTOLA</span> <span class='ocrx_word' id='word_1_74' title='bbox 731 866 994 910; x_wconf 90' lang='lat' dir='ltr'>DCLXIV.</span> <span class='ocrx_word' id='word_1_75' title='bbox 1057 867 1134 919; x_wconf 84' lang='lat' dir='ltr'>(ad</span> <span class='ocrx_word' id='word_1_76' title='bbox 1164 867 1268 909; x_wconf 86' lang='lat' dir='ltr'>Div.</span> <span class='ocrx_word' id='word_1_77' title='bbox 1300 865 1434 907; x_wconf 89' lang='lat' dir='ltr'>XVI.</span> <span class='ocrx_word' id='word_1_78' title='bbox 1468 865 1557 916; x_wconf 68' lang='lat'>14.)</span> 
     </span>
    </p>
   </div>
   <div class='ocr_carea' id='block_1_7' title="bbox 527 941 1419 988">
    <p class='ocr_par' dir='ltr' id='par_1_7' title="bbox 527 941 1419 988">
     <span class='ocr_line' id='line_1_12' title="bbox 527 941 1419 988; baseline 0.002 -12"><span class='ocrx_word' id='word_1_79' title='bbox 527 942 608 976; x_wconf 87' lang='lat' dir='ltr'>Scr.</span> <span class='ocrx_word' id='word_1_80' title='bbox 637 941 764 975; x_wconf 78' lang='lat' dir='ltr'>eodem</span> <span class='ocrx_word' id='word_1_81' title='bbox 791 941 852 976; x_wconf 90' lang='lat' dir='ltr'>die</span> <span class='ocrx_word' id='word_1_82' title='bbox 879 953 954 987; x_wconf 85' lang='lat' dir='ltr'>quo</span> <span class='ocrx_word' id='word_1_83' title='bbox 980 943 1153 988; x_wconf 79' lang='lat' dir='ltr'>proxime</span> <span class='ocrx_word' id='word_1_84' title='bbox 1179 942 1419 978; x_wconf 69' lang='lat' dir='ltr'>antecedens.</span> 
     </span>
    </p>
   </div>
   <div class='ocr_carea' id='block_1_8' title="bbox 237 1009 1711 1096">
    <p class='ocr_par' dir='ltr' id='par_1_8' title="bbox 237 1009 1711 1096">
     <span class='ocr_line' id='line_1_13' title="bbox 237 1009 1711 1059; baseline -0.001 -16"><span class='ocrx_word' id='word_1_85' title='bbox 237 1009 540 1043; x_wconf 74' lang='lat' dir='ltr'>Sollicitudinem</span> <span class='ocrx_word' id='word_1_86' title='bbox 567 1021 670 1043; x_wconf 77' lang='lat' dir='ltr'>suam</span> <span class='ocrx_word' id='word_1_87' title='bbox 697 1009 743 1043; x_wconf 91' lang='lat' dir='ltr'>ob</span> <span class='ocrx_word' id='word_1_88' title='bbox 769 1010 940 1043; x_wconf 88' lang='lat' dir='ltr'>morbum</span> <span class='ocrx_word' id='word_1_89' title='bbox 967 1009 1122 1044; x_wconf 87' lang='lat' dir='ltr'>Tironis</span> <span class='ocrx_word' id='word_1_90' title='bbox 1148 1010 1338 1059; x_wconf 80' lang='lat' dir='ltr'>sig-nificat</span> <span class='ocrx_word' id='word_1_91' title='bbox 1365 1017 1413 1053; x_wconf 73' lang='lat' dir='ltr'>et,</span> <span class='ocrx_word' id='word_1_92' title='bbox 1457 1016 1497 1043; x_wconf 89' lang='lat' dir='ltr'>ut</span> <span class='ocrx_word' id='word_1_93' title='bbox 1523 1009 1711 1043; x_wconf 75' lang='lat' dir='ltr'>valetudi-</span> 
     </span>
     <span class='ocr_line' id='line_1_14' title="bbox 684 1059 1263 1096; baseline 0.007 -6"><span class='ocrx_word' id='word_1_94' title='bbox 684 1069 769 1091; x_wconf 85' lang='lat' dir='ltr'>nem</span> <span class='ocrx_word' id='word_1_95' title='bbox 795 1064 915 1096; x_wconf 71' lang='lat' dir='ltr'>curet,</span> <span class='ocrx_word' id='word_1_96' title='bbox 941 1059 1125 1092; x_wconf 81' lang='lat' dir='ltr'><strong>hortatur.</strong></span> <span class='ocrx_word' id='word_1_97' title='bbox 1160 1061 1263 1094; x_wconf 83' lang='lat'>1-2.</span> 
     </span>
    </p>
   </div>
   <div class='ocr_carea' id='block_1_9' title="bbox 732 1124 1211 1161">
    <p class='ocr_par' dir='ltr' id='par_1_9' title="bbox 732 1124 1211 1161">
     <span class='ocr_line' id='line_1_15' title="bbox 732 1124 1211 1161; baseline 0.006 -3"><span class='ocrx_word' id='word_1_98' title='bbox 732 1124 948 1160; x_wconf 87' lang='lat' dir='ltr'>TULLIUS</span> <span class='ocrx_word' id='word_1_99' title='bbox 975 1125 1148 1161; x_wconf 87' lang='lat' dir='ltr'>TIRONI</span> <span class='ocrx_word' id='word_1_100' title='bbox 1174 1126 1211 1161; x_wconf 91' lang='lat' dir='ltr'>S.</span> 
     </span>
    </p>
   </div>
   <div class='ocr_carea' id='block_1_10' title="bbox 195 1192 1711 1918">
    <p class='ocr_par' dir='ltr' id='par_1_10' title="bbox 231 1192 1711 1529">
     <span class='ocr_line' id='line_1_16' title="bbox 343 1192 1709 1249; baseline -0.002 -14"><span class='ocrx_word' id='word_1_101' title='bbox 343 1193 567 1235; x_wconf 89' lang='lat' dir='ltr'>Andricus</span> <span class='ocrx_word' id='word_1_102' title='bbox 596 1192 817 1247; x_wconf 81' lang='lat' dir='ltr'>postridie</span> <span class='ocrx_word' id='word_1_103' title='bbox 857 1193 916 1234; x_wconf 83' lang='lat' dir='ltr'>ad</span> <span class='ocrx_word' id='word_1_104' title='bbox 944 1208 1013 1235; x_wconf 88' lang='lat' dir='ltr'>me</span> <span class='ocrx_word' id='word_1_105' title='bbox 1042 1194 1182 1245; x_wconf 83' lang='lat' dir='ltr'>venit,</span> <span class='ocrx_word' id='word_1_106' title='bbox 1229 1207 1361 1249; x_wconf 89' lang='lat' dir='ltr'>quam</span> <span class='ocrx_word' id='word_1_107' title='bbox 1390 1195 1709 1247; x_wconf 81' lang='lat' dir='ltr'>exspectaram.</span> 
     </span>
     <span class='ocr_line' id='line_1_17' title="bbox 231 1247 1711 1305; baseline -0.002 -14"><span class='ocrx_word' id='word_1_108' title='bbox 231 1250 389 1305; x_wconf 80' lang='lat' dir='ltr'>Itaque</span> <span class='ocrx_word' id='word_1_109' title='bbox 419 1249 557 1290; x_wconf 87' lang='lat' dir='ltr'>habui</span> <span class='ocrx_word' id='word_1_110' title='bbox 585 1252 760 1289; x_wconf 85' lang='lat' dir='ltr'>noctem</span> <span class='ocrx_word' id='word_1_111' title='bbox 788 1249 965 1303; x_wconf 84' lang='lat' dir='ltr'>plenam</span> <span class='ocrx_word' id='word_1_112' title='bbox 1004 1249 1182 1291; x_wconf 89' lang='lat' dir='ltr'>timoris</span> <span class='ocrx_word' id='word_1_113' title='bbox 1224 1264 1274 1290; x_wconf 87' lang='lat' dir='ltr'>ac</span> <span class='ocrx_word' id='word_1_114' title='bbox 1312 1249 1535 1290; x_wconf 80' lang='lat' dir='ltr'>miseriae.</span> <span class='ocrx_word' id='word_1_115' title='bbox 1595 1247 1711 1289; x_wconf 90' lang='lat' dir='ltr'>Tuis</span> 
     </span>
     <span class='ocr_line' id='line_1_18' title="bbox 231 1303 1711 1360; baseline -0.002 -13"><span class='ocrx_word' id='word_1_116' title='bbox 231 1307 376 1347; x_wconf 85' lang='lat' dir='ltr'>literis</span> <span class='ocrx_word' id='word_1_117' title='bbox 406 1305 555 1345; x_wconf 91' lang='lat' dir='ltr'>nihilo</span> <span class='ocrx_word' id='word_1_118' title='bbox 595 1318 692 1345; x_wconf 88' lang='lat' dir='ltr'>sum</span> <span class='ocrx_word' id='word_1_119' title='bbox 732 1303 880 1346; x_wconf 82' lang='lat' dir='ltr'>factus</span> <span class='ocrx_word' id='word_1_120' title='bbox 919 1305 1099 1359; x_wconf 80' lang='lat' dir='ltr'>certior,</span> <span class='ocrx_word' id='word_1_121' title='bbox 1150 1305 1374 1360; x_wconf 85' lang='lat' dir='ltr'>quomodo</span> <span class='ocrx_word' id='word_1_122' title='bbox 1413 1309 1456 1345; x_wconf 88' lang='lat' dir='ltr'>te</span> <span class='ocrx_word' id='word_1_123' title='bbox 1495 1304 1711 1352; x_wconf 70' lang='lat' dir='ltr'>haberes3</span> 
     </span>
     <span class='ocr_line' id='line_1_19' title="bbox 232 1359 1710 1416; baseline -0.002 -14"><span class='ocrx_word' id='word_1_124' title='bbox 232 1362 310 1402; x_wconf 88' lang='lat' dir='ltr'>sed</span> <span class='ocrx_word' id='word_1_125' title='bbox 339 1367 485 1404; x_wconf 86' lang='lat' dir='ltr'>tamen</span> <span class='ocrx_word' id='word_1_126' title='bbox 513 1373 609 1401; x_wconf 90' lang='lat' dir='ltr'>sum</span> <span class='ocrx_word' id='word_1_127' title='bbox 639 1364 878 1402; x_wconf 85' lang='lat' dir='ltr'>recreatus.</span> <span class='ocrx_word' id='word_1_128' title='bbox 934 1361 1035 1416; x_wconf 84' lang='lat' dir='ltr'>Ego</span> <span class='ocrx_word' id='word_1_129' title='bbox 1065 1362 1184 1402; x_wconf 92' lang='lat' dir='ltr'>omni</span> <span class='ocrx_word' id='word_1_130' title='bbox 1214 1361 1515 1403; x_wconf 84' lang='lat' dir='ltr'>delectatione</span> <span class='ocrx_word' id='word_1_131' title='bbox 1544 1359 1710 1400; x_wconf 86' lang='lat' dir='ltr'>literis-</span> 
     </span>
     <span class='ocr_line' id='line_1_20' title="bbox 231 1416 1709 1472; baseline -0.002 -14"><span class='ocrx_word' id='word_1_132' title='bbox 231 1431 316 1472; x_wconf 89' lang='lat' dir='ltr'>que</span> <span class='ocrx_word' id='word_1_133' title='bbox 345 1416 547 1458; x_wconf 89' lang='lat' dir='ltr'>omnibus</span> <span class='ocrx_word' id='word_1_134' title='bbox 576 1429 734 1465; x_wconf 82' lang='lat' dir='ltr'>care03</span> <span class='ocrx_word' id='word_1_135' title='bbox 764 1429 875 1471; x_wconf 87' lang='lat' dir='ltr'>quas</span> <span class='ocrx_word' id='word_1_136' title='bbox 903 1422 1019 1467; x_wconf 85' lang='lat' dir='ltr'>ante,</span> <span class='ocrx_word' id='word_1_137' title='bbox 1048 1431 1181 1472; x_wconf 85' lang='lat' dir='ltr'>quam</span> <span class='ocrx_word' id='word_1_138' title='bbox 1209 1422 1253 1458; x_wconf 91' lang='lat' dir='ltr'>te</span> <span class='ocrx_word' id='word_1_139' title='bbox 1281 1417 1455 1469; x_wconf 81' lang='lat' dir='ltr'>videro,</span> <span class='ocrx_word' id='word_1_140' title='bbox 1486 1416 1709 1470; x_wconf 84' lang='lat' dir='ltr'>attingere</span> 
     </span>
     <span class='ocr_line' id='line_1_21' title="bbox 231 1470 1707 1529; baseline -0.002 -16"><span class='ocrx_word' id='word_1_141' title='bbox 231 1487 317 1514; x_wconf 87' lang='lat' dir='ltr'>non</span> <span class='ocrx_word' id='word_1_142' title='bbox 345 1486 534 1528; x_wconf 86' lang='lat' dir='ltr'>possum.</span> <span class='ocrx_word' id='word_1_143' title='bbox 582 1471 764 1512; x_wconf 87' lang='lat' dir='ltr'>Medico</span> <span class='ocrx_word' id='word_1_144' title='bbox 793 1472 1030 1525; x_wconf 87' lang='lat' dir='ltr'>mercedis,</span> <span class='ocrx_word' id='word_1_145' title='bbox 1063 1476 1275 1529; x_wconf 84' lang='lat' dir='ltr'>quantum</span> <span class='ocrx_word' id='word_1_146' title='bbox 1306 1476 1475 1528; x_wconf 81' lang='lat' dir='ltr'>poscet,</span> <span class='ocrx_word' id='word_1_147' title='bbox 1504 1470 1707 1526; x_wconf 84' lang='lat' dir='ltr'>promitti</span> 
     </span>
    </p>

    <p class='ocr_par' dir='ltr' id='par_1_11' title="bbox 195 1527 1707 1918">
     <span class='ocr_line' id='line_1_22' title="bbox 195 1527 1707 1583; baseline -0.003 -12"><span class='ocrx_word' id='word_1_148' title='bbox 195 1531 404 1571; x_wconf 75' lang='lat' dir='ltr'>2iubet02</span> <span class='ocrx_word' id='word_1_149' title='bbox 435 1529 483 1568; x_wconf 90' lang='lat' dir='ltr'>id</span> <span class='ocrx_word' id='word_1_150' title='bbox 513 1527 674 1583; x_wconf 89' lang='lat' dir='ltr'>scripsi</span> <span class='ocrx_word' id='word_1_151' title='bbox 703 1528 761 1568; x_wconf 86' lang='lat' dir='ltr'>ad</span> <span class='ocrx_word' id='word_1_152' title='bbox 790 1528 1026 1569; x_wconf 88' lang='lat' dir='ltr'>Ummium.</span> <span class='ocrx_word' id='word_1_153' title='bbox 1098 1529 1249 1570; x_wconf 89' lang='lat' dir='ltr'>Audio</span> <span class='ocrx_word' id='word_1_154' title='bbox 1278 1533 1323 1570; x_wconf 89' lang='lat' dir='ltr'>te</span> <span class='ocrx_word' id='word_1_155' title='bbox 1352 1528 1500 1569; x_wconf 83' lang='lat' dir='ltr'>animo</span> <span class='ocrx_word' id='word_1_156' title='bbox 1529 1528 1633 1582; x_wconf 82' lang='lat' dir='ltr'>angi</span> <span class='ocrx_word' id='word_1_157' title='bbox 1662 1530 1707 1567; x_wconf 90' lang='lat' dir='ltr'>et</span> 
     </span>
     <span class='ocr_line' id='line_1_23' title="bbox 232 1583 1705 1638; baseline -0.001 -13"><span class='ocrx_word' id='word_1_158' title='bbox 232 1585 452 1626; x_wconf 88' lang='lat' dir='ltr'>medicum</span> <span class='ocrx_word' id='word_1_159' title='bbox 481 1583 633 1624; x_wconf 87' lang='lat' dir='ltr'>dicere</span> <span class='ocrx_word' id='word_1_160' title='bbox 672 1597 729 1625; x_wconf 86' lang='lat' dir='ltr'>ex</span> <span class='ocrx_word' id='word_1_161' title='bbox 762 1597 813 1624; x_wconf 89' lang='lat' dir='ltr'>eo</span> <span class='ocrx_word' id='word_1_162' title='bbox 851 1589 894 1624; x_wconf 87' lang='lat' dir='ltr'>te</span> <span class='ocrx_word' id='word_1_163' title='bbox 934 1585 1155 1626; x_wconf 81' lang='lat' dir='ltr'>laborare.</span> <span class='ocrx_word' id='word_1_164' title='bbox 1214 1584 1264 1626; x_wconf 85' lang='lat' dir='ltr'>Si</span> <span class='ocrx_word' id='word_1_165' title='bbox 1304 1597 1373 1625; x_wconf 87' lang='lat' dir='ltr'>me</span> <span class='ocrx_word' id='word_1_166' title='bbox 1414 1583 1588 1638; x_wconf 84' lang='lat' dir='ltr'>diligis,</span> <span class='ocrx_word' id='word_1_167' title='bbox 1627 1595 1705 1623; x_wconf 86' lang='lat' dir='ltr'>ex-</span> 
     </span>
     <span class='ocr_line' id='line_1_24' title="bbox 231 1639 1706 1694; baseline -0.001 -14"><span class='ocrx_word' id='word_1_168' title='bbox 231 1641 324 1682; x_wconf 85' lang='lat' dir='ltr'>cita</span> <span class='ocrx_word' id='word_1_169' title='bbox 372 1654 429 1681; x_wconf 83' lang='lat' dir='ltr'>ex</span> <span class='ocrx_word' id='word_1_170' title='bbox 480 1652 633 1681; x_wconf 89' lang='lat' dir='ltr'>somno</span> <span class='ocrx_word' id='word_1_171' title='bbox 683 1643 783 1680; x_wconf 83' lang='lat' dir='ltr'>tuas</span> <span class='ocrx_word' id='word_1_172' title='bbox 829 1640 986 1681; x_wconf 84' lang='lat' dir='ltr'>literas</span> <span class='ocrx_word' id='word_1_173' title='bbox 1035 1639 1467 1694; x_wconf 80' lang='lat' dir='ltr'>humanitatemque,</span> <span class='ocrx_word' id='word_1_174' title='bbox 1523 1642 1706 1693; x_wconf 87' lang='lat' dir='ltr'>propter</span> 
     </span>
     <span class='ocr_line' id='line_1_25' title="bbox 231 1693 1703 1752; baseline -0.002 -15"><span class='ocrx_word' id='word_1_175' title='bbox 231 1710 361 1751; x_wconf 85' lang='lat' dir='ltr'>quam</span> <span class='ocrx_word' id='word_1_176' title='bbox 392 1695 504 1736; x_wconf 88' lang='lat' dir='ltr'>mihi</span> <span class='ocrx_word' id='word_1_177' title='bbox 534 1709 581 1736; x_wconf 90' lang='lat' dir='ltr'>es</span> <span class='ocrx_word' id='word_1_178' title='bbox 611 1695 881 1736; x_wconf 84' lang='lat' dir='ltr'>carissimus.</span> <span class='ocrx_word' id='word_1_179' title='bbox 940 1696 1069 1737; x_wconf 87' lang='lat' dir='ltr'>Nunc</span> <span class='ocrx_word' id='word_1_180' title='bbox 1106 1710 1216 1752; x_wconf 92' lang='lat' dir='ltr'>opus</span> <span class='ocrx_word' id='word_1_181' title='bbox 1255 1700 1323 1737; x_wconf 88' lang='lat' dir='ltr'>est</span> <span class='ocrx_word' id='word_1_182' title='bbox 1361 1700 1404 1736; x_wconf 88' lang='lat' dir='ltr'>te</span> <span class='ocrx_word' id='word_1_183' title='bbox 1443 1693 1591 1735; x_wconf 85' lang='lat' dir='ltr'>animo</span> <span class='ocrx_word' id='word_1_184' title='bbox 1627 1708 1703 1735; x_wconf 83' lang='lat' dir='ltr'>va-</span> 
     </span>
     <span class='ocr_line' id='line_1_26' title="bbox 230 1751 1705 1807; baseline -0.001 -14"><span class='ocrx_word' id='word_1_185' title='bbox 230 1754 339 1801; x_wconf 87' lang='lat' dir='ltr'>lere,</span> <span class='ocrx_word' id='word_1_186' title='bbox 380 1756 428 1792; x_wconf 89' lang='lat' dir='ltr'>ut</span> <span class='ocrx_word' id='word_1_187' title='bbox 458 1764 644 1806; x_wconf 88' lang='lat' dir='ltr'>corpore</span> <span class='ocrx_word' id='word_1_188' title='bbox 672 1752 831 1806; x_wconf 87' lang='lat' dir='ltr'>possis.</span> <span class='ocrx_word' id='word_1_189' title='bbox 900 1751 952 1792; x_wconf 90' lang='lat' dir='ltr'>Id</span> <span class='ocrx_word' id='word_1_190' title='bbox 992 1765 1126 1807; x_wconf 90' lang='lat' dir='ltr'>quum</span> <span class='ocrx_word' id='word_1_191' title='bbox 1165 1756 1258 1803; x_wconf 82' lang='lat' dir='ltr'>tua,</span> <span class='ocrx_word' id='word_1_192' title='bbox 1305 1755 1398 1792; x_wconf 90' lang='lat' dir='ltr'>tum</span> <span class='ocrx_word' id='word_1_193' title='bbox 1436 1764 1534 1791; x_wconf 89' lang='lat' dir='ltr'>mea</span> <span class='ocrx_word' id='word_1_194' title='bbox 1572 1763 1705 1792; x_wconf 82' lang='lat' dir='ltr'>causa</span> 
     </span>
     <span class='ocr_line' id='line_1_27' title="bbox 229 1806 1702 1862; baseline -0.001 -15"><span class='ocrx_word' id='word_1_195' title='bbox 229 1808 383 1854; x_wconf 74' lang='lat' dir='ltr'>facias,v</span> <span class='ocrx_word' id='word_1_196' title='bbox 417 1821 441 1846; x_wconf 82' lang='lat' dir='ltr'>a</span> <span class='ocrx_word' id='word_1_197' title='bbox 470 1811 513 1848; x_wconf 91' lang='lat' dir='ltr'>te</span> <span class='ocrx_word' id='word_1_198' title='bbox 541 1810 660 1862; x_wconf 86' lang='lat' dir='ltr'>peto.</span> <span class='ocrx_word' id='word_1_199' title='bbox 718 1807 928 1848; x_wconf 82' lang='lat' dir='ltr'>Acastum</span> <span class='ocrx_word' id='word_1_200' title='bbox 965 1808 1121 1860; x_wconf 89' lang='lat' dir='ltr'>retine,</span> <span class='ocrx_word' id='word_1_201' title='bbox 1167 1821 1256 1862; x_wconf 90' lang='lat' dir='ltr'>quo</span> <span class='ocrx_word' id='word_1_202' title='bbox 1298 1806 1576 1848; x_wconf 87' lang='lat' dir='ltr'>commodius</span> <span class='ocrx_word' id='word_1_203' title='bbox 1617 1806 1702 1847; x_wconf 89' lang='lat' dir='ltr'>tibi</span> 
     </span>
     <span class='ocr_line' id='line_1_28' title="bbox 226 1862 1701 1918; baseline 0 -15"><span class='ocrx_word' id='word_1_204' title='bbox 226 1863 515 1904; x_wconf 88' lang='lat' dir='ltr'>ministretur.</span> <span class='ocrx_word' id='word_1_205' title='bbox 575 1862 804 1905; x_wconf 84' lang='lat' dir='ltr'>Conserva</span> <span class='ocrx_word' id='word_1_206' title='bbox 832 1866 876 1904; x_wconf 90' lang='lat' dir='ltr'>te</span> <span class='ocrx_word' id='word_1_207' title='bbox 906 1863 1044 1905; x_wconf 83' lang='lat' dir='ltr'>mihi:</span> <span class='ocrx_word' id='word_1_208' title='bbox 1074 1864 1171 1905; x_wconf 89' lang='lat' dir='ltr'>dies</span> <span class='ocrx_word' id='word_1_209' title='bbox 1200 1862 1520 1918; x_wconf 85' lang='lat' dir='ltr'>promissorum</span> <span class='ocrx_word' id='word_1_210' title='bbox 1550 1862 1701 1911; x_wconf 79' lang='lat' dir='ltr'>adest3</span> 
     </span>
    </p>
   </div>
   <div class='ocr_carea' id='block_1_11' title="bbox 221 2018 1698 2161">
    <p class='ocr_par' dir='ltr' id='par_1_12' title="bbox 221 2018 1698 2161">
     <span class='ocr_line' id='line_1_29' title="bbox 321 2018 1697 2066; baseline -0.001 -12"><span class='ocrx_word' id='word_1_211' title='bbox 321 2023 352 2055; x_wconf 91' lang='lat'>1.</span> <span class='ocrx_word' id='word_1_212' title='bbox 402 2020 618 2061; x_wconf 77' lang='lat' dir='ltr'>Menandri,</span> <span class='ocrx_word' id='word_1_213' title='bbox 644 2030 712 2065; x_wconf 90' lang='lat' dir='ltr'>pro</span> <span class='ocrx_word' id='word_1_214' title='bbox 739 2030 813 2063; x_wconf 88' lang='lat' dir='ltr'>quo</span> <span class='ocrx_word' id='word_1_215' title='bbox 838 2019 1025 2052; x_wconf 71' lang='lat' dir='ltr'>adventum</span> <span class='ocrx_word' id='word_1_216' title='bbox 1058 2018 1219 2052; x_wconf 70' lang='lat' dir='ltr'>Andr-ici</span> <span class='ocrx_word' id='word_1_217' title='bbox 1241 2018 1548 2066; x_wconf 80' lang='lat' dir='ltr'>Engelbronneri</span> <span class='ocrx_word' id='word_1_218' title='bbox 1575 2019 1615 2052; x_wconf 90' lang='lat' dir='ltr'>in</span> <span class='ocrx_word' id='word_1_219' title='bbox 1641 2019 1697 2054; x_wconf 89' lang='lat' dir='ltr'>M.</span> 
     </span>
     <span class='ocr_line' id='line_1_30' title="bbox 225 2066 1698 2113; baseline -0.001 -12"><span class='ocrx_word' id='word_1_220' title='bbox 225 2069 341 2102; x_wconf 73' lang='lat' dir='ltr'>Tullio</span> <span class='ocrx_word' id='word_1_221' title='bbox 370 2069 447 2101; x_wconf 71' lang='lat' dir='ltr'>Tir.</span> <span class='ocrx_word' id='word_1_222' title='bbox 477 2080 515 2113; x_wconf 86' lang='lat' dir='ltr'>p.</span> <span class='ocrx_word' id='word_1_223' title='bbox 544 2070 599 2103; x_wconf 89' lang='lat'>15.</span> <span class='ocrx_word' id='word_1_224' title='bbox 627 2067 789 2112; x_wconf 85' lang='lat' dir='ltr'>suspicio</span> <span class='ocrx_word' id='word_1_225' title='bbox 814 2066 915 2101; x_wconf 83' lang='lat' dir='ltr'>haud</span> <span class='ocrx_word' id='word_1_226' title='bbox 941 2067 1216 2112; x_wconf 84' lang='lat' dir='ltr'>improbabilis.</span> <span class='ocrx_word' id='word_1_227' title='bbox 1264 2067 1390 2100; x_wconf 83' lang='lat' dir='ltr'>Potius</span> <span class='ocrx_word' id='word_1_228' title='bbox 1426 2068 1462 2101; x_wconf 90' lang='lat' dir='ltr'>h.</span> <span class='ocrx_word' id='word_1_229' title='bbox 1497 2067 1522 2100; x_wconf 88' lang='lat' dir='ltr'>l.</span> <span class='ocrx_word' id='word_1_230' title='bbox 1559 2078 1698 2101; x_wconf 87' lang='lat' dir='ltr'>nomen</span> 
     </span>
     <span class='ocr_line' id='line_1_31' title="bbox 221 2114 1696 2161; baseline -0.001 -12"><span class='ocrx_word' id='word_1_231' title='bbox 221 2123 442 2161; x_wconf 84' lang='lat' dir='ltr'>corruptum</span> <span class='ocrx_word' id='word_1_232' title='bbox 484 2128 596 2161; x_wconf 88' lang='lat' dir='ltr'>quam</span> <span class='ocrx_word' id='word_1_233' title='bbox 635 2116 745 2150; x_wconf 84' lang='lat' dir='ltr'>initio</span> <span class='ocrx_word' id='word_1_234' title='bbox 777 2116 848 2160; x_wconf 75' lang='lat' dir='ltr'>Ep.</span> <span class='ocrx_word' id='word_1_235' title='bbox 890 2126 967 2159; x_wconf 84' lang='lat' dir='ltr'>seq.</span> <span class='ocrx_word' id='word_1_236' title='bbox 1010 2115 1205 2149; x_wconf 81' lang='lat' dir='ltr'>Andricus.</span> <span class='ocrx_word' id='word_1_237' title='bbox 1242 2114 1435 2148; x_wconf 85' lang='lat' dir='ltr'>ORELLI.</span> <span class='ocrx_word' id='word_1_238' title='bbox 1473 2133 1515 2138; x_wconf 95' lang='lat'><strong>—</strong></span> <span class='ocrx_word' id='word_1_239' title='bbox 1541 2115 1613 2150; x_wconf 86' lang='lat' dir='ltr'>IV.</span> <span class='ocrx_word' id='word_1_240' title='bbox 1638 2116 1696 2149; x_wconf 87' lang='lat' dir='ltr'>Id.</span> 
     </span>
    </p>
   </div>
   <div class='ocr_carea' id='block_1_12' title="bbox 219 2162 1766 2258">
    <p class='ocr_par' dir='ltr' id='par_1_13' title="bbox 219 2162 1766 2258">
     <span class='ocr_line' id='line_1_32' title="bbox 221 2162 1766 2209; baseline -0.001 -12"><span class='ocrx_word' id='word_1_241' title='bbox 221 2164 360 2207; x_wconf 68' lang='lat' dir='ltr'>April„</span> <span class='ocrx_word' id='word_1_242' title='bbox 388 2176 446 2198; x_wconf 81' lang='lat' dir='ltr'>am</span> <span class='ocrx_word' id='word_1_243' title='bbox 475 2166 528 2198; x_wconf 93' lang='grc'><strong>10.</strong></span> <span class='ocrx_word' id='word_1_244' title='bbox 554 2163 676 2209; x_wconf 84' lang='lat' dir='ltr'>April.</span> <span class='ocrx_word' id='word_1_245' title='bbox 726 2164 828 2197; x_wconf 81' lang='lat' dir='ltr'>Haec</span> <span class='ocrx_word' id='word_1_246' title='bbox 864 2163 1021 2209; x_wconf 86' lang='lat' dir='ltr'>epistola</span> <span class='ocrx_word' id='word_1_247' title='bbox 1055 2162 1248 2197; x_wconf 87' lang='lat' dir='ltr'>commode</span> <span class='ocrx_word' id='word_1_248' title='bbox 1285 2164 1453 2196; x_wconf 86' lang='lat' dir='ltr'>refertur</span> <span class='ocrx_word' id='word_1_249' title='bbox 1488 2175 1573 2196; x_wconf 87' lang='lat' dir='ltr'>cum</span> <span class='ocrx_word' id='word_1_250' title='bbox 1608 2174 1693 2208; x_wconf 86' lang='lat' dir='ltr'>epp.</span> <span class='ocrx_word' id='word_1_251' title='bbox 1763 2162 1766 2181; x_wconf 57' lang='grc' dir='ltr'>ἶ</span> 
     </span>
     <span class='ocr_line' id='line_1_33' title="bbox 219 2210 1765 2258; baseline -0.002 -11"><span class='ocrx_word' id='word_1_252' title='bbox 219 2213 299 2247; x_wconf 81' lang='grc'><strong>664.</strong></span> <span class='ocrx_word' id='word_1_253' title='bbox 330 2215 409 2248; x_wconf 89' lang='grc'><strong>665.</strong></span> <span class='ocrx_word' id='word_1_254' title='bbox 444 2214 523 2247; x_wconf 86' lang='grc'><strong>666.</strong></span> <span class='ocrx_word' id='word_1_255' title='bbox 559 2214 642 2248; x_wconf 88' lang='grc'><strong>667.</strong></span> <span class='ocrx_word' id='word_1_256' title='bbox 687 2211 732 2245; x_wconf 87' lang='lat' dir='ltr'>ad</span> <span class='ocrx_word' id='word_1_257' title='bbox 763 2224 795 2246; x_wconf 86' lang='lat' dir='ltr'>a.</span> <span class='ocrx_word' id='word_1_258' title='bbox 829 2223 865 2245; x_wconf 91' lang='lat' dir='ltr'>u.</span> <span class='ocrx_word' id='word_1_259' title='bbox 902 2223 932 2245; x_wconf 89' lang='lat' dir='ltr'>c.</span> <span class='ocrx_word' id='word_1_260' title='bbox 962 2213 1044 2254; x_wconf 86' lang='grc'><strong>700,</strong></span> <span class='ocrx_word' id='word_1_261' title='bbox 1087 2221 1159 2256; x_wconf 87' lang='lat' dir='ltr'>quo</span> <span class='ocrx_word' id='word_1_262' title='bbox 1196 2222 1290 2244; x_wconf 79' lang='lat' dir='ltr'>anno</span> <span class='ocrx_word' id='word_1_263' title='bbox 1323 2210 1415 2244; x_wconf 87' lang='lat' dir='ltr'>Tiro</span> <span class='ocrx_word' id='word_1_264' title='bbox 1448 2211 1696 2244; x_wconf 84' lang='lat' dir='ltr'>manumissus</span> <span class='ocrx_word' id='word_1_265' title='bbox 1762 2240 1765 2258; x_wconf 22' lang='grc' dir='ltr'>Δ,</span> 
     </span>
    </p>
   </div>
   <div class='ocr_carea' id='block_1_13' title="bbox 222 2260 447 2294">
    <p class='ocr_par' dir='ltr' id='par_1_14' title="bbox 222 2260 447 2294">
     <span class='ocr_line' id='line_1_34' title="bbox 222 2260 447 2294; baseline 0.009 -2"><span class='ocrx_word' id='word_1_266' title='bbox 222 2267 288 2294; x_wconf 83' lang='lat' dir='ltr'>est.</span> <span class='ocrx_word' id='word_1_267' title='bbox 340 2260 447 2294; x_wconf 85' lang='lat' dir='ltr'>SCH.</span> 
     </span>
    </p>
   </div>
   <div class='ocr_carea' id='block_1_14' title="bbox 217 2306 1762 2457">
    <p class='ocr_par' dir='ltr' id='par_1_15' title="bbox 217 2306 1762 2457">
     <span class='ocr_line' id='line_1_35' title="bbox 315 2306 1762 2365; baseline -0.003 -4"><span class='ocrx_word' id='word_1_268' title='bbox 315 2328 346 2362; x_wconf 91' lang='lat'>1.</span> <span class='ocrx_word' id='word_1_269' title='bbox 398 2328 592 2361; x_wconf 80' lang='lat' dir='ltr'>Andricus.</span> <span class='ocrx_word' id='word_1_270' title='bbox 628 2327 706 2361; x_wconf 85' lang='lat' dir='ltr'>Bas.</span> <span class='ocrx_word' id='word_1_271' title='bbox 735 2326 824 2362; x_wconf 82' lang='lat' dir='ltr'>C2d.</span> <span class='ocrx_word' id='word_1_272' title='bbox 856 2326 1054 2360; x_wconf 86' lang='lat' dir='ltr'>Benedicti</span> <span class='ocrx_word' id='word_1_273' title='bbox 1079 2325 1344 2365; x_wconf 51' lang='lat' dir='ltr'>Menandriun</span> <span class='ocrx_word' id='word_1_274' title='bbox 1382 2337 1400 2359; x_wconf 91' lang='lat' dir='ltr'>e</span> <span class='ocrx_word' id='word_1_275' title='bbox 1427 2325 1510 2360; x_wconf 87' lang='lat' dir='ltr'>cod.</span> <span class='ocrx_word' id='word_1_276' title='bbox 1536 2324 1694 2359; x_wconf 83' lang='lat' dir='ltr'>Manutii</span> <span class='ocrx_word' id='word_1_277' title='bbox 1761 2306 1762 2310; x_wconf 13' lang='grc' dir='ltr'><strong>Ἰ</strong></span> 
     </span>
     <span class='ocr_line' id='line_1_36' title="bbox 217 2373 1761 2418; baseline -0.001 -11"><span class='ocrx_word' id='word_1_278' title='bbox 217 2374 305 2409; x_wconf 82' lang='lat' dir='ltr'>Sch.</span> <span class='ocrx_word' id='word_1_279' title='bbox 333 2376 426 2408; x_wconf 82' lang='lat' dir='ltr'>Liin.</span> <span class='ocrx_word' id='word_1_280' title='bbox 455 2376 691 2409; x_wconf 80' lang='lat' dir='ltr'>Menandrus.</span> <span class='ocrx_word' id='word_1_281' title='bbox 728 2374 928 2409; x_wconf 82' lang='lat' dir='ltr'>ORELLI.</span> <span class='ocrx_word' id='word_1_282' title='bbox 953 2394 1000 2401; x_wconf 91' lang='lat'>—-</span> <span class='ocrx_word' id='word_1_283' title='bbox 1030 2375 1177 2409; x_wconf 83' lang='lat' dir='ltr'>Medico</span> <span class='ocrx_word' id='word_1_284' title='bbox 1203 2373 1432 2409; x_wconf 82' lang='lat' dir='ltr'>Metrodoro.</span> <span class='ocrx_word' id='word_1_285' title='bbox 1459 2373 1496 2407; x_wconf 90' lang='lat' dir='ltr'>S.</span> <span class='ocrx_word' id='word_1_286' title='bbox 1525 2385 1584 2418; x_wconf 87' lang='lat' dir='ltr'>ep.</span> <span class='ocrx_word' id='word_1_287' title='bbox 1611 2374 1691 2409; x_wconf 83' lang='lat'>662.</span> <span class='ocrx_word' id='word_1_288' title='bbox 1760 2374 1761 2377; x_wconf 74' lang='grc'>’</span> 
     </span>
     <span class='ocr_line' id='line_1_37' title="bbox 217 2423 643 2457; baseline 0 -2"><span class='ocrx_word' id='word_1_289' title='bbox 217 2442 260 2448; x_wconf 85' lang='lat'>—</span> <span class='ocrx_word' id='word_1_290' title='bbox 286 2423 459 2457; x_wconf 82' lang='lat' dir='ltr'>mercedis</span> <span class='ocrx_word' id='word_1_291' title='bbox 485 2429 643 2457; x_wconf 85' lang='lat' dir='ltr'>tantum.</span> 
     </span>
    </p>
   </div>
   <div class='ocr_carea' id='block_1_15' title="bbox 216 2487 1753 2583">
    <p class='ocr_par' dir='ltr' id='par_1_16' title="bbox 216 2487 1753 2583">
     <span class='ocr_line' id='line_1_38' title="bbox 311 2487 1690 2535; baseline -0.005 -9"><span class='ocrx_word' id='word_1_292' title='bbox 311 2492 343 2526; x_wconf 84' lang='lat'>2.</span> <span class='ocrx_word' id='word_1_293' title='bbox 394 2491 523 2524; x_wconf 75' lang='lat' dir='ltr'>literas</span> <span class='ocrx_word' id='word_1_294' title='bbox 547 2489 873 2535; x_wconf 76' lang='lat' dir='ltr'>humanitatemque</span> <span class='ocrx_word' id='word_1_295' title='bbox 898 2495 986 2524; x_wconf 62' lang='grc' dir='ltr'>εἰᾶτε</span> <span class='ocrx_word' id='word_1_296' title='bbox 1011 2489 1141 2523; x_wconf 82' lang='lat' dir='ltr'>literas</span> <span class='ocrx_word' id='word_1_297' title='bbox 1168 2488 1419 2522; x_wconf 84' lang='lat' dir='ltr'>humaniores.</span> <span class='ocrx_word' id='word_1_298' title='bbox 1465 2487 1563 2522; x_wconf 85' lang='lat' dir='ltr'>Eine</span> <span class='ocrx_word' id='word_1_299' title='bbox 1588 2488 1690 2521; x_wconf 85' lang='lat' dir='ltr'>Hen-</span> 
     </span>
     <span class='ocr_line' id='line_1_39' title="bbox 216 2536 1753 2583; baseline -0.002 -12"><span class='ocrx_word' id='word_1_300' title='bbox 216 2538 358 2583; x_wconf 84' lang='lat' dir='ltr'>diadys.</span> <span class='ocrx_word' id='word_1_301' title='bbox 386 2538 585 2573; x_wconf 82' lang='lat' dir='ltr'>Vertreibe</span> <span class='ocrx_word' id='word_1_302' title='bbox 610 2538 681 2572; x_wconf 85' lang='lat' dir='ltr'>Dir</span> <span class='ocrx_word' id='word_1_303' title='bbox 705 2536 829 2572; x_wconf 84' lang='lat' dir='ltr'>durch</span> <span class='ocrx_word' id='word_1_304' title='bbox 854 2538 974 2572; x_wconf 88' lang='lat' dir='ltr'>Deine</span> <span class='ocrx_word' id='word_1_305' title='bbox 999 2537 1156 2571; x_wconf 88' lang='lat' dir='ltr'>Studien</span> <span class='ocrx_word' id='word_1_306' title='bbox 1183 2537 1243 2570; x_wconf 89' lang='lat' dir='ltr'>die</span> <span class='ocrx_word' id='word_1_307' title='bbox 1268 2536 1594 2570; x_wconf 81' lang='lat' dir='ltr'>Bekiimmernisse</span> <span class='ocrx_word' id='word_1_308' title='bbox 1625 2547 1689 2569; x_wconf 88' lang='lat' dir='ltr'>aus</span> <span class='ocrx_word' id='word_1_309' title='bbox 1751 2576 1753 2581; x_wconf 67' lang='lat'>,</span> 
     </span>
    </p>
   </div>
   <div class='ocr_carea' id='block_1_16' title="bbox 217 2584 1754 2631">
    <p class='ocr_par' dir='ltr' id='par_1_17' title="bbox 217 2584 1754 2631">
     <span class='ocr_line' id='line_1_40' title="bbox 217 2584 1754 2631; baseline -0.003 -12"><span class='ocrx_word' id='word_1_310' title='bbox 217 2587 302 2620; x_wconf 82' lang='lat' dir='ltr'>dem</span> <span class='ocrx_word' id='word_1_311' title='bbox 329 2586 533 2620; x_wconf 82' lang='lat' dir='ltr'>Gemiithe.</span> <span class='ocrx_word' id='word_1_312' title='bbox 581 2605 628 2611; x_wconf 97' lang='lat'>—</span> <span class='ocrx_word' id='word_1_313' title='bbox 675 2590 713 2619; x_wconf 78' lang='lat' dir='ltr'>ut</span> <span class='ocrx_word' id='word_1_314' title='bbox 745 2596 900 2631; x_wconf 84' lang='lat' dir='ltr'>corpore</span> <span class='ocrx_word' id='word_1_315' title='bbox 935 2586 1054 2630; x_wconf 77' lang='lat' dir='ltr'>possis</span> <span class='ocrx_word' id='word_1_316' title='bbox 1090 2584 1170 2618; x_wconf 89' lang='lat' dir='ltr'>scil.</span> <span class='ocrx_word' id='word_1_317' title='bbox 1211 2586 1350 2618; x_wconf 86' lang='lat' dir='ltr'>valere.</span> <span class='ocrx_word' id='word_1_318' title='bbox 1385 2585 1504 2628; x_wconf 80' lang='lat' dir='ltr'>possis</span> <span class='ocrx_word' id='word_1_319' title='bbox 1533 2594 1689 2627; x_wconf 83' lang='lat' dir='ltr'>corpore</span> <span class='ocrx_word' id='word_1_320' title='bbox 1753 2594 1754 2599; x_wconf 57' lang='lat'>¹</span> 
     </span>
    </p>
   </div>
   <div class='ocr_carea' id='block_1_17' title="bbox 214 2632 1751 2772">
    <p class='ocr_par' dir='ltr' id='par_1_18' title="bbox 214 2632 1751 2772">
     <span class='ocr_line' id='line_1_41' title="bbox 216 2632 1688 2679; baseline -0.003 -11"><span class='ocrx_word' id='word_1_321' title='bbox 216 2635 309 2668; x_wconf 85' lang='lat' dir='ltr'>Ern.</span> <span class='ocrx_word' id='word_1_322' title='bbox 352 2646 452 2679; x_wconf 89' lang='lat' dir='ltr'>susp.</span> <span class='ocrx_word' id='word_1_323' title='bbox 499 2635 672 2668; x_wconf 77' lang='lat' dir='ltr'>firmatur</span> <span class='ocrx_word' id='word_1_324' title='bbox 718 2634 783 2668; x_wconf 89' lang='lat' dir='ltr'>Cd.</span> <span class='ocrx_word' id='word_1_325' title='bbox 828 2632 1010 2667; x_wconf 83' lang='lat' dir='ltr'>Santenii.</span> <span class='ocrx_word' id='word_1_326' title='bbox 1053 2633 1126 2667; x_wconf 87' lang='lat' dir='ltr'>cfr.</span> <span class='ocrx_word' id='word_1_327' title='bbox 1162 2633 1211 2665; x_wconf 87' lang='lat' dir='ltr'>ad</span> <span class='ocrx_word' id='word_1_328' title='bbox 1250 2634 1501 2666; x_wconf 82' lang='lat' dir='ltr'>Terentianum</span> <span class='ocrx_word' id='word_1_329' title='bbox 1532 2644 1569 2677; x_wconf 92' lang='lat' dir='ltr'>p.</span> <span class='ocrx_word' id='word_1_330' title='bbox 1608 2633 1688 2666; x_wconf 83' lang='lat'>280.</span> 
     </span>
     <span class='ocr_line' id='line_1_42' title="bbox 217 2679 1751 2725; baseline -0.001 -11"><span class='ocrx_word' id='word_1_331' title='bbox 217 2681 410 2716; x_wconf 81' lang='lat' dir='ltr'>ORELLI.</span> <span class='ocrx_word' id='word_1_332' title='bbox 452 2700 494 2706; x_wconf 90' lang='lat'>——-</span> <span class='ocrx_word' id='word_1_333' title='bbox 537 2683 613 2716; x_wconf 80' lang='lat' dir='ltr'>dies</span> <span class='ocrx_word' id='word_1_334' title='bbox 634 2692 747 2725; x_wconf 87' lang='lat' dir='ltr'>prom.</span> <span class='ocrx_word' id='word_1_335' title='bbox 772 2681 876 2715; x_wconf 82' lang='lat' dir='ltr'>adest</span> <span class='ocrx_word' id='word_1_336' title='bbox 905 2680 946 2715; x_wconf 86' lang='lat' dir='ltr'>h.</span> <span class='ocrx_word' id='word_1_337' title='bbox 975 2692 1004 2714; x_wconf 89' lang='lat' dir='ltr'>e.</span> <span class='ocrx_word' id='word_1_338' title='bbox 1036 2681 1328 2714; x_wconf 84' lang='lat' dir='ltr'>manumittendi</span> <span class='ocrx_word' id='word_1_339' title='bbox 1354 2680 1515 2713; x_wconf 86' lang='lat' dir='ltr'>Tironis.</span> <span class='ocrx_word' id='word_1_340' title='bbox 1555 2679 1688 2713; x_wconf 86' lang='lat' dir='ltr'>Cicero</span> <span class='ocrx_word' id='word_1_341' title='bbox 1750 2686 1751 2689; x_wconf 77' lang='grc'>’</span> 
     </span>
     <span class='ocr_line' id='line_1_43' title="bbox 214 2726 1685 2772; baseline -0.003 -9"><span class='ocrx_word' id='word_1_342' title='bbox 214 2730 316 2763; x_wconf 82' lang='lat' dir='ltr'>enim</span> <span class='ocrx_word' id='word_1_343' title='bbox 342 2729 522 2764; x_wconf 87' lang='lat' dir='ltr'>Tironem</span> <span class='ocrx_word' id='word_1_344' title='bbox 558 2741 655 2764; x_wconf 84' lang='lat' dir='ltr'>anno</span> <span class='ocrx_word' id='word_1_345' title='bbox 691 2732 760 2765; x_wconf 91' lang='grc'>700</span> <span class='ocrx_word' id='word_1_346' title='bbox 791 2729 1051 2763; x_wconf 83' lang='lat' dir='ltr'>manumisisse</span> <span class='ocrx_word' id='word_1_347' title='bbox 1085 2728 1245 2763; x_wconf 80' lang='lat' dir='ltr'>videtur.</span> <span class='ocrx_word' id='word_1_348' title='bbox 1299 2729 1358 2762; x_wconf 85' lang='lat' dir='ltr'>Cf.</span> <span class='ocrx_word' id='word_1_349' title='bbox 1395 2727 1497 2761; x_wconf 81' lang='lat' dir='ltr'>Matii</span> <span class='ocrx_word' id='word_1_350' title='bbox 1531 2726 1685 2772; x_wconf 82' lang='lat' dir='ltr'>Opinio-</span> 
     </span>
    </p>
   </div>
   <div class='ocr_carea' id='block_1_18' title="bbox 1752 1154 1795 3086">
    <p class='ocr_par' dir='ltr' id='par_1_19' title="bbox 1752 1154 1795 3086">
     <span class='ocr_line' id='line_1_44' title="bbox 1752 1154 1795 3086; baseline 0 0"><span class='ocrx_word' id='word_1_351' title='bbox 1752 1154 1795 3086; x_wconf 95' lang='lat' dir='ltr'> </span> 
     </span>
    </p>
   </div>
  </div>
 </body>
</html>
