<?xml version="1.0" encoding="UTF-8"?>
<!DOCTYPE html PUBLIC "-//W3C//DTD XHTML 1.0 Transitional//EN"
    "http://www.w3.org/TR/xhtml1/DTD/xhtml1-transitional.dtd">
<html xmlns="http://www.w3.org/1999/xhtml" xml:lang="en" lang="en">
 <head>
  <title>
</title>
<meta http-equiv="Content-Type" content="text/html;charset=utf-8" />
  <meta name='ocr-system' content='tesseract 3.04.00' />
  <meta name='ocr-capabilities' content='ocr_page ocr_carea ocr_par ocr_line ocrx_word'/>
</head>
<body>
  <div class='ocr_page' id='page_1' title='image "./epistolaeadattic04ciceuoft_0358.png"; bbox 0 0 1795 3086; ppageno 0'>
   <div class='ocr_carea' id='block_1_1' title="bbox 214 67 1429 119">
    <p class='ocr_par' dir='ltr' id='par_1_1' title="bbox 214 67 1429 119">
     <span class='ocr_line' id='line_1_1' title="bbox 214 67 1429 119; baseline 0.003 -5"><span class='ocrx_word' id='word_1_1' title='bbox 214 67 308 115; x_wconf 74' lang='lat'><strong>348</strong></span> <span class='ocrx_word' id='word_1_2' title='bbox 495 71 557 113; x_wconf 91' lang='grc' dir='ltr'><strong>Μ.</strong></span> <span class='ocrx_word' id='word_1_3' title='bbox 590 71 646 114; x_wconf 90' lang='grc' dir='ltr'><strong>Τ.</strong></span> <span class='ocrx_word' id='word_1_4' title='bbox 681 69 1025 117; x_wconf 83' lang='lat' dir='ltr'>CICERONIS</span> <span class='ocrx_word' id='word_1_5' title='bbox 1056 73 1429 119; x_wconf 87' lang='lat' dir='ltr'>EPISTOLAE.</span> 
     </span>
    </p>
   </div>
   <div class='ocr_carea' id='block_1_2' title="bbox 209 182 1699 634">
    <p class='ocr_par' dir='ltr' id='par_1_2' title="bbox 209 182 1699 634">
     <span class='ocr_line' id='line_1_2' title="bbox 215 182 1699 244; baseline 0.005 -21"><span class='ocrx_word' id='word_1_6' title='bbox 215 195 376 223; x_wconf 89' lang='lat' dir='ltr'><strong>norum</strong></span> <span class='ocrx_word' id='word_1_7' title='bbox 409 182 571 224; x_wconf 88' lang='lat' dir='ltr'><strong>salutis</strong></span> <span class='ocrx_word' id='word_1_8' title='bbox 611 186 744 237; x_wconf 86' lang='lat' dir='ltr'><strong>atque</strong></span> <span class='ocrx_word' id='word_1_9' title='bbox 784 183 1105 228; x_wconf 80' lang='lat' dir='ltr'><strong>incolumitatis</strong></span> <span class='ocrx_word' id='word_1_10' title='bbox 1146 200 1324 229; x_wconf 87' lang='lat' dir='ltr'><strong>causam</strong></span> <span class='ocrx_word' id='word_1_11' title='bbox 1364 188 1605 244; x_wconf 80' lang='lat' dir='ltr'><strong>suscipere,</strong></span> <span class='ocrx_word' id='word_1_12' title='bbox 1653 197 1699 231; x_wconf 84' lang='lat' dir='ltr'><strong>ut</strong></span> 
     </span>
     <span class='ocr_line' id='line_1_3' title="bbox 213 238 1698 296; baseline 0.004 -16"><span class='ocrx_word' id='word_1_13' title='bbox 213 251 320 280; x_wconf 82' lang='lat' dir='ltr'><strong>vere</strong></span> <span class='ocrx_word' id='word_1_14' title='bbox 350 238 511 284; x_wconf 82' lang='lat' dir='ltr'><strong>dicam,</strong></span> <span class='ocrx_word' id='word_1_15' title='bbox 540 238 700 292; x_wconf 71' lang='lat' dir='ltr'><strong>coegit.</strong></span> <span class='ocrx_word' id='word_1_16' title='bbox 759 239 812 280; x_wconf 92' lang='lat' dir='ltr'><strong>In</strong></span> <span class='ocrx_word' id='word_1_17' title='bbox 843 255 932 296; x_wconf 84' lang='lat' dir='ltr'><strong>qua</strong></span> <span class='ocrx_word' id='word_1_18' title='bbox 972 255 1018 283; x_wconf 89' lang='lat' dir='ltr'><strong>re</strong></span> <span class='ocrx_word' id='word_1_19' title='bbox 1048 256 1130 296; x_wconf 84' lang='lat' dir='ltr'><strong>ego</strong></span> <span class='ocrx_word' id='word_1_20' title='bbox 1160 258 1254 291; x_wconf 86' lang='lat' dir='ltr'><strong>vos,</strong></span> <span class='ocrx_word' id='word_1_21' title='bbox 1299 244 1461 285; x_wconf 82' lang='lat' dir='ltr'><strong>Patres</strong></span> <span class='ocrx_word' id='word_1_22' title='bbox 1500 246 1698 286; x_wconf 89' lang='lat' dir='ltr'><strong>conscri-</strong></span> 
     </span>
     <span class='ocr_line' id='line_1_4' title="bbox 215 295 1696 353; baseline 0.005 -18"><span class='ocrx_word' id='word_1_23' title='bbox 215 295 296 349; x_wconf 79' lang='lat' dir='ltr'><strong>pti,</strong></span> <span class='ocrx_word' id='word_1_24' title='bbox 325 307 406 334; x_wconf 91' lang='lat' dir='ltr'><strong>oro</strong></span> <span class='ocrx_word' id='word_1_25' title='bbox 436 298 569 347; x_wconf 85' lang='lat' dir='ltr'><strong>atque</strong></span> <span class='ocrx_word' id='word_1_26' title='bbox 599 296 801 341; x_wconf 89' lang='lat' dir='ltr'><strong>obsecro,</strong></span> <span class='ocrx_word' id='word_1_27' title='bbox 829 302 893 350; x_wconf 83' lang='lat' dir='ltr'><strong>ut,</strong></span> <span class='ocrx_word' id='word_1_28' title='bbox 925 298 1116 352; x_wconf 81' lang='lat' dir='ltr'><strong>privatis</strong></span> <span class='ocrx_word' id='word_1_29' title='bbox 1147 300 1470 341; x_wconf 83' lang='lat' dir='ltr'><strong>offensionibus</strong></span> <span class='ocrx_word' id='word_1_30' title='bbox 1502 302 1696 353; x_wconf 87' lang='lat' dir='ltr'><strong>omissis,</strong></span> 
     </span>
     <span class='ocr_line' id='line_1_5' title="bbox 213 350 1696 404; baseline 0.005 -14"><span class='ocrx_word' id='word_1_31' title='bbox 213 362 410 390; x_wconf 87' lang='lat' dir='ltr'><strong>summae</strong></span> <span class='ocrx_word' id='word_1_32' title='bbox 442 350 508 389; x_wconf 86' lang='lat' dir='ltr'><strong>rei</strong></span> <span class='ocrx_word' id='word_1_33' title='bbox 533 350 741 404; x_wconf 79' lang='lat' dir='ltr'><strong>publicae</strong></span> <span class='ocrx_word' id='word_1_34' title='bbox 772 353 1030 400; x_wconf 85' lang='lat' dir='ltr'><strong>consulatis,</strong></span> <span class='ocrx_word' id='word_1_35' title='bbox 1069 367 1180 396; x_wconf 89' lang='lat' dir='ltr'><strong>neve</strong></span> <span class='ocrx_word' id='word_1_36' title='bbox 1217 355 1579 398; x_wconf 84' lang='lat' dir='ltr'><strong>misericordiam</strong></span> <span class='ocrx_word' id='word_1_37' title='bbox 1618 370 1696 397; x_wconf 90' lang='lat' dir='ltr'><strong>no-</strong></span> 
     </span>
     <span class='ocr_line' id='line_1_6' title="bbox 213 406 1697 465; baseline 0.003 -18"><span class='ocrx_word' id='word_1_38' title='bbox 213 410 351 447; x_wconf 89' lang='lat' dir='ltr'><strong>stram</strong></span> <span class='ocrx_word' id='word_1_39' title='bbox 392 406 709 465; x_wconf 84' lang='lat' dir='ltr'><strong>exercitusque</strong></span> <span class='ocrx_word' id='word_1_40' title='bbox 750 410 895 450; x_wconf 79' lang='lat' dir='ltr'><strong>nostri</strong></span> <span class='ocrx_word' id='word_1_41' title='bbox 933 409 979 449; x_wconf 92' lang='lat' dir='ltr'><strong>in</strong></span> <span class='ocrx_word' id='word_1_42' title='bbox 1019 409 1144 451; x_wconf 82' lang='lat' dir='ltr'><strong>civili</strong></span> <span class='ocrx_word' id='word_1_43' title='bbox 1185 411 1462 453; x_wconf 82' lang='lat' dir='ltr'><strong>dissensione</strong></span> <span class='ocrx_word' id='word_1_44' title='bbox 1510 413 1697 453; x_wconf 83' lang='lat' dir='ltr'><strong>sceleris</strong></span> 
     </span>
     <span class='ocr_line' id='line_1_7' title="bbox 211 461 1695 521; baseline 0.005 -20"><span class='ocrx_word' id='word_1_45' title='bbox 211 462 314 501; x_wconf 89' lang='lat' dir='ltr'><strong>loco</strong></span> <span class='ocrx_word' id='word_1_46' title='bbox 345 461 537 514; x_wconf 86' lang='lat' dir='ltr'><strong>ponatis.</strong></span> <span class='ocrx_word' id='word_1_47' title='bbox 597 461 731 512; x_wconf 84' lang='lat' dir='ltr'><strong>Quod</strong></span> <span class='ocrx_word' id='word_1_48' title='bbox 761 462 800 503; x_wconf 91' lang='lat' dir='ltr'><strong>si</strong></span> <span class='ocrx_word' id='word_1_49' title='bbox 830 466 991 507; x_wconf 86' lang='lat' dir='ltr'><strong>salutis</strong></span> <span class='ocrx_word' id='word_1_50' title='bbox 1032 467 1227 508; x_wconf 91' lang='lat' dir='ltr'><strong>omnium</strong></span> <span class='ocrx_word' id='word_1_51' title='bbox 1267 481 1321 509; x_wconf 85' lang='lat' dir='ltr'><strong>ac</strong></span> <span class='ocrx_word' id='word_1_52' title='bbox 1359 467 1596 521; x_wconf 82' lang='lat' dir='ltr'><strong>dignitatis</strong></span> <span class='ocrx_word' id='word_1_53' title='bbox 1626 481 1695 508; x_wconf 85' lang='lat' dir='ltr'><strong>ra-</strong></span> 
     </span>
     <span class='ocr_line' id='line_1_8' title="bbox 209 516 1696 579; baseline 0.005 -22"><span class='ocrx_word' id='word_1_54' title='bbox 209 517 376 558; x_wconf 88' lang='lat' dir='ltr'><strong>tionem</strong></span> <span class='ocrx_word' id='word_1_55' title='bbox 407 516 672 569; x_wconf 82' lang='lat' dir='ltr'><strong>habueritis,</strong></span> <span class='ocrx_word' id='word_1_56' title='bbox 711 519 871 562; x_wconf 88' lang='lat' dir='ltr'><strong>melius</strong></span> <span class='ocrx_word' id='word_1_57' title='bbox 901 525 947 563; x_wconf 89' lang='lat' dir='ltr'><strong>et</strong></span> <span class='ocrx_word' id='word_1_58' title='bbox 974 522 1103 562; x_wconf 84' lang='lat' dir='ltr'><strong>vobis</strong></span> <span class='ocrx_word' id='word_1_59' title='bbox 1133 526 1177 563; x_wconf 88' lang='lat' dir='ltr'><strong>et</strong></span> <span class='ocrx_word' id='word_1_60' title='bbox 1206 524 1273 564; x_wconf 87' lang='lat' dir='ltr'><strong>rei</strong></span> <span class='ocrx_word' id='word_1_61' title='bbox 1303 525 1508 579; x_wconf 87' lang='lat' dir='ltr'><strong>publicae</strong></span> <span class='ocrx_word' id='word_1_62' title='bbox 1539 537 1696 567; x_wconf 89' lang='lat' dir='ltr'><strong>consu-</strong></span> 
     </span>
     <span class='ocr_line' id='line_1_9' title="bbox 210 572 1393 634; baseline 0.008 -21"><span class='ocrx_word' id='word_1_63' title='bbox 210 572 329 616; x_wconf 84' lang='lat' dir='ltr'><strong>letis.</strong></span> <span class='ocrx_word' id='word_1_64' title='bbox 388 573 511 616; x_wconf 87' lang='lat' dir='ltr'><strong>Data</strong></span> <span class='ocrx_word' id='word_1_65' title='bbox 539 588 603 618; x_wconf 90' lang='lat'>111.</span> <span class='ocrx_word' id='word_1_66' title='bbox 634 574 736 616; x_wconf 82' lang='lat' dir='ltr'><strong>Kal.</strong></span> <span class='ocrx_word' id='word_1_67' title='bbox 770 575 902 628; x_wconf 88' lang='lat' dir='ltr'><strong>[Iun.]</strong></span> <span class='ocrx_word' id='word_1_68' title='bbox 932 591 957 618; x_wconf 86' lang='lat' dir='ltr'><strong>a</strong></span> <span class='ocrx_word' id='word_1_69' title='bbox 988 581 1122 632; x_wconf 85' lang='lat' dir='ltr'><strong>ponte</strong></span> <span class='ocrx_word' id='word_1_70' title='bbox 1151 578 1393 634; x_wconf 84' lang='lat' dir='ltr'><strong>Argenteo.</strong></span> 
     </span>
    </p>
   </div>
   <div class='ocr_carea' id='block_1_3' title="bbox 351 779 1554 903">
    <p class='ocr_par' dir='ltr' id='par_1_3' title="bbox 351 779 1554 903">
     <span class='ocr_line' id='line_1_10' title="bbox 364 779 1545 834; baseline 0.005 -12"><span class='ocrx_word' id='word_1_71' title='bbox 364 779 682 825; x_wconf 86' lang='lat' dir='ltr'>EPISTOLA</span> <span class='ocrx_word' id='word_1_72' title='bbox 712 782 1039 826; x_wconf 87' lang='lat' dir='ltr'>DCCCXLII.</span> <span class='ocrx_word' id='word_1_73' title='bbox 1099 783 1179 834; x_wconf 86' lang='lat' dir='ltr'><strong>(ad</strong></span> <span class='ocrx_word' id='word_1_74' title='bbox 1208 784 1314 828; x_wconf 82' lang='lat' dir='ltr'><strong>Div.</strong></span> <span class='ocrx_word' id='word_1_75' title='bbox 1344 785 1428 828; x_wconf 88' lang='lat' dir='ltr'><strong>XI.</strong></span> <span class='ocrx_word' id='word_1_76' title='bbox 1461 787 1545 834; x_wconf 89' lang='lat'>13.)</span> 
     </span>
     <span class='ocr_line' id='line_1_11' title="bbox 351 855 1554 903; baseline 0.002 -13"><span class='ocrx_word' id='word_1_77' title='bbox 351 855 436 891; x_wconf 78' lang='lat' dir='ltr'><strong>Ser.</strong></span> <span class='ocrx_word' id='word_1_78' title='bbox 463 857 672 892; x_wconf 73' lang='lat' dir='ltr'><strong>Pollentiae</strong></span> <span class='ocrx_word' id='word_1_79' title='bbox 698 859 794 892; x_wconf 74' lang='lat' dir='ltr'><strong>Maio</strong></span> <span class='ocrx_word' id='word_1_80' title='bbox 820 865 979 893; x_wconf 81' lang='lat' dir='ltr'><strong>exeunte</strong></span> <span class='ocrx_word' id='word_1_81' title='bbox 1004 859 1048 893; x_wconf 87' lang='lat' dir='ltr'><strong>A.</strong></span> <span class='ocrx_word' id='word_1_82' title='bbox 1077 859 1121 895; x_wconf 83' lang='lat' dir='ltr'><strong>U.</strong></span> <span class='ocrx_word' id='word_1_83' title='bbox 1151 859 1191 894; x_wconf 87' lang='lat' dir='ltr'><strong>c.</strong></span> <span class='ocrx_word' id='word_1_84' title='bbox 1219 862 1299 895; x_wconf 88' lang='lat'>711.</span> <span class='ocrx_word' id='word_1_85' title='bbox 1335 862 1381 903; x_wconf 82' lang='lat' dir='ltr'><strong>(a.</strong></span> <span class='ocrx_word' id='word_1_86' title='bbox 1410 861 1450 896; x_wconf 84' lang='lat' dir='ltr'><strong>c.</strong></span> <span class='ocrx_word' id='word_1_87' title='bbox 1475 862 1554 903; x_wconf 76' lang='lat'><strong>43.)</strong></span> 
     </span>
    </p>
   </div>
   <div class='ocr_carea' id='block_1_4' title="bbox 207 922 1694 1067">
    <p class='ocr_par' dir='ltr' id='par_1_4' title="bbox 207 922 1694 1067">
     <span class='ocr_line' id='line_1_12' title="bbox 207 922 1694 972; baseline 0.004 -16"><span class='ocrx_word' id='word_1_88' title='bbox 207 922 429 968; x_wconf 86' lang='lat' dir='ltr'><strong>Respondet</strong></span> <span class='ocrx_word' id='word_1_89' title='bbox 455 924 641 970; x_wconf 83' lang='lat' dir='ltr'><strong>epistolae</strong></span> <span class='ocrx_word' id='word_1_90' title='bbox 667 925 878 968; x_wconf 81' lang='lat' dir='ltr'><strong>Ciceronis,</strong></span> <span class='ocrx_word' id='word_1_91' title='bbox 916 937 1010 972; x_wconf 86' lang='lat' dir='ltr'><strong>quae</strong></span> <span class='ocrx_word' id='word_1_92' title='bbox 1037 934 1093 962; x_wconf 86' lang='lat' dir='ltr'><strong>est</strong></span> <span class='ocrx_word' id='word_1_93' title='bbox 1119 927 1230 961; x_wconf 87' lang='lat' dir='ltr'><strong>huius</strong></span> <span class='ocrx_word' id='word_1_94' title='bbox 1270 928 1325 962; x_wconf 87' lang='lat' dir='ltr'><strong>ed.</strong></span> <span class='ocrx_word' id='word_1_95' title='bbox 1353 929 1441 972; x_wconf 83' lang='lat'><strong>8333</strong></span> <span class='ocrx_word' id='word_1_96' title='bbox 1474 926 1694 961; x_wconf 73' lang='lat' dir='ltr'><strong>tarditatem</strong></span> 
     </span>
     <span class='ocr_line' id='line_1_13' title="bbox 279 973 1624 1021; baseline 0.003 -17"><span class='ocrx_word' id='word_1_97' title='bbox 279 983 383 1005; x_wconf 87' lang='lat' dir='ltr'><strong>suam</strong></span> <span class='ocrx_word' id='word_1_98' title='bbox 408 973 448 1007; x_wconf 89' lang='lat' dir='ltr'><strong>in</strong></span> <span class='ocrx_word' id='word_1_99' title='bbox 474 973 738 1020; x_wconf 80' lang='lat' dir='ltr'><strong>persequendo</strong></span> <span class='ocrx_word' id='word_1_100' title='bbox 765 973 927 1008; x_wconf 89' lang='lat' dir='ltr'><strong>Antonio</strong></span> <span class='ocrx_word' id='word_1_101' title='bbox 954 982 1125 1019; x_wconf 78' lang='lat' dir='ltr'><strong>excusat;</strong></span> <span class='ocrx_word' id='word_1_102' title='bbox 1163 986 1237 1021; x_wconf 86' lang='lat' dir='ltr'><strong>quo</strong></span> <span class='ocrx_word' id='word_1_103' title='bbox 1272 976 1311 1009; x_wconf 87' lang='lat' dir='ltr'><strong>in</strong></span> <span class='ocrx_word' id='word_1_104' title='bbox 1337 983 1434 1013; x_wconf 75' lang='lat' dir='ltr'><strong>statu</strong></span> <span class='ocrx_word' id='word_1_105' title='bbox 1467 987 1529 1010; x_wconf 87' lang='lat' dir='ltr'><strong>res</strong></span> <span class='ocrx_word' id='word_1_106' title='bbox 1562 974 1624 1016; x_wconf 85' lang='lat' dir='ltr'><strong>sit,</strong></span> 
     </span>
     <span class='ocr_line' id='line_1_14' title="bbox 787 1022 1118 1067; baseline 0.009 -11"><span class='ocrx_word' id='word_1_107' title='bbox 787 1022 957 1067; x_wconf 80' lang='lat' dir='ltr'><strong>exponit.</strong></span> <span class='ocrx_word' id='word_1_108' title='bbox 994 1025 1118 1059; x_wconf 85' lang='lat'><strong>1-5.</strong></span> 
     </span>
    </p>
   </div>
   <div class='ocr_carea' id='block_1_5' title="bbox 374 1110 1523 1150">
    <p class='ocr_par' dir='ltr' id='par_1_5' title="bbox 374 1110 1523 1150">
     <span class='ocr_line' id='line_1_15' title="bbox 374 1110 1523 1150; baseline 0.003 -5"><span class='ocrx_word' id='word_1_109' title='bbox 374 1111 422 1146; x_wconf 91' lang='lat' dir='ltr'><strong>D.</strong></span> <span class='ocrx_word' id='word_1_110' title='bbox 448 1110 645 1146; x_wconf 86' lang='lat' dir='ltr'>BRUTUS</span> <span class='ocrx_word' id='word_1_111' title='bbox 671 1111 765 1146; x_wconf 84' lang='grc' dir='ltr'><strong>ΙΜΡ.</strong></span> <span class='ocrx_word' id='word_1_112' title='bbox 795 1110 892 1146; x_wconf 89' lang='lat' dir='ltr'><strong>COS.</strong></span> <span class='ocrx_word' id='word_1_113' title='bbox 920 1111 1027 1147; x_wconf 88' lang='lat' dir='ltr'><strong>DES.</strong></span> <span class='ocrx_word' id='word_1_114' title='bbox 1055 1111 1093 1147; x_wconf 85' lang='lat' dir='ltr'><strong>S.</strong></span> <span class='ocrx_word' id='word_1_115' title='bbox 1120 1115 1166 1149; x_wconf 89' lang='lat' dir='ltr'><strong>D.</strong></span> <span class='ocrx_word' id='word_1_116' title='bbox 1198 1115 1247 1149; x_wconf 82' lang='lat' dir='ltr'><strong>M.</strong></span> <span class='ocrx_word' id='word_1_117' title='bbox 1275 1114 1523 1150; x_wconf 87' lang='lat' dir='ltr'>CICERONI.</span> 
     </span>
    </p>
   </div>
   <div class='ocr_carea' id='block_1_6' title="bbox 202 1179 1693 1462">
    <p class='ocr_par' dir='ltr' id='par_1_6' title="bbox 202 1179 1693 1462">
     <span class='ocr_line' id='line_1_16' title="bbox 319 1179 1689 1236; baseline 0.003 -17"><span class='ocrx_word' id='word_1_118' title='bbox 319 1179 416 1220; x_wconf 86' lang='lat' dir='ltr'><strong>Iam</strong></span> <span class='ocrx_word' id='word_1_119' title='bbox 448 1192 539 1220; x_wconf 91' lang='lat' dir='ltr'><strong>non</strong></span> <span class='ocrx_word' id='word_1_120' title='bbox 568 1192 651 1233; x_wconf 87' lang='lat' dir='ltr'><strong>ago</strong></span> <span class='ocrx_word' id='word_1_121' title='bbox 689 1179 775 1221; x_wconf 83' lang='lat' dir='ltr'><strong>tibi</strong></span> <span class='ocrx_word' id='word_1_122' title='bbox 815 1180 1008 1236; x_wconf 81' lang='lat' dir='ltr'><strong>gratias:</strong></span> <span class='ocrx_word' id='word_1_123' title='bbox 1049 1182 1123 1223; x_wconf 91' lang='lat' dir='ltr'><strong>cui</strong></span> <span class='ocrx_word' id='word_1_124' title='bbox 1161 1181 1278 1223; x_wconf 83' lang='lat' dir='ltr'><strong>enim</strong></span> <span class='ocrx_word' id='word_1_125' title='bbox 1319 1196 1366 1223; x_wconf 87' lang='lat' dir='ltr'><strong>re</strong></span> <span class='ocrx_word' id='word_1_126' title='bbox 1405 1183 1487 1226; x_wconf 85' lang='lat' dir='ltr'><strong>vix</strong></span> <span class='ocrx_word' id='word_1_127' title='bbox 1519 1182 1689 1224; x_wconf 83' lang='lat' dir='ltr'><strong>referre</strong></span> 
     </span>
     <span class='ocr_line' id='line_1_17' title="bbox 203 1234 1693 1292; baseline 0.001 -15"><span class='ocrx_word' id='word_1_128' title='bbox 203 1248 400 1289; x_wconf 84' lang='lat' dir='ltr'><strong>possum,</strong></span> <span class='ocrx_word' id='word_1_129' title='bbox 428 1234 532 1276; x_wconf 89' lang='lat' dir='ltr'><strong>huic</strong></span> <span class='ocrx_word' id='word_1_130' title='bbox 560 1235 709 1278; x_wconf 86' lang='lat' dir='ltr'><strong>verbis</strong></span> <span class='ocrx_word' id='word_1_131' title='bbox 739 1250 828 1278; x_wconf 89' lang='lat' dir='ltr'><strong>non</strong></span> <span class='ocrx_word' id='word_1_132' title='bbox 858 1238 1032 1292; x_wconf 84' lang='lat' dir='ltr'><strong>patitur</strong></span> <span class='ocrx_word' id='word_1_133' title='bbox 1062 1252 1131 1279; x_wconf 88' lang='lat' dir='ltr'><strong>res</strong></span> <span class='ocrx_word' id='word_1_134' title='bbox 1161 1237 1391 1280; x_wconf 85' lang='lat' dir='ltr'><strong>satisfieri.</strong></span> <span class='ocrx_word' id='word_1_135' title='bbox 1449 1240 1693 1281; x_wconf 85' lang='lat' dir='ltr'><strong>Attendere</strong></span> 
     </span>
     <span class='ocr_line' id='line_1_18' title="bbox 202 1292 1690 1349; baseline 0.003 -17"><span class='ocrx_word' id='word_1_136' title='bbox 202 1296 249 1332; x_wconf 80' lang='lat' dir='ltr'><strong>te</strong></span> <span class='ocrx_word' id='word_1_137' title='bbox 279 1293 400 1344; x_wconf 85' lang='lat' dir='ltr'><strong>volo,</strong></span> <span class='ocrx_word' id='word_1_138' title='bbox 431 1305 546 1347; x_wconf 87' lang='lat' dir='ltr'><strong>quae</strong></span> <span class='ocrx_word' id='word_1_139' title='bbox 576 1292 623 1333; x_wconf 91' lang='lat' dir='ltr'><strong>in</strong></span> <span class='ocrx_word' id='word_1_140' title='bbox 651 1293 854 1334; x_wconf 88' lang='lat' dir='ltr'><strong>manibus</strong></span> <span class='ocrx_word' id='word_1_141' title='bbox 884 1298 1000 1335; x_wconf 85' lang='lat' dir='ltr'><strong>sunt.</strong></span> <span class='ocrx_word' id='word_1_142' title='bbox 1060 1293 1162 1343; x_wconf 83' lang='lat' dir='ltr'><strong>Qua</strong></span> <span class='ocrx_word' id='word_1_143' title='bbox 1203 1294 1319 1335; x_wconf 89' lang='lat' dir='ltr'><strong>enim</strong></span> <span class='ocrx_word' id='word_1_144' title='bbox 1359 1295 1598 1349; x_wconf 83' lang='lat' dir='ltr'><strong>prudentia</strong></span> <span class='ocrx_word' id='word_1_145' title='bbox 1628 1308 1690 1347; x_wconf 86' lang='lat' dir='ltr'><strong>es,</strong></span> 
     </span>
     <span class='ocr_line' id='line_1_19' title="bbox 202 1347 1688 1406; baseline 0.003 -18"><span class='ocrx_word' id='word_1_146' title='bbox 202 1347 319 1388; x_wconf 83' lang='lat' dir='ltr'><strong>nihil</strong></span> <span class='ocrx_word' id='word_1_147' title='bbox 348 1352 391 1389; x_wconf 89' lang='lat' dir='ltr'><strong>te</strong></span> <span class='ocrx_word' id='word_1_148' title='bbox 421 1347 578 1402; x_wconf 82' lang='lat' dir='ltr'><strong>fugiet,</strong></span> <span class='ocrx_word' id='word_1_149' title='bbox 616 1348 657 1389; x_wconf 89' lang='lat' dir='ltr'><strong>si</strong></span> <span class='ocrx_word' id='word_1_150' title='bbox 687 1363 807 1390; x_wconf 86' lang='lat' dir='ltr'><strong>meas</strong></span> <span class='ocrx_word' id='word_1_151' title='bbox 839 1349 996 1391; x_wconf 82' lang='lat' dir='ltr'><strong>literas</strong></span> <span class='ocrx_word' id='word_1_152' title='bbox 1027 1350 1276 1405; x_wconf 80' lang='lat' dir='ltr'><strong>diligenter</strong></span> <span class='ocrx_word' id='word_1_153' title='bbox 1313 1351 1493 1406; x_wconf 82' lang='lat' dir='ltr'><strong>legeris.</strong></span> <span class='ocrx_word' id='word_1_154' title='bbox 1551 1351 1688 1406; x_wconf 84' lang='lat' dir='ltr'><strong>Sequi</strong></span> 
     </span>
     <span class='ocr_line' id='line_1_20' title="bbox 204 1402 1689 1462; baseline 0.002 -18"><span class='ocrx_word' id='word_1_155' title='bbox 204 1403 442 1445; x_wconf 79' lang='lat' dir='ltr'><strong>confestim</strong></span> <span class='ocrx_word' id='word_1_156' title='bbox 480 1402 723 1446; x_wconf 86' lang='lat' dir='ltr'><strong>Antonium</strong></span> <span class='ocrx_word' id='word_1_157' title='bbox 765 1405 838 1447; x_wconf 83' lang='lat' dir='ltr'><strong>his</strong></span> <span class='ocrx_word' id='word_1_158' title='bbox 879 1406 936 1448; x_wconf 90' lang='lat' dir='ltr'><strong>de</strong></span> <span class='ocrx_word' id='word_1_159' title='bbox 976 1407 1147 1459; x_wconf 84' lang='lat' dir='ltr'><strong>causis,</strong></span> <span class='ocrx_word' id='word_1_160' title='bbox 1189 1407 1377 1460; x_wconf 82' lang='lat' dir='ltr'><strong>Cicero,</strong></span> <span class='ocrx_word' id='word_1_161' title='bbox 1415 1421 1502 1449; x_wconf 89' lang='lat' dir='ltr'><strong>non</strong></span> <span class='ocrx_word' id='word_1_162' title='bbox 1543 1407 1689 1462; x_wconf 77' lang='lat' dir='ltr'><strong>potui:</strong></span> 
     </span>
    </p>
   </div>
   <div class='ocr_carea' id='block_1_7' title="bbox 196 1566 1691 2582">
    <p class='ocr_par' dir='ltr' id='par_1_7' title="bbox 200 1566 1688 2134">
     <span class='ocr_line' id='line_1_21' title="bbox 203 1566 1687 1615; baseline 0.002 -14"><span class='ocrx_word' id='word_1_163' title='bbox 203 1566 459 1601; x_wconf 83' lang='lat' dir='ltr'><strong>beibehalten.</strong></span> <span class='ocrx_word' id='word_1_164' title='bbox 512 1567 682 1615; x_wconf 81' lang='lat' dir='ltr'><strong>Egregia</strong></span> <span class='ocrx_word' id='word_1_165' title='bbox 726 1574 850 1602; x_wconf 83' lang='lat' dir='ltr'><strong>tantae</strong></span> <span class='ocrx_word' id='word_1_166' title='bbox 884 1567 1114 1613; x_wconf 79' lang='lat' dir='ltr'><strong>proditionis</strong></span> <span class='ocrx_word' id='word_1_167' title='bbox 1158 1569 1361 1604; x_wconf 83' lang='lat' dir='ltr'><strong>excusatio.</strong></span> <span class='ocrx_word' id='word_1_168' title='bbox 1420 1567 1494 1603; x_wconf 87' lang='lat' dir='ltr'><strong>Sed</strong></span> <span class='ocrx_word' id='word_1_169' title='bbox 1535 1569 1687 1613; x_wconf 76' lang='lat' dir='ltr'><strong>alludit,</strong></span> 
     </span>
     <span class='ocr_line' id='line_1_22' title="bbox 203 1615 1688 1663; baseline 0.003 -15"><span class='ocrx_word' id='word_1_170' title='bbox 203 1615 304 1659; x_wconf 85' lang='lat' dir='ltr'><strong>quod</strong></span> <span class='ocrx_word' id='word_1_171' title='bbox 332 1617 451 1649; x_wconf 80' lang='lat' dir='ltr'><strong>refert</strong></span> <span class='ocrx_word' id='word_1_172' title='bbox 479 1615 695 1660; x_wconf 84' lang='lat' dir='ltr'><strong>Suetonius,</strong></span> <span class='ocrx_word' id='word_1_173' title='bbox 723 1617 866 1650; x_wconf 85' lang='lat' dir='ltr'><strong>Iulium</strong></span> <span class='ocrx_word' id='word_1_174' title='bbox 887 1617 966 1651; x_wconf 85' lang='lat' dir='ltr'><strong>acie</strong></span> <span class='ocrx_word' id='word_1_175' title='bbox 982 1617 1195 1652; x_wconf 79' lang='lat' dir='ltr'><strong>Pharsalica</strong></span> <span class='ocrx_word' id='word_1_176' title='bbox 1215 1618 1400 1652; x_wconf 85' lang='lat' dir='ltr'><strong>victorem</strong></span> <span class='ocrx_word' id='word_1_177' title='bbox 1422 1617 1688 1663; x_wconf 75' lang='lat' dir='ltr'><strong>proclamasse,</strong></span> 
     </span>
     <span class='ocr_line' id='line_1_23' title="bbox 204 1663 1687 1711; baseline 0.003 -15"><span class='ocrx_word' id='word_1_178' title='bbox 204 1669 246 1696; x_wconf 90' lang='lat' dir='ltr'><strong>ut</strong></span> <span class='ocrx_word' id='word_1_179' title='bbox 273 1663 419 1698; x_wconf 88' lang='lat' dir='ltr'><strong>civibus</strong></span> <span class='ocrx_word' id='word_1_180' title='bbox 444 1671 666 1710; x_wconf 81' lang='lat' dir='ltr'><strong>parceretur</strong></span> <span class='ocrx_word' id='word_1_181' title='bbox 693 1672 729 1699; x_wconf 86' lang='lat' dir='ltr'><strong>et</strong></span> <span class='ocrx_word' id='word_1_182' title='bbox 755 1665 893 1711; x_wconf 81' lang='lat' dir='ltr'><strong>cuique</strong></span> <span class='ocrx_word' id='word_1_183' title='bbox 918 1677 1084 1709; x_wconf 85' lang='lat' dir='ltr'><strong>suorum,</strong></span> <span class='ocrx_word' id='word_1_184' title='bbox 1124 1677 1238 1709; x_wconf 80' lang='lat' dir='ltr'><strong>quein</strong></span> <span class='ocrx_word' id='word_1_185' title='bbox 1265 1666 1399 1708; x_wconf 79' lang='lat' dir='ltr'><strong>vellet,</strong></span> <span class='ocrx_word' id='word_1_186' title='bbox 1426 1678 1543 1699; x_wconf 85' lang='lat' dir='ltr'><strong>unum</strong></span> <span class='ocrx_word' id='word_1_187' title='bbox 1569 1668 1687 1711; x_wconf 83' lang='lat' dir='ltr'><strong>partis</strong></span> 
     </span>
     <span class='ocr_line' id='line_1_24' title="bbox 201 1710 1688 1759; baseline 0.001 -13"><span class='ocrx_word' id='word_1_188' title='bbox 201 1710 382 1747; x_wconf 78' lang='lat' dir='ltr'><strong>adversae</strong></span> <span class='ocrx_word' id='word_1_189' title='bbox 407 1724 560 1746; x_wconf 83' lang='lat' dir='ltr'><strong>servare</strong></span> <span class='ocrx_word' id='word_1_190' title='bbox 587 1713 825 1747; x_wconf 83' lang='lat' dir='ltr'><strong>concessisse.</strong></span> <span class='ocrx_word' id='word_1_191' title='bbox 855 1725 885 1748; x_wconf 86' lang='lat' dir='ltr'><strong>c.</strong></span> <span class='ocrx_word' id='word_1_192' title='bbox 912 1715 968 1750; x_wconf 85' lang='lat'><strong>75.</strong></span> <span class='ocrx_word' id='word_1_193' title='bbox 1000 1714 1218 1749; x_wconf 82' lang='lat' dir='ltr'><strong><em>GRONOV.</em></strong></span> <span class='ocrx_word' id='word_1_194' title='bbox 1283 1713 1506 1748; x_wconf 81' lang='lat' dir='ltr'><strong>Plutarchus</strong></span> <span class='ocrx_word' id='word_1_195' title='bbox 1535 1715 1688 1759; x_wconf 84' lang='lat' dir='ltr'><strong>quidem</strong></span> 
     </span>
     <span class='ocr_line' id='line_1_25' title="bbox 202 1761 1686 1808; baseline 0.003 -15"><span class='ocrx_word' id='word_1_196' title='bbox 202 1766 335 1794; x_wconf 80' lang='lat' dir='ltr'><strong>narrat</strong></span> <span class='ocrx_word' id='word_1_197' title='bbox 373 1761 518 1795; x_wconf 84' lang='lat' dir='ltr'><strong>milites</strong></span> <span class='ocrx_word' id='word_1_198' title='bbox 551 1761 691 1808; x_wconf 85' lang='lat' dir='ltr'><strong>Lepidi</strong></span> <span class='ocrx_word' id='word_1_199' title='bbox 726 1762 872 1796; x_wconf 85' lang='lat' dir='ltr'><strong>misisse</strong></span> <span class='ocrx_word' id='word_1_200' title='bbox 908 1762 955 1796; x_wconf 86' lang='lat' dir='ltr'><strong>ad</strong></span> <span class='ocrx_word' id='word_1_201' title='bbox 980 1763 1188 1797; x_wconf 89' lang='lat' dir='ltr'><strong>Antonium</strong></span> <span class='ocrx_word' id='word_1_202' title='bbox 1216 1774 1375 1807; x_wconf 84' lang='lat' dir='ltr'><strong>eumque</strong></span> <span class='ocrx_word' id='word_1_203' title='bbox 1401 1762 1570 1796; x_wconf 79' lang='lat' dir='ltr'><strong>hortatos</strong></span> <span class='ocrx_word' id='word_1_204' title='bbox 1595 1775 1686 1804; x_wconf 83' lang='lat' dir='ltr'><strong>esse,</strong></span> 
     </span>
     <span class='ocr_line' id='line_1_26' title="bbox 201 1808 1687 1858; baseline 0.002 -16"><span class='ocrx_word' id='word_1_205' title='bbox 201 1816 256 1852; x_wconf 85' lang='lat' dir='ltr'><strong>ut,</strong></span> <span class='ocrx_word' id='word_1_206' title='bbox 283 1808 315 1842; x_wconf 83' lang='lat' dir='ltr'><strong>si</strong></span> <span class='ocrx_word' id='word_1_207' title='bbox 340 1808 504 1855; x_wconf 80' lang='lat' dir='ltr'><strong>Lepidus</strong></span> <span class='ocrx_word' id='word_1_208' title='bbox 531 1821 616 1844; x_wconf 87' lang='lat' dir='ltr'><strong>eum</strong></span> <span class='ocrx_word' id='word_1_209' title='bbox 641 1821 715 1845; x_wconf 87' lang='lat' dir='ltr'><strong>non</strong></span> <span class='ocrx_word' id='word_1_210' title='bbox 742 1811 944 1855; x_wconf 87' lang='lat' dir='ltr'><strong>reciperet,</strong></span> <span class='ocrx_word' id='word_1_211' title='bbox 972 1818 1091 1845; x_wconf 83' lang='lat' dir='ltr'><strong>castra</strong></span> <span class='ocrx_word' id='word_1_212' title='bbox 1117 1811 1195 1845; x_wconf 90' lang='lat' dir='ltr'><strong>eius</strong></span> <span class='ocrx_word' id='word_1_213' title='bbox 1223 1817 1482 1858; x_wconf 80' lang='lat' dir='ltr'><strong>oppugnaret3</strong></span> <span class='ocrx_word' id='word_1_214' title='bbox 1518 1822 1556 1845; x_wconf 86' lang='lat' dir='ltr'><strong>se</strong></span> <span class='ocrx_word' id='word_1_215' title='bbox 1582 1811 1687 1845; x_wconf 82' lang='lat' dir='ltr'><strong>velle</strong></span> 
     </span>
     <span class='ocr_line' id='line_1_27' title="bbox 201 1857 1686 1905; baseline 0.001 -15"><span class='ocrx_word' id='word_1_216' title='bbox 201 1868 288 1891; x_wconf 85' lang='lat' dir='ltr'><strong>eum</strong></span> <span class='ocrx_word' id='word_1_217' title='bbox 322 1857 476 1900; x_wconf 85' lang='lat' dir='ltr'><strong>iuvare,</strong></span> <span class='ocrx_word' id='word_1_218' title='bbox 512 1858 630 1893; x_wconf 89' lang='lat' dir='ltr'><strong>immo</strong></span> <span class='ocrx_word' id='word_1_219' title='bbox 664 1859 777 1893; x_wconf 85' lang='lat' dir='ltr'><strong>etiam</strong></span> <span class='ocrx_word' id='word_1_220' title='bbox 803 1859 986 1905; x_wconf 84' lang='lat' dir='ltr'><strong>Lepidum</strong></span> <span class='ocrx_word' id='word_1_221' title='bbox 1017 1859 1227 1894; x_wconf 81' lang='lat' dir='ltr'><strong>trucidare:</strong></span> <span class='ocrx_word' id='word_1_222' title='bbox 1269 1871 1363 1904; x_wconf 82' lang='lat' dir='ltr'><strong>quae</strong></span> <span class='ocrx_word' id='word_1_223' title='bbox 1398 1865 1525 1892; x_wconf 86' lang='lat' dir='ltr'><strong>tamen</strong></span> <span class='ocrx_word' id='word_1_224' title='bbox 1560 1860 1686 1893; x_wconf 78' lang='lat' dir='ltr'><strong>omnia</strong></span> 
     </span>
     <span class='ocr_line' id='line_1_28' title="bbox 200 1906 1685 1951; baseline 0.001 -11"><span class='ocrx_word' id='word_1_225' title='bbox 200 1906 387 1951; x_wconf 85' lang='lat' dir='ltr'><strong>Lepidum</strong></span> <span class='ocrx_word' id='word_1_226' title='bbox 419 1913 541 1941; x_wconf 87' lang='lat' dir='ltr'><strong>astute</strong></span> <span class='ocrx_word' id='word_1_227' title='bbox 576 1907 838 1941; x_wconf 82' lang='lat' dir='ltr'><strong>machinatum</strong></span> <span class='ocrx_word' id='word_1_228' title='bbox 876 1919 954 1941; x_wconf 85' lang='lat' dir='ltr'><strong>esse</strong></span> <span class='ocrx_word' id='word_1_229' title='bbox 997 1907 1192 1942; x_wconf 79' lang='lat' dir='ltr'><strong>Strothius</strong></span> <span class='ocrx_word' id='word_1_230' title='bbox 1226 1909 1438 1948; x_wconf 78' lang='lat' dir='ltr'><strong>existimat,</strong></span> <span class='ocrx_word' id='word_1_231' title='bbox 1479 1907 1541 1940; x_wconf 89' lang='lat' dir='ltr'><strong>cui</strong></span> <span class='ocrx_word' id='word_1_232' title='bbox 1573 1907 1685 1942; x_wconf 86' lang='lat' dir='ltr'><strong>facile</strong></span> 
     </span>
     <span class='ocr_line' id='line_1_29' title="bbox 200 1955 1683 2000; baseline 0.001 -13"><span class='ocrx_word' id='word_1_233' title='bbox 200 1955 397 1989; x_wconf 82' lang='lat' dir='ltr'><strong>assentior.</strong></span> <span class='ocrx_word' id='word_1_234' title='bbox 428 1955 538 1989; x_wconf 83' lang='lat' dir='ltr'><strong><em>SCH.</em></strong></span> <span class='ocrx_word' id='word_1_235' title='bbox 567 1977 608 1982; x_wconf 87' lang='lat'>-</span> <span class='ocrx_word' id='word_1_236' title='bbox 645 1967 794 1990; x_wconf 75' lang='lat' dir='ltr'><strong>causam</strong></span> <span class='ocrx_word' id='word_1_237' title='bbox 823 1956 1022 2000; x_wconf 77' lang='lat' dir='ltr'><strong>suscipere,</strong></span> <span class='ocrx_word' id='word_1_238' title='bbox 1057 1957 1216 1991; x_wconf 82' lang='lat' dir='ltr'><strong>salutem</strong></span> <span class='ocrx_word' id='word_1_239' title='bbox 1242 1964 1355 2000; x_wconf 83' lang='lat' dir='ltr'><strong>atque</strong></span> <span class='ocrx_word' id='word_1_240' title='bbox 1380 1955 1683 1990; x_wconf 79' lang='lat' dir='ltr'><strong>incolumitatem</strong></span> 
     </span>
     <span class='ocr_line' id='line_1_30' title="bbox 200 2003 1684 2052; baseline 0.001 -16"><span class='ocrx_word' id='word_1_241' title='bbox 200 2009 324 2037; x_wconf 84' lang='lat' dir='ltr'><strong>tantae</strong></span> <span class='ocrx_word' id='word_1_242' title='bbox 350 2015 398 2036; x_wconf 88' lang='lat' dir='ltr'><strong>m.</strong></span> <span class='ocrx_word' id='word_1_243' title='bbox 426 2003 500 2038; x_wconf 86' lang='lat' dir='ltr'><strong>civ.</strong></span> <span class='ocrx_word' id='word_1_244' title='bbox 527 2004 569 2038; x_wconf 86' lang='lat' dir='ltr'><strong>R.</strong></span> <span class='ocrx_word' id='word_1_245' title='bbox 597 2004 803 2039; x_wconf 83' lang='lat' dir='ltr'><strong>defendere</strong></span> <span class='ocrx_word' id='word_1_246' title='bbox 840 2011 878 2038; x_wconf 86' lang='lat' dir='ltr'><strong>ct</strong></span> <span class='ocrx_word' id='word_1_247' title='bbox 904 2004 1132 2050; x_wconf 85' lang='lat' dir='ltr'><strong>prohibere,</strong></span> <span class='ocrx_word' id='word_1_248' title='bbox 1165 2016 1211 2038; x_wconf 88' lang='lat' dir='ltr'><strong>ne</strong></span> <span class='ocrx_word' id='word_1_249' title='bbox 1244 2016 1371 2052; x_wconf 81' lang='lat' dir='ltr'><strong>pugna</strong></span> <span class='ocrx_word' id='word_1_250' title='bbox 1407 2004 1548 2037; x_wconf 86' lang='lat' dir='ltr'><strong>civium</strong></span> <span class='ocrx_word' id='word_1_251' title='bbox 1573 2004 1684 2038; x_wconf 82' lang='lat' dir='ltr'><strong>fieret</strong></span> 
     </span>
     <span class='ocr_line' id='line_1_31' title="bbox 200 2050 1684 2101; baseline 0.001 -17"><span class='ocrx_word' id='word_1_252' title='bbox 200 2051 240 2084; x_wconf 89' lang='lat' dir='ltr'><strong>in</strong></span> <span class='ocrx_word' id='word_1_253' title='bbox 268 2050 382 2085; x_wconf 86' lang='lat' dir='ltr'><strong>cives.</strong></span> <span class='ocrx_word' id='word_1_254' title='bbox 430 2052 588 2086; x_wconf 77' lang='lat' dir='ltr'><strong>Factum</strong></span> <span class='ocrx_word' id='word_1_255' title='bbox 624 2052 746 2101; x_wconf 84' lang='lat' dir='ltr'><strong>igitur</strong></span> <span class='ocrx_word' id='word_1_256' title='bbox 772 2064 899 2088; x_wconf 87' lang='lat' dir='ltr'><strong>meum</strong></span> <span class='ocrx_word' id='word_1_257' title='bbox 932 2053 1021 2088; x_wconf 89' lang='lat' dir='ltr'><strong>boni</strong></span> <span class='ocrx_word' id='word_1_258' title='bbox 1047 2052 1272 2098; x_wconf 77' lang='lat' dir='ltr'><strong>consulatis5</strong></span> <span class='ocrx_word' id='word_1_259' title='bbox 1308 2064 1395 2086; x_wconf 85' lang='lat' dir='ltr'><strong>nam</strong></span> <span class='ocrx_word' id='word_1_260' title='bbox 1422 2058 1573 2087; x_wconf 90' lang='lat' dir='ltr'><strong>coactus</strong></span> <span class='ocrx_word' id='word_1_261' title='bbox 1601 2064 1684 2086; x_wconf 86' lang='lat' dir='ltr'><strong>sum</strong></span> 
     </span>
     <span class='ocr_line' id='line_1_32' title="bbox 200 2099 404 2134; baseline 0.005 -1"><span class='ocrx_word' id='word_1_262' title='bbox 200 2099 239 2133; x_wconf 90' lang='lat' dir='ltr'><strong>id</strong></span> <span class='ocrx_word' id='word_1_263' title='bbox 264 2100 404 2134; x_wconf 85' lang='lat' dir='ltr'><strong>facere.</strong></span> 
     </span>
    </p>

    <p class='ocr_par' dir='ltr' id='par_1_8' title="bbox 228 2148 1681 2293">
     <span class='ocr_line' id='line_1_33' title="bbox 295 2148 1677 2197; baseline -0.001 -14"><span class='ocrx_word' id='word_1_264' title='bbox 295 2149 329 2183; x_wconf 85' lang='lat'><strong>2.</strong></span> <span class='ocrx_word' id='word_1_265' title='bbox 355 2148 512 2192; x_wconf 70' lang='lat' dir='ltr'><strong>privatis</strong></span> <span class='ocrx_word' id='word_1_266' title='bbox 537 2150 601 2193; x_wconf 73' lang='lat' dir='ltr'><strong>off.</strong></span> <span class='ocrx_word' id='word_1_267' title='bbox 628 2160 711 2191; x_wconf 86' lang='lat' dir='ltr'><strong>om.,</strong></span> <span class='ocrx_word' id='word_1_268' title='bbox 738 2149 810 2183; x_wconf 87' lang='lat' dir='ltr'><strong>mit</strong></span> <span class='ocrx_word' id='word_1_269' title='bbox 834 2149 1160 2197; x_wconf 79' lang='lat' dir='ltr'><strong>Beiseitesetzung</strong></span> <span class='ocrx_word' id='word_1_270' title='bbox 1185 2150 1285 2184; x_wconf 84' lang='lat' dir='ltr'><strong>aller</strong></span> <span class='ocrx_word' id='word_1_271' title='bbox 1311 2148 1677 2195; x_wconf 79' lang='lat' dir='ltr'><strong>Privatbeleidigun-</strong></span> 
     </span>
     <span class='ocr_line' id='line_1_34' title="bbox 228 2197 1681 2244; baseline 0 -15"><span class='ocrx_word' id='word_1_272' title='bbox 228 2208 282 2229; x_wconf 85' lang='lat' dir='ltr'><strong>en.</strong></span> <span class='ocrx_word' id='word_1_273' title='bbox 337 2197 529 2231; x_wconf 86' lang='lat' dir='ltr'><strong>Ciceronis</strong></span> <span class='ocrx_word' id='word_1_274' title='bbox 564 2198 805 2243; x_wconf 86' lang='lat' dir='ltr'><strong>potissimum</strong></span> <span class='ocrx_word' id='word_1_275' title='bbox 838 2198 966 2232; x_wconf 87' lang='lat' dir='ltr'><strong>odium</strong></span> <span class='ocrx_word' id='word_1_276' title='bbox 1013 2199 1053 2230; x_wconf 89' lang='lat' dir='ltr'><strong>in</strong></span> <span class='ocrx_word' id='word_1_277' title='bbox 1086 2198 1292 2233; x_wconf 88' lang='lat' dir='ltr'><strong>Antonium</strong></span> <span class='ocrx_word' id='word_1_278' title='bbox 1326 2203 1483 2244; x_wconf 79' lang='lat' dir='ltr'><strong>tangere</strong></span> <span class='ocrx_word' id='word_1_279' title='bbox 1518 2197 1681 2231; x_wconf 80' lang='lat' dir='ltr'><strong>videtur.</strong></span> 
     </span>
     <span class='ocr_line' id='line_1_35' title="bbox 229 2245 1679 2293; baseline 0.001 -14"><span class='ocrx_word' id='word_1_280' title='bbox 229 2245 306 2279; x_wconf 84' lang='lat' dir='ltr'><strong>CH.</strong></span> <span class='ocrx_word' id='word_1_281' title='bbox 356 2245 446 2279; x_wconf 87' lang='lat' dir='ltr'><strong>Also</strong></span> <span class='ocrx_word' id='word_1_282' title='bbox 472 2258 514 2279; x_wconf 81' lang='lat' dir='ltr'><strong>er</strong></span> <span class='ocrx_word' id='word_1_283' title='bbox 541 2246 704 2293; x_wconf 80' lang='lat' dir='ltr'><strong>begehrt</strong></span> <span class='ocrx_word' id='word_1_284' title='bbox 731 2247 814 2281; x_wconf 88' lang='lat' dir='ltr'><strong>eine</strong></span> <span class='ocrx_word' id='word_1_285' title='bbox 840 2246 912 2280; x_wconf 78' lang='lat' dir='ltr'><strong>Art</strong></span> <span class='ocrx_word' id='word_1_286' title='bbox 937 2246 1145 2280; x_wconf 87' lang='lat' dir='ltr'><strong>Amnestie.</strong></span> <span class='ocrx_word' id='word_1_287' title='bbox 1175 2267 1217 2272; x_wconf 93' lang='lat'>—</span> <span class='ocrx_word' id='word_1_288' title='bbox 1245 2250 1283 2280; x_wconf 78' lang='lat' dir='ltr'><strong>ut</strong></span> <span class='ocrx_word' id='word_1_289' title='bbox 1304 2271 1311 2279; x_wconf 91' lang='lat'><em>.</em></span> <span class='ocrx_word' id='word_1_290' title='bbox 1341 2270 1349 2278; x_wconf 92' lang='lat'>.</span> <span class='ocrx_word' id='word_1_291' title='bbox 1375 2269 1384 2278; x_wconf 85' lang='lat'><strong>.</strong></span> <span class='ocrx_word' id='word_1_292' title='bbox 1411 2256 1571 2279; x_wconf 80' lang='lat' dir='ltr'><strong>summae</strong></span> <span class='ocrx_word' id='word_1_293' title='bbox 1596 2257 1626 2278; x_wconf 84' lang='lat' dir='ltr'><strong>r.</strong></span> <span class='ocrx_word' id='word_1_294' title='bbox 1643 2257 1679 2289; x_wconf 77' lang='lat' dir='ltr'><strong>p.</strong></span> 
     </span>
    </p>

    <p class='ocr_par' dir='ltr' id='par_1_9' title="bbox 196 2293 1691 2582">
     <span class='ocr_line' id='line_1_36' title="bbox 197 2293 1691 2343; baseline -0.001 -16"><span class='ocrx_word' id='word_1_295' title='bbox 197 2294 347 2334; x_wconf 65' lang='lat' dir='ltr'><strong>consul„</strong></span> <span class='ocrx_word' id='word_1_296' title='bbox 374 2293 437 2327; x_wconf 88' lang='lat' dir='ltr'><strong>das</strong></span> <span class='ocrx_word' id='word_1_297' title='bbox 450 2294 751 2329; x_wconf 80' lang='lat' dir='ltr'><strong>Gesammtwohl</strong></span> <span class='ocrx_word' id='word_1_298' title='bbox 780 2295 843 2329; x_wconf 88' lang='lat' dir='ltr'><strong>des</strong></span> <span class='ocrx_word' id='word_1_299' title='bbox 855 2294 976 2329; x_wconf 84' lang='lat' dir='ltr'><strong>Staats</strong></span> <span class='ocrx_word' id='word_1_300' title='bbox 1003 2295 1220 2343; x_wconf 82' lang='lat' dir='ltr'><strong>vorAugen</strong></span> <span class='ocrx_word' id='word_1_301' title='bbox 1245 2306 1293 2328; x_wconf 86' lang='lat' dir='ltr'><strong>zu</strong></span> <span class='ocrx_word' id='word_1_302' title='bbox 1318 2293 1509 2328; x_wconf 84' lang='lat' dir='ltr'><strong>haben.—</strong></span> <span class='ocrx_word' id='word_1_303' title='bbox 1537 2304 1691 2329; x_wconf 35' lang='lat' dir='ltr'><strong>neve...⁷</strong></span> 
     </span>
     <span class='ocr_line' id='line_1_37' title="bbox 197 2342 1679 2386; baseline 0 -12"><span class='ocrx_word' id='word_1_304' title='bbox 197 2342 353 2375; x_wconf 72' lang='lat' dir='ltr'><strong>sceleris</strong></span> <span class='ocrx_word' id='word_1_305' title='bbox 378 2342 460 2375; x_wconf 88' lang='lat' dir='ltr'><strong>loco</strong></span> <span class='ocrx_word' id='word_1_306' title='bbox 485 2345 648 2386; x_wconf 74' lang='lat' dir='ltr'><strong>ponatis,</strong></span> <span class='ocrx_word' id='word_1_307' title='bbox 686 2343 789 2384; x_wconf 85' lang='lat' dir='ltr'><strong>„und</strong></span> <span class='ocrx_word' id='word_1_308' title='bbox 816 2369 824 2377; x_wconf 90' lang='lat'>.</span> <span class='ocrx_word' id='word_1_309' title='bbox 852 2370 859 2377; x_wconf 92' lang='lat'>.</span> <span class='ocrx_word' id='word_1_310' title='bbox 888 2370 896 2377; x_wconf 94' lang='lat'>.</span> <span class='ocrx_word' id='word_1_311' title='bbox 925 2342 1035 2376; x_wconf 87' lang='lat' dir='ltr'><strong>nicht</strong></span> <span class='ocrx_word' id='word_1_312' title='bbox 1074 2344 1138 2376; x_wconf 82' lang='lat' dir='ltr'><strong>siir</strong></span> <span class='ocrx_word' id='word_1_313' title='bbox 1174 2343 1236 2376; x_wconf 82' lang='lat' dir='ltr'><strong>ein</strong></span> <span class='ocrx_word' id='word_1_314' title='bbox 1262 2342 1508 2376; x_wconf 82' lang='lat' dir='ltr'><strong>Verbrechen</strong></span> <span class='ocrx_word' id='word_1_315' title='bbox 1538 2354 1585 2376; x_wconf 88' lang='lat' dir='ltr'><strong>zu</strong></span> <span class='ocrx_word' id='word_1_316' title='bbox 1619 2353 1679 2376; x_wconf 88' lang='lat' dir='ltr'><strong>er-</strong></span> 
     </span>
     <span class='ocr_line' id='line_1_38' title="bbox 196 2389 1680 2438; baseline -0.001 -15"><span class='ocrx_word' id='word_1_317' title='bbox 196 2390 374 2427; x_wconf 71' lang='lat' dir='ltr'><strong>klaren.“</strong></span> <span class='ocrx_word' id='word_1_318' title='bbox 405 2390 630 2438; x_wconf 83' lang='lat' dir='ltr'><strong>Eigentlich</strong></span> <span class='ocrx_word' id='word_1_319' title='bbox 656 2392 778 2425; x_wconf 81' lang='lat' dir='ltr'><strong>meint</strong></span> <span class='ocrx_word' id='word_1_320' title='bbox 805 2403 848 2425; x_wconf 87' lang='lat' dir='ltr'><strong>er</strong></span> <span class='ocrx_word' id='word_1_321' title='bbox 870 2392 998 2432; x_wconf 69' lang='lat' dir='ltr'><strong>damis,</strong></span> <span class='ocrx_word' id='word_1_322' title='bbox 1025 2402 1071 2424; x_wconf 91' lang='lat' dir='ltr'><strong>ne</strong></span> <span class='ocrx_word' id='word_1_323' title='bbox 1093 2402 1160 2425; x_wconf 89' lang='lat' dir='ltr'><strong>nos</strong></span> <span class='ocrx_word' id='word_1_324' title='bbox 1187 2391 1233 2425; x_wconf 91' lang='lat' dir='ltr'><strong>ob</strong></span> <span class='ocrx_word' id='word_1_325' title='bbox 1256 2390 1353 2424; x_wconf 88' lang='lat' dir='ltr'><strong>hanc</strong></span> <span class='ocrx_word' id='word_1_326' title='bbox 1377 2389 1680 2425; x_wconf 81' lang='lat' dir='ltr'><strong>misericordiam</strong></span> 
     </span>
     <span class='ocr_line' id='line_1_39' title="bbox 197 2438 1680 2484; baseline 0.001 -13"><span class='ocrx_word' id='word_1_327' title='bbox 197 2439 374 2472; x_wconf 82' lang='lat' dir='ltr'><strong>iudicetis</strong></span> <span class='ocrx_word' id='word_1_328' title='bbox 399 2438 540 2473; x_wconf 85' lang='lat' dir='ltr'><strong>hostes.</strong></span> <span class='ocrx_word' id='word_1_329' title='bbox 577 2458 624 2464; x_wconf 96' lang='lat'><strong>—</strong></span> <span class='ocrx_word' id='word_1_330' title='bbox 672 2440 821 2473; x_wconf 77' lang='lat' dir='ltr'><strong>sceleris</strong></span> <span class='ocrx_word' id='word_1_331' title='bbox 846 2440 941 2482; x_wconf 85' lang='lat' dir='ltr'><strong>loco,</strong></span> <span class='ocrx_word' id='word_1_332' title='bbox 976 2439 1147 2484; x_wconf 84' lang='lat' dir='ltr'><strong>proditae</strong></span> <span class='ocrx_word' id='word_1_333' title='bbox 1172 2439 1324 2473; x_wconf 86' lang='lat' dir='ltr'><strong>scilicet</strong></span> <span class='ocrx_word' id='word_1_334' title='bbox 1360 2440 1416 2472; x_wconf 84' lang='lat' dir='ltr'><strong>rei</strong></span> <span class='ocrx_word' id='word_1_335' title='bbox 1441 2438 1616 2483; x_wconf 85' lang='lat' dir='ltr'><strong>publicae</strong></span> <span class='ocrx_word' id='word_1_336' title='bbox 1642 2445 1680 2472; x_wconf 83' lang='lat' dir='ltr'><strong>et</strong></span> 
     </span>
     <span class='ocr_line' id='line_1_40' title="bbox 198 2487 1676 2532; baseline 0 -12"><span class='ocrx_word' id='word_1_337' title='bbox 198 2498 330 2521; x_wconf 79' lang='lat' dir='ltr'><strong>causae</strong></span> <span class='ocrx_word' id='word_1_338' title='bbox 356 2487 599 2532; x_wconf 86' lang='lat' dir='ltr'><strong>optimatium</strong></span> <span class='ocrx_word' id='word_1_339' title='bbox 624 2487 804 2522; x_wconf 79' lang='lat' dir='ltr'><strong>desertae.</strong></span> <span class='ocrx_word' id='word_1_340' title='bbox 844 2507 887 2512; x_wconf 86' lang='lat'>—</span> <span class='ocrx_word' id='word_1_341' title='bbox 923 2501 987 2522; x_wconf 82' lang='grc' dir='ltr'><em>ιιι.</em></span> <span class='ocrx_word' id='word_1_342' title='bbox 1013 2488 1102 2523; x_wconf 81' lang='lat' dir='ltr'><strong>Kal.</strong></span> <span class='ocrx_word' id='word_1_343' title='bbox 1130 2488 1263 2531; x_wconf 81' lang='lat' dir='ltr'><strong>[Iun.],</strong></span> <span class='ocrx_word' id='word_1_344' title='bbox 1291 2487 1388 2531; x_wconf 85' lang='lat' dir='ltr'><strong>quod</strong></span> <span class='ocrx_word' id='word_1_345' title='bbox 1414 2487 1558 2521; x_wconf 83' lang='lat' dir='ltr'><strong>addidit</strong></span> <span class='ocrx_word' id='word_1_346' title='bbox 1582 2487 1676 2520; x_wconf 32' lang='lat' dir='ltr'><strong>Victi</strong></span> 
     </span>
     <span class='ocr_line' id='line_1_41' title="bbox 197 2534 1678 2582; baseline -0.002 -12"><span class='ocrx_word' id='word_1_347' title='bbox 197 2537 246 2577; x_wconf 77' lang='grc'><strong>2.,</strong></span> <span class='ocrx_word' id='word_1_348' title='bbox 280 2547 340 2569; x_wconf 89' lang='lat' dir='ltr'><strong>am</strong></span> <span class='ocrx_word' id='word_1_349' title='bbox 372 2537 429 2571; x_wconf 85' lang='lat'><strong>30.</strong></span> <span class='ocrx_word' id='word_1_350' title='bbox 457 2536 541 2571; x_wconf 82' lang='lat' dir='ltr'><strong>Mai.</strong></span> <span class='ocrx_word' id='word_1_351' title='bbox 593 2537 708 2580; x_wconf 80' lang='lat' dir='ltr'><strong>Quam</strong></span> <span class='ocrx_word' id='word_1_352' title='bbox 742 2536 942 2571; x_wconf 85' lang='lat' dir='ltr'><strong>honestam</strong></span> <span class='ocrx_word' id='word_1_353' title='bbox 972 2536 1140 2582; x_wconf 83' lang='lat' dir='ltr'><strong>speciem</strong></span> <span class='ocrx_word' id='word_1_354' title='bbox 1165 2536 1347 2570; x_wconf 86' lang='lat' dir='ltr'><strong>scelerato</strong></span> <span class='ocrx_word' id='word_1_355' title='bbox 1380 2537 1482 2569; x_wconf 86' lang='lat' dir='ltr'><strong>facto</strong></span> <span class='ocrx_word' id='word_1_356' title='bbox 1515 2534 1678 2580; x_wconf 83' lang='lat' dir='ltr'><strong>Lepidus</strong></span> 
     </span>
    </p>
   </div>
   <div class='ocr_carea' id='block_1_8' title="bbox 196 2584 434 2630">
    <p class='ocr_par' dir='ltr' id='par_1_10' title="bbox 196 2584 434 2630">
     <span class='ocr_line' id='line_1_42' title="bbox 196 2584 434 2630; baseline 0.004 -14"><span class='ocrx_word' id='word_1_357' title='bbox 196 2584 434 2630; x_wconf 80' lang='lat' dir='ltr'><strong>praetendit!</strong></span> 
     </span>
    </p>
   </div>
   <div class='ocr_carea' id='block_1_9' title="bbox 197 2650 1677 2796">
    <p class='ocr_par' dir='ltr' id='par_1_11' title="bbox 197 2650 1677 2796">
     <span class='ocr_line' id='line_1_43' title="bbox 296 2650 1677 2700; baseline -0.002 -14"><span class='ocrx_word' id='word_1_358' title='bbox 296 2654 328 2687; x_wconf 90' lang='lat'><strong>1.</strong></span> <span class='ocrx_word' id='word_1_359' title='bbox 364 2654 516 2695; x_wconf 78' lang='lat' dir='ltr'><strong>referre</strong></span> <span class='ocrx_word' id='word_1_360' title='bbox 550 2653 702 2700; x_wconf 77' lang='lat' dir='ltr'><strong>gratias.</strong></span> <span class='ocrx_word' id='word_1_361' title='bbox 739 2673 780 2679; x_wconf 90' lang='lat'><strong>--</strong></span> <span class='ocrx_word' id='word_1_362' title='bbox 834 2664 903 2696; x_wconf 78' lang='lat' dir='ltr'><strong>res,</strong></span> <span class='ocrx_word' id='word_1_363' title='bbox 931 2653 992 2688; x_wconf 84' lang='lat' dir='ltr'><strong>die</strong></span> <span class='ocrx_word' id='word_1_364' title='bbox 1018 2654 1140 2687; x_wconf 85' lang='lat' dir='ltr'><strong>Natur</strong></span> <span class='ocrx_word' id='word_1_365' title='bbox 1165 2652 1234 2685; x_wconf 80' lang='lat' dir='ltr'><strong>der</strong></span> <span class='ocrx_word' id='word_1_366' title='bbox 1261 2652 1392 2686; x_wconf 81' lang='lat' dir='ltr'><strong>Sache.</strong></span> <span class='ocrx_word' id='word_1_367' title='bbox 1429 2673 1471 2678; x_wconf 90' lang='lat'>—</span> <span class='ocrx_word' id='word_1_368' title='bbox 1524 2650 1677 2696; x_wconf 80' lang='lat' dir='ltr'><strong>quaein</strong></span> 
     </span>
     <span class='ocr_line' id='line_1_44' title="bbox 197 2700 1673 2748; baseline 0.001 -18"><span class='ocrx_word' id='word_1_369' title='bbox 197 2710 289 2733; x_wconf 68' lang='lat' dir='ltr'><strong>neom.</strong></span> <span class='ocrx_word' id='word_1_370' title='bbox 317 2705 411 2742; x_wconf 76' lang='lat' dir='ltr'><strong>sunt,</strong></span> <span class='ocrx_word' id='word_1_371' title='bbox 439 2713 516 2735; x_wconf 84' lang='lat' dir='ltr'><strong>was</strong></span> <span class='ocrx_word' id='word_1_372' title='bbox 543 2701 609 2735; x_wconf 87' lang='lat' dir='ltr'><strong>ich</strong></span> <span class='ocrx_word' id='word_1_373' title='bbox 636 2702 707 2736; x_wconf 89' lang='lat' dir='ltr'><strong>Dir</strong></span> <span class='ocrx_word' id='word_1_374' title='bbox 732 2702 871 2735; x_wconf 81' lang='lat' dir='ltr'><strong>hiemit</strong></span> <span class='ocrx_word' id='word_1_375' title='bbox 898 2701 1150 2748; x_wconf 74' lang='lat' dir='ltr'><strong>einh&#39;andigen</strong></span> <span class='ocrx_word' id='word_1_376' title='bbox 1177 2702 1284 2734; x_wconf 81' lang='lat' dir='ltr'><strong>lasse.</strong></span> <span class='ocrx_word' id='word_1_377' title='bbox 1313 2720 1355 2726; x_wconf 89' lang='lat'><strong>—-</strong></span> <span class='ocrx_word' id='word_1_378' title='bbox 1396 2701 1472 2735; x_wconf 78' lang='lat' dir='ltr'><strong>Qua</strong></span> <span class='ocrx_word' id='word_1_379' title='bbox 1501 2725 1509 2733; x_wconf 90' lang='lat'><strong>.</strong></span> <span class='ocrx_word' id='word_1_380' title='bbox 1538 2725 1545 2732; x_wconf 90' lang='lat'><strong>.</strong></span> <span class='ocrx_word' id='word_1_381' title='bbox 1569 2700 1673 2742; x_wconf 51' lang='lat' dir='ltr'><strong>prud&lt;</strong></span> 
     </span>
     <span class='ocr_line' id='line_1_45' title="bbox 197 2747 1677 2796; baseline 0 -16"><span class='ocrx_word' id='word_1_382' title='bbox 197 2760 233 2781; x_wconf 67' lang='lat' dir='ltr'><strong>cs</strong></span> <span class='ocrx_word' id='word_1_383' title='bbox 260 2763 309 2782; x_wconf 64' lang='grc' dir='ltr'><strong>τε</strong></span> <span class='ocrx_word' id='word_1_384' title='bbox 330 2761 401 2795; x_wconf 80' lang='lat' dir='ltr'><strong>pro</strong></span> <span class='ocrx_word' id='word_1_385' title='bbox 428 2756 492 2784; x_wconf 85' lang='lat' dir='ltr'><strong>tua</strong></span> <span class='ocrx_word' id='word_1_386' title='bbox 517 2750 730 2796; x_wconf 87' lang='lat' dir='ltr'><strong>prudentia.</strong></span> <span class='ocrx_word' id='word_1_387' title='bbox 752 2769 791 2776; x_wconf 92' lang='lat'>-</span> <span class='ocrx_word' id='word_1_388' title='bbox 822 2748 917 2784; x_wconf 77' lang='lat' dir='ltr'><strong>nihil</strong></span> <span class='ocrx_word' id='word_1_389' title='bbox 941 2755 974 2785; x_wconf 82' lang='lat' dir='ltr'><strong>te</strong></span> <span class='ocrx_word' id='word_1_390' title='bbox 990 2751 1137 2794; x_wconf 76' lang='lat' dir='ltr'><strong>fugiet,</strong></span> <span class='ocrx_word' id='word_1_391' title='bbox 1166 2750 1291 2792; x_wconf 82' lang='lat' dir='ltr'><strong>fallet,</strong></span> <span class='ocrx_word' id='word_1_392' title='bbox 1320 2750 1345 2783; x_wconf 87' lang='lat' dir='ltr'><strong>i.</strong></span> <span class='ocrx_word' id='word_1_393' title='bbox 1360 2760 1392 2786; x_wconf 89' lang='lat' dir='ltr'><strong>e.</strong></span> <span class='ocrx_word' id='word_1_394' title='bbox 1420 2747 1534 2782; x_wconf 77' lang='lat' dir='ltr'><strong>facile</strong></span> <span class='ocrx_word' id='word_1_395' title='bbox 1551 2747 1677 2782; x_wconf 75' lang='lat' dir='ltr'><strong>omnia</strong></span> 
     </span>
    </p>
   </div>
   <div class='ocr_carea' id='block_1_10' title="bbox 1751 0 1795 3086">
    <p class='ocr_par' dir='ltr' id='par_1_12' title="bbox 1751 0 1795 3086">
     <span class='ocr_line' id='line_1_46' title="bbox 1751 0 1795 3086; baseline 0 0"><span class='ocrx_word' id='word_1_396' title='bbox 1751 0 1795 3086; x_wconf 95' lang='lat' dir='ltr'><strong> </strong></span> 
     </span>
    </p>
   </div>
  </div>
 </body>
</html>
