1795 3086
226 127 319 175 308
508 129 568 169 Μ.
603 128 654 170 Τ.
689 124 1033 169 CICERONIS
1062 122 1433 168 EPISTOLAE.

229 246 344 298 peto,
374 253 460 280 non
492 239 637 279 solum
678 239 742 278 rei
772 238 993 292 publicae⁷
1032 250 1146 292 quae
1185 236 1266 276 tibi
1307 249 1479 291 semper
1518 234 1602 276 fuit
1641 247 1712 276 car

232 298 423 346 tissima,
452 295 531 335 sed
561 295 693 334 etiam
724 293 950 334 amicitiae
979 298 1157 334 nostrae
1200 291 1390 343 nomine,
1439 304 1567 345 quam
1607 304 1709 331 con-⁴

234 354 326 393 fido
356 350 470 405 apud
501 354 545 389 te
575 350 811 404 plurimum
840 363 982 403 posse.
1042 349 1190 388 Crede
1233 347 1344 387 mihi
1384 346 1504 387 hunc
1541 346 1713 387 exerci-

233 414 340 452 tum,
390 419 520 459 quem
563 404 718 449 habeo,
761 410 938 445 senatus
984 410 1117 457 atque
1158 402 1315 458 optimi
1363 403 1578 455 cuiusque
1618 415 1714 442 esse

231 463 513 516 maximeque
552 465 695 501 tuum:
748 461 804 500 de
846 461 973 500 cuius
1011 460 1240 501 voluntate
1276 458 1455 499 assidue
1495 457 1716 498 audiendo

232 517 426 558 mirifice
456 520 499 556 te
539 516 692 570 diligit
731 529 970 569 carumque
1008 515 1155 555 habet.
1233 514 1324 564 Qui
1362 513 1401 554 si
1437 513 1713 554 intellexerit

232 572 464 614 commoda
491 585 569 612 sua
598 585 730 611 curae
760 571 844 611 tibi
874 584 984 615 esse,
1024 571 1187 611 debere
1217 571 1349 610 etiam
1380 583 1428 610 se
1459 569 1541 609 tibi
1570 569 1716 609 omnia

233 629 418 683 putabit.
477 627 646 668 Literis
685 626 885 680 scriptis,
931 626 1083 666 audivi
1114 626 1398 666 Dolabellam
1429 626 1474 665 in
1504 624 1715 665 Ciliciam

233 684 408 726 venisse
438 696 536 724 cum
566 683 659 724 suis
691 683 846 736 copiis.
906 681 1185 721 Proficiscar
1223 682 1270 722 in
1301 681 1532 721 Ciliciam.
1591 679 1715 730 Quid

234 739 417 793 egerim,
457 739 668 779 celeriter
697 744 745 777 ut
775 737 907 782 scias,
944 738 1060 777 dabo
1091 749 1286 789 operam.
1356 737 1422 776 Ac
1460 737 1614 780 velim,
1667 739 1716 775 ut

234 808 455 836 meremur
483 795 539 833 de
571 808 618 834 re
646 793 841 846 publica,
889 792 957 833 sic
1000 792 1158 832 felices
1208 793 1358 832 simus.
1440 793 1530 833 Fac
1569 791 1717 833 valeas

235 865 388 905 meque
419 864 548 890 ames.
609 849 752 890 Nonis
782 849 934 899 Maiis,
963 862 1021 889 ex
1054 848 1226 888 castris.

399 1016 720 1074 EPISTOLA'
747 1030 1099 1072 Dcccxvm,
1158 1030 1234 1082 (aa
1267 1030 1370 1072 niv.
1402 1030 1461 1071 x.
1494 1029 1580 1077 η)

306 1111 385 1146 Ser.
414 1112 452 1143 in
503 1110 776 1157 Allobrogibus
805 1119 932 1141 mense
960 1107 1055 1141 Maio
1099 1107 1140 1140 A.
1170 1107 1213 1143 U.
1242 1107 1281 1140 C.
1308 1109 1386 1142 711.
1430 1108 1479 1148 (a.
1507 1105 1546 1137 C.
1573 1106 1648 1146 43.)

234 1179 380 1213 Grutias
407 1177 487 1225 agit
513 1176 689 1210 Ciceroni
727 1186 795 1221 pro
833 1173 984 1208 collatis
1020 1174 1058 1205 in
1095 1184 1132 1206 se
1165 1172 1304 1206 officiis
1338 1178 1374 1206 et
1409 1172 1456 1205 de
1481 1171 1609 1205 moin
1637 1181 1717 1204 rem

537 1225 729 1270 publicam
756 1223 879 1257 studio
905 1222 1029 1256 omnia
1056 1221 1276 1267 pollicetur.
1313 1221 1417 1255 1-3.

716 1288 940 1323 PLANCUS
976 1288 1224 1323 CICERONI.

346 1358 626 1401 Immortales
675 1370 760 1411 ago
807 1355 890 1396 tibi
936 1355 1104 1407 gratias
1142 1367 1356 1409 agamque
1404 1353 1509 1394 dum
1547 1354 1717 1396 vivam:

236 1431 337 1458 nam
368 1417 613 1457 relaturum
655 1427 724 1453 me
755 1410 986 1452 affirmare
1022 1424 1111 1451 non
1149 1423 1342 1463 possum.
1401 1409 1563 1452 Tantis
1603 1411 1720 1451 enim

236 1475 327 1515 tuis
357 1471 525 1513 officiis
565 1482 652 1509 non
691 1468 851 1509 videor
889 1465 951 1506 mi
989 1466 1257 1520 respondere
1286 1478 1431 1519 posse,
1469 1466 1557 1506 nisi
1586 1465 1721 1512 sorte,

237 1535 284 1569 ut
312 1533 361 1568 tu
401 1526 666 1582 gravissime
705 1521 1089 1576 disertissimeque
1126 1521 1366 1576 scripsisti,
1405 1521 1472 1562 ita
1511 1535 1721 1562 sensurus

237 1598 298 1631 es,
328 1587 376 1624 ut
406 1596 474 1623 me
505 1581 674 1622 referre
715 1578 904 1633 gratiam
942 1583 1085 1632 putes,
1125 1591 1259 1631 quum
1296 1577 1509 1618 memoria
1547 1579 1719 1619 tenebo.

236 1640 286 1681 Si
317 1640 372 1679 de
401 1638 489 1679 filii
518 1636 584 1677 tui
615 1635 838 1689 dignitate
877 1637 992 1673 esset
1021 1637 1185 1683 actum,
1229 1632 1463 1673 amabilius
1504 1638 1625 1674 certe
1654 1634 1721 1674 ni-
1774 1657 1779 1686 5

236 1696 305 1736 hil
354 1694 505 1735 facere
544 1692 776 1747 potuisses.
858 1688 1042 1730 Primae
1089 1694 1192 1730 tuae
1234 1688 1483 1741 sententiae
1527 1689 1720 1731 infinitis
1776 1706 1778 1723 τ

238 1765 337 1792 cum
365 1748 648 1796 muneribus3
677 1745 951 1800 posteriores
981 1745 1038 1786 ad
1068 1749 1240 1800 tempus
1270 1744 1590 1800 arbitriumque
1608 1745 1717 1787 ami-
1774 1770 1778 1777 .

237 1819 390 1848 corum
430 1818 628 1845 meorum
674 1800 975 1855 compositam
1020 1801 1168 1841 oratio
1204 1801 1386 1842 assidua
1424 1805 1470 1841 et
1507 1806 1721 1856 perpetua

237 1864 292 1904 de
320 1875 396 1920 mer
427 1860 576 1915 iurgia
614 1872 714 1899 cum
754 1856 1127 1899 obtrectatoribus
1166 1861 1348 1912 propter
1382 1869 1452 1897 me
1490 1857 1721 1898 notissima
1773 1858 1777 1867 ”

238 1990 311 2013 von
337 1977 474 2023 Syrien
499 1987 580 2010 war
612 1974 689 2007 und
725 1973 807 2007 sich
841 1974 880 2006 in
915 1974 1080 2019 Apamea
1113 1973 1370 2008 festzuhalten
1402 1974 1548 2016 eucine,
1585 1988 1611 2009 s.
1648 1976 1721 2010 Dio
1773 1975 1775 1978 ’

238 2028 334 2061 Cass.
361 2025 507 2059 XLVII.
537 2037 570 2056 u.
599 2035 658 2068 ep.
687 2024 767 2063 798,
797 2026 828 2056 1.
855 2041 900 2047 -—
927 2022 1066 2055 norm'ne
1091 2036 1139 2053 z
1165 2029 1332 2068 propter.
1542 2056 1545 2060 ,
1772 2030 1775 2037 ¹

333 2075 367 2107 4.
419 2084 493 2106 esse
519 2084 605 2105 cum
632 2071 749 2118 genii.
778 2085 826 2102 Ξ
853 2070 975 2103 einem
1004 2070 1167 2116 erg-eben
1192 2072 1283 2104 sein.
1312 2090 1353 2096 —
1381 2075 1490 2111 tuum,
1524 2070 1596 2105 Dir
1619 2083 1718 2119 ganz
1772 2084 1776 2105 ι

235 2128 433 2168 zugesagt,
459 2120 660 2167 zugethan.
711 2138 750 2142 —
805 2119 992 2158 audiendo,
1037 2118 1129 2152 weil
1163 2129 1201 2151 es
1228 2119 1348 2152 Deine
1380 2125 1471 2166 gute
1496 2119 1720 2168 Gesinnung
1749 2133 1776 2164 ‚3

237 2168 509 2203 unaufh‘cirlich
537 2178 610 2202 von
643 2168 718 2200 mir
750 2166 914 2200 riihmen
944 2166 1046 2200 hb'rt.
1100 2184 1141 2189 —
1192 2166 1320 2208 diligit
1353 2166 1435 2199 scil.
1471 2178 1576 2200 meus
1610 2179 1717 2202 exer·
1734 2201 1737 2210 Ἴ,

233 2219 342 2252 citus.

331 2266 365 2299 5.
415 2264 488 2297 Lit.
519 2263 648 2306 script.
700 2263 789 2297 Also
823 2261 907 2294 eine
940 2259 1208 2296 Nachschrist!
1262 2280 1305 2284 —
1358 2261 1542 2301 Ciliciam,
1575 2275 1623 2297 an
1649 2264 1718 2298 der
1772 2275 1776 2281 >

235 2314 388 2348 Grenze
412 2323 487 2345 von
511 2310 667 2355 Syrien.
709 2329 748 2335 -—
794 2312 853 2343 Ac
878 2309 984 2341 velim
1010 2315 1082 2342 cet.
1132 2308 1247 2350 „Und
1280 2308 1345 2342 ich
1377 2311 1463 2343 will
1495 2311 1717 2355 wiinschen,
1773 2339 1775 2349 ‚

235 2364 316 2395 dass
341 2361 418 2395 wir
443 2371 482 2393 so
507 2358 711 2406 gliicklieh
735 2357 833 2399 sind,
858 2357 912 2390 als
925 2356 1019 2391 Wir
1044 2367 1080 2388 es
1106 2367 1169 2389 um
1194 2356 1255 2390 die
1278 2357 1470 2403 Republik
1495 2359 1715 2395 vex-dienen.

237 2429 280 2435 --
308 2409 400 2442 Non.
429 2408 542 2447 Mai„
567 2418 627 2440 am
653 2409 684 2441 7.
712 2407 796 2440 Mai.

334 2460 365 2492 l.
417 2457 623 2489 relaturum
654 2465 729 2494 me,
772 2453 870 2486 denn
904 2452 974 2486 Dir
1014 2451 1215 2498 vergelten
1252 2465 1300 2487 zu
1339 2452 1486 2488 wollen
1523 2457 1620 2503 wag'
1652 2456 1717 2490 ich

236 2503 345 2539 nicht
370 2516 418 2539 zu
443 2514 570 2550 sag-en.
608 2521 650 2528 -
685 2502 769 2543 tuis,
798 2502 822 2533 i.
852 2512 883 2533 e.
911 2500 1046 2544 quibus
1071 2511 1092 2533 a
1116 2506 1153 2533 te
1178 2500 1335 2535 affectus
1361 2513 1454 2535 sum.
1490 2521 1530 2528 —·
1571 2515 1715 2548 respon-

238 2555 333 2595 dere,
360 2552 588 2586 erwiedern.
616 2568 658 2574 ——-
678 2553 717 2582 ut
741 2554 815 2582 tum
834 2548 960 2582 Lamb.
986 2567 1032 2572 ——
1058 2559 1112 2580 me
1135 2550 1281 2590 referre
1305 2549 1483 2592 gratiam,
1510 2550 1573 2584 ich
1599 2552 1716 2586 zollte

236 2602 308 2636 Dir
334 2601 431 2634 daun
458 2599 576 2633 sehon
601 2598 675 2631 den
699 2597 821 2640 Dank,
862 2608 976 2631 wann
1013 2596 1078 2630 ich
1104 2596 1224 2630 Deine
1250 2597 1474 2632 Verdienste
1506 2611 1570 2632 um
1608 2599 1713 2633 mich

237 2653 292 2682 im
316 2647 566 2682 Ged'a'chtniss
599 2645 801 2681 festhielte.
840 2665 882 2671 —
918 2648 1010 2678 esset
1033 2649 1163 2685 actum,
1190 2645 1376 2679 heti-offen
1401 2644 1517 2681 hatte.
1545 2665 1586 2671 --
1613 2657 1713 2681 ama-

237 2698 312 2737 bit„
340 2695 616 2730 liebevolleres.
655 2713 701 2719 —
744 2693 956 2733 sententiae,
983 2692 1311 2739 Abstimmungen,
1334 2694 1437 2727 Vota.
1485 2712 1527 2718 —-
1578 2705 1711 2728 muner.

236 2744 523 2792 Belohnungen.
561 2761 607 2768 --
649 2743 698 2775 ad
721 2746 872 2785 tempus,
898 2741 1135 2787 zeitgem'a'ss,
1173 2740 1270 2773 nach
1297 2741 1369 2774 den
1396 2741 1711 2776 Zeitumstb'nden.

237 2814 278 2820 -
307 2802 478 2836 compos„
505 2790 811 2824 accommodatae.
843 2809 883 2814 -
926 2789 1066 2829 iurgia.
1097 2788 1188 2823 Ern.
1218 2790 1302 2822 coni
1343 2788 1429 2827 Sch.
1459 2789 1549 2826 [itin.
1590 2791 1710 2825 oratio
