1795 3086
212 90 308 138 242
506 90 567 133 M.
599 89 653 132 T«.
686 85 1031 129 CICERONIS
1054 69 1436 131 'EPISTOLAE

216 204 361 259 Caput
391 206 537 243 autom
576 203 645 242 est
685 199 788 253 hoc,
834 198 954 255 quod
993 200 1036 240 te
1084 198 1433 254 diligentissime
1457 200 1708 256 'percipere

213 265 260 302 et
288 260 543 301 meminisse
573 257 737 303 volam,
779 259 829 297 ut
868 270 924 296 ne
969 256 1014 295 in
1053 254 1263 297 libertate
1299 260 1347 298 ct
1382 257 1529 298 salute
1556 258 1708 313 populi

212 316 408 359 Romani
447 312 751 356 conservanda
780 312 1096 353 auctoritatem
1125 316 1303 354 senatus
1332 317 1565 368 exspectes
1594 327 1705 355 non-

213 374 319 413 dum
350 370 499 423 liberi,
528 384 583 411 nc
611 373 657 411 et
685 372 809 410 tuum
841 367 1011 408 sactum
1042 367 1312 410 condemnes
1343 392 1394 405 -
1425 369 1554 411 nullo
1582 370 1707 411 enim

214 428 396 482 publico
435 426 630 468 consilio
659 438 752 466 rem
782 423 1008 478 publicam
1037 423 1310 468 liberavisti:
1351 439 1442 480 quo
1471 426 1608 467 etiam
1636 430 1706 467 est

214 498 288 526 res
319 485 404 525 illa
432 482 577 524 maior
604 485 649 522 et
680 481 851 522 clarior
879 503 934 509 —
960 483 1009 521 ct
1036 480 1372 523 adolescentem
1416 481 1491 523 vel
1521 494 1706 536 puerum

211 539 360 595 potius
388 540 626 581 Caesarem
655 536 832 578 iudices
863 540 1033 577 temere
1077 536 1253 585 fecisse,
1289 537 1368 593 qui
1405 540 1576 579 tantam
1604 551 1707 578 ,cau-

210 608 307 637 sam
337 595 561 652 publicam
591 593 769 649 privato
800 591 991 634 consilio
1021 594 1295 648 susceperit:
1337 593 1536 649 denique
1560 592 1707 635 homi-

213 665 291 693 nes
331 652 536 695 rusticos,
573 650 652 693 sed
693 649 967 690 fortissimos
997 649 1120 691 viros
1150 651 1361 705 civesque
1390 651 1602 705 optimos,
1630 650 1706 691 de-

213 712 382 749 mentes
412 707 554 748 fuisse
585 705 775 759 iudices,
811 704 1004 760 primum
1032 706 1202 746 milites
1231 712 1484 758 veteranos,
1522 705 1706 748 commi-

210 764 374 805 litones
414 768 529 810 tuos,
567 762 731 804 deinde
775 760 997 815 legionem
1035 759 1266 808 Martiam,
1313 762 1538 817 legionem
1575 775 1707 817 quar-

211 823 316 873 tani,
356 832 470 874 quae
509 831 636 859 suum
674 818 900 858 consulem
929 816 1104 858 hostem
1135 817 1454 860 iudicaverunt
1482 831 1618 873 seque
1648 818 1706 858 ad

211 877 399 917 salutem
432 875 499 916 rei
528 875 731 930 publicae
761 873 1091 915 defendendam
1121 875 1423 915 contulerunt.
1481 874 1705 915 Voluntas

211 935 392 973 senatus
442 945 523 985 pro
569 929 841 972 auctoritate
887 928 1046 971 haberi
1084 928 1233 983 debet,
1284 943 1421 985 quum
1461 930 1705 972 auctoritas

212 987 456 1043 impeditur
486 991 620 1028 metu.
682 986 919 1027 Postremo
959 990 1169 1040 suscepta
1208 987 1295 1027 tibi
1333 999 1469 1027 causa
1505 986 1596 1027 iam
1635 985 1705 1026 bis

209 1048 292 1097 est,
325 1048 374 1086 ut
403 1057 490 1084 non
521 1043 580 1084 sit
609 1044 860 1097 integrum:
896 1042 1089 1095 primum
1117 1041 1273 1084 Idibus
1304 1041 1512 1093 Martiis3
1542 1041 1706 1085 deinde

304 1213 338 1246 2.
392 1210 524 1254 Caput,
551 1208 619 1243 dor
644 1208 904 1254 Hauptpunct,
930 1218 1086 1241 summa.
1116 1227 1159 1233 —-
1185 1208 1317 1242 volam.
1359 1205 1421 1242 Sic
1445 1207 1520 1243 Md.
1546 1207 1643 1245 vict,
1671 1210 1701 1243 1ο

209 1262 243 1295 2.
278 1259 415 1293 GraeV.
457 1257 597 1292 Bened.
640 1257 742 1290 velim
786 1268 831 1289 ex
863 1257 1017 1300 antiqua
1049 1263 1211 1292 correct.
1257 1257 1374 1302 Neap.
1412 1256 1496 1290 Asc.
1531 1259 1563 1292 1.
1602 1257 1700 1291 crat„

208 1308 337 1343 Lamb.
364 1307 458 1341 Ern.
484 1305 574 1341 Sch.
601 1305 696 1339 Liin.
725 1304 924 1339 ORELLI.
965 1304 1268 1347 §.Ramsh.§.66‚
1294 1305 1384 1339 Not.
1417 1323 1458 1330 --
1486 1309 1525 1339 ut
1550 1315 1594 1339 ne
1619 1312 1703 1348 cet.,

208 1357 317 1400 „dass
343 1357 403 1390 Du
428 1355 462 1388 ia
488 1354 609 1396 nicht,
645 1365 758 1387 wenn
786 1364 823 1387 es
850 1353 987 1386 darauf
1007 1353 1206 1387 ankommt
1237 1352 1301 1386 die
1328 1352 1506 1387 Freiheit
1537 1353 1614 1386 und
1639 1353 1703 1387 das

208 1404 301 1438 Heil
326 1404 387 1437 des
414 1401 645 1437 Riimischen
670 1401 788 1435 Volks
823 1413 871 1434 zu
898 1407 1037 1442 restem,
1073 1407 1153 1436 erst
1178 1400 1338 1435 Beschle
1363 1412 1453 1435 vom
1478 1400 1613 1436 Senate
1638 1401 1703 1436 ab-

207 1451 405 1488 wartest.“
454 1450 611 1497 Wegen
639 1449 708 1483 der
732 1448 867 1482 Anh'zin
900 1449 1065 1482 lichkeit
1098 1448 1283 1483 mancher
1317 1449 1525 1484 Senatoren
1555 1461 1602 1483 an
1628 1449 1703 1484 den

207 1500 390 1536 Antonius
418 1499 495 1533 und
520 1509 659 1542 wegen
685 1497 753 1532 der
774 1461 1083 1531 Furcffitsamkeit
1103 1497 1266 1531 anderen
1291 1508 1362 1532 vor
1387 1498 1483 1545 ihm...
1508 1516 1556 1523 -
1580 1498 1703 1540 liberi,

207 1549 359 1583 obnoxii
398 1547 574 1586 Antonio,
622 1546 690 1580 der
726 1545 829 1579 noch
862 1544 972 1578 nicht
1005 1545 1103 1579 frcie
1137 1545 1268 1578 H'a'nde
1307 1546 1384 1580 hat.
1455 1545 1559 1581 Uber
1589 1551 1627 1580 ut
1660 1557 1703 1580 ne

207 1596 360 1632 Ramsh.
386 1597 415 1639 ξ.
446 1597 527 1637 193,
554 1595 584 1628 Ι.
637 1612 678 1618 —-
729 1604 771 1627 ne
797 1618 806 1627 .
835 1619 841 1625 .
868 1594 1094 1636 condemnes,
1133 1593 1279 1636 „damit
1302 1595 1362 1628 Du
1387 1593 1556 1628 dadurch
1593 1594 1703 1628 nicht

206 1646 326 1680 Deine
351 1645 486 1691 eigene
512 1642 626 1684 Tim,
653 1641 782 1676 casare
809 1641 1072 1689 Ermordung,
1107 1641 1421 1677 verurtheilest.“
1471 1644 1581 1677 Denn
1605 1642 1700 1676 dazu

206 1700 322 1728 warst
346 1694 405 1727 Du
431 1691 528 1726 auch
555 1689 667 1724 nicht
693 1701 781 1724 vom
808 1689 944 1724 Senate
970 1685 1297 1737 bevol'lm'zichtigt.
1333 1709 1375 1716 —
1414 1691 1515 1724 nullo
1540 1716 1550 1724 .
1578 1716 1586 1725 .
1613 1700 1698 1725 con-

205 1743 308 1783 silio,
356 1741 437 1775 sine
473 1745 622 1774 senatus
655 1739 757 1772 iussu
790 1744 826 1772 et
857 1738 1093 1781 auctoritate,
1129 1739 1281 1784 privato
1316 1739 1476 1773 consilio
1502 1739 1700 1775 caesarem

206 1790 394 1828 occidisti,
420 1796 462 1823 ut
489 1788 686 1824 civitatem
713 1787 909 1821 liberares.
937 1806 979 1811 -
1007 1798 1090 1831 quo,
1116 1786 1306 1822 wesshalb
1332 1799 1397 1820 um
1424 1798 1474 1822 so.
1509 1807 1555 1814 -
1591 1791 1626 1821 et
1652 1799 1700 1821 ne

280 1838 422 1871 iudices
448 1844 519 1871 cet.
547 1836 623 1870 und
649 1835 766 1869 damit
793 1835 851 1869 Du
876 1834 988 1869 nicht
1013 1835 1184 1869 dadurch
1211 1847 1259 1868 zu
1285 1835 1466 1873 erkl'ziren
1491 1835 1700 1877 scheinest‚

205 1886 275 1921 der
299 1887 415 1933 iunge
441 1887 554 1920 Mann
580 1885 672 1918 oder
696 1883 892 1918 vielmehr
924 1882 1093 1918 Bursche
1127 1884 1240 1918 C'a'sar
1274 1884 1496 1918 Octavianus
1528 1884 1626 1918 habe
1659 1885 1699 1917 in

205 1935 278 1969 den
306 1934 388 1982 Τῆς
414 1932 774 1981 hineingehandelt‚
802 1932 866 1977 qui
892 1946 941 1964 Ξ
966 1932 1046 1966 dass
1072 1943 1114 1966 er
1141 1932 1207 1966 ein.
1229 1943 1268 1967 so
1292 1943 1440 1979 grosses
1458 1930 1699 1981 Wagestiick

204 1985 270 2017 fiir
295 1983 356 2016 die
382 1982 576 2028 Republik
608 1982 676 2015 auf
700 1982 801 2015 scine
838 1980 971 2029 eigene
998 1980 1109 2014 Hand
1141 1981 1394 2025 unternahm3
1436 1981 1605 2015 n'eimlich
1631 1992 1699 2028 ge-

204 2043 280 2079 gen
305 2031 489 2065 Antonius
516 2031 578 2064 ein
602 2031 707 2064 Heer
730 2029 885 2063 anwarb
923 2029 1001 2063 und
1027 2029 1101 2062 den
1125 2028 1229 2063 Staat
1261 2041 1308 2062 zu
1333 2028 1607 2077 vertheidigen
1635 2040 1697 2062 er-

203 2080 375 2113 kl'airte.“
425 2079 604 2112 Octavian
629 2089 713 2113 war
738 2077 837 2111 noch
864 2077 974 2112 nicht
1000 2080 1046 2113 20
1071 2076 1163 2110 lahr
1187 2078 1250 2111 alt.
1277 2096 1324 2102 -—-
1348 2077 1500 2121 denique
1525 2088 1587 2120 ne,
1621 2077 1697 2111 und

204 2126 379 2170 endlich,
404 2126 523 2161 damit
547 2128 607 2161 Du
633 2126 744 2161 nicht
769 2138 804 2162 u.
832 2138 859 2159 s.
890 2138 939 2160 w.
978 2144 1019 2151 —-
1056 2126 1235 2166 ‘1-usticos3
1262 2137 1373 2173 agros
1401 2125 1504 2160 enim
1529 2125 1696 2172 assigna-

202 2183 257 2211 tos
284 2188 305 2211 a
330 2175 487 2210 Caesare
513 2176 657 2209 milites
681 2174 853 2209 veterani
879 2174 1063 2207 colebant.
1096 2192 1136 2199 -—
1162 2179 1351 2207 veteranos
1375 2185 1395 2207 a
1422 2172 1580 2213 Calatia,
1606 2183 1696 2207 mox
1759 2184 1762 2190 ·

201 2224 400 2259 acasilino
418 2223 748 2258 excivitOctavius
768 2223 809 2255 in
826 2233 982 2266 eamque
1008 2233 1091 2257 rem
1116 2222 1388 2267 patrimonium
1413 2233 1520 2258 suum
1548 2220 1691 2255 offudin
1759 2234 1762 2241 ¹

201 2271 468 2318 Vid.Philipp.
498 2272 568 2313 111,
594 2283 627 2306 c.
652 2274 687 2307 2.
722 2271 857 2305 Vellei.
884 2270 989 2303 Libr.
1017 2270 1066 2304 ΙΙ.
1096 2289 1139 2294 -—
1165 2280 1256 2315 quae
1280 2284 1329 2301 Ξ
1356 2269 1499 2315 quippe
1525 2280 1630 2313 quae.
1649 2289 1692 2294 -=

200 2332 303 2357 suum
327 2321 516 2363 consulem,
541 2319 762 2354 Antonium.
796 2337 844 2344 —
884 2318 1122 2360 contulerunt,
1151 2330 1223 2351 zur
1248 2317 1519 2353 Schutzarmee
1543 2319 1609 2355 fiir,
1633 2317 1694 2356 die

200 2368 394 2419 Republik
419 2369 669 2416 iibergingcn.
718 2367 838 2414 Legio
862 2366 995 2403 Martia
1028 2373 1067 2401 et
1103 2372 1236 2412 quarta
1270 2365 1313 2400 ab
1338 2366 1504 2401 Antonio
1528 2366 1692 2401 transie-
1734 2394 1737 2395 γ

200 2425 287 2452 rant
313 2417 357 2451 ad
384 2417 643 2459 Octavianum,
682 2416 730 2451 ad
755 2414 873 2449 Hirtii
907 2422 944 2450 et
971 2415 1107 2449 Pansae
1133 2414 1355 2449 exercitum.
1407 2433 1450 2443 ψ-
1505 2413 1693 2456 Voluntas,

198 2466 292 2512 quid
315 2472 464 2500 senatus
489 2464 603 2506 velit,
627 2475 704 2499 non
731 2470 880 2498 senatus
907 2464 1125 2497 consultum
1152 2469 1206 2497 est
1230 2463 1538 2508 exspectandum.
1585 2464 1691 2507 „Der
1755 2478 1758 2491 ι

198 2513 253 2547 i'm
278 2513 419 2549 Stillen
444 2513 623 2562 gehegte,
660 2511 846 2568 geniihrte
872 2510 1001 2548 Wille
1027 2512 1091 2546 des
1116 2511 1250 2546 Senats
1284 2523 1384 2545 muss
1416 2511 1509 2546 ietzt
1534 2511 1598 2545 fiir
1620 2510 1689 2545 Be·
1755 2521 1757 2530 ·

194 2562 292 2603 fehl,
320 2574 391 2608 pro
416 2564 641 2597 auctoritate
668 2575 693 2595 1.
725 2572 756 2595 e.
783 2560 952 2603 decreto,
977 2561 1116 2605 gehen,
1141 2560 1187 2594 da
1212 2558 1532 2595 ausdriickliclier
1552 2556 1688 2593 Befehl

194 2610 318 2645 durch
344 2610 491 2645 Furcht
512 2610 658 2645 zuriiek
683 2608 866 2657 gehaltcn
888 2609 1034 2644 wird.“
1068 2628 1109 2633 —
1151 2613 1257 2651 metu,
1283 2620 1402 2654 quum
1425 2613 1573 2643 senatus
1598 2616 1687 2652 pro-

193 2664 284 2705 pter
309 2666 454 2694 metum
480 2670 557 2693 non
582 2659 693 2694 audet
717 2658 931 2692 decernere.

287 2731 322 2765 3.
369 2731 559 2773 integrum
583 2730 743 2764 deficere
778 2735 817 2763 et
850 2741 998 2764 causam
1029 2728 1076 2763 ad
1110 2736 1280 2764 senatum
1319 2729 1488 2767 referre,
1532 2737 1573 2761 so
1604 2725 1686 2759 dass

192 2779 250 2813 Du
275 2790 351 2811 nun
378 2780 488 2813 nicht
514 2779 627 2814 mehr
650 2779 749 2813 sreie
787 2779 917 2813 Hkinde
948 2778 1033 2813 hast
1066 2779 1141 2812 und
1175 2779 1236 2813 das
1272 2776 1398 2813 VVerk
1433 2774 1682 2811 unvollendet
