1795 3086
376 63 690 106 EPISTOLA
728 63 1037 106 DCLXVIII.
1080 63 1340 106 DCLXIX.
1539 62 1599 109 25

122 177 245 217 nobis
291 176 469 217 amicus.
540 177 608 217 Te
658 176 833 229 quando
881 181 1203 231 exspectemus,
1251 175 1321 216 fac
1360 179 1408 216 ut
1447 174 1596 216 sciam.

123 231 237 271 Cura
271 238 313 272 te
344 231 597 285 diligenter.
658 231 784 272 Vale.

261 347 574 390 EPISTOLA
608 313 925 390 DcLXVIII.
958 347 1037 397 (ad
1068 347 1172 390 Div.
1207 348 1342 392 XVI.
1374 349 1460 399 19.)

233 424 310 457 Ser.
335 424 484 458 videtur
508 424 636 469 paullo
662 430 747 469 post
772 434 830 469 ep.
857 424 937 459 662.
962 423 1005 456 A.
1033 423 1077 456 U.
1104 423 1143 456 C.
1173 426 1252 459 708.
1281 425 1327 467 (a.
1355 423 1395 459 G.
1422 425 1495 466 46.)

128 490 271 524 {literas
299 503 336 525 se
364 498 580 537 exspectare
606 491 738 525 scribit
774 497 812 525 et
844 490 890 524 de
917 490 1111 524 Demetrio
1147 495 1182 524 et
1220 490 1413 526 Aufidiano
1450 490 1602 525 nomine

718 545 759 573 ut
784 545 891 573 curet
913 538 1022 584 petit.

624 604 838 640 TULLIUS
865 604 1040 639 TIRONI
1067 603 1103 638 S.

238 675 465 729 Exspecto
509 677 607 713 tuas
658 672 813 713 literas
865 671 922 712 de
969 671 1123 712 multis
1173 673 1326 713 rebus:
1375 677 1418 713 te
1461 673 1604 727 ipsum

128 729 266 771 multo
315 731 472 784 magis.
544 728 825 770 Demetrium
878 727 1017 769 redde
1055 731 1255 768 nostrum
1294 731 1338 769 et
1379 728 1515 780 aliud,
1564 729 1603 770 si

128 785 237 839 quid
268 790 414 839 potest
441 785 557 825 boni.
617 785 688 825 De
717 782 958 826 Aufidiano
1001 784 1178 825 nomine
1208 782 1325 825 nihil
1355 787 1399 824 te
1428 783 1604 825 hortor:

129 841 224 881 scio
255 842 339 882 tibi
378 854 511 882 curae
549 854 659 882 esse.
718 839 806 881 Sed
845 839 1029 880 confice.
1088 839 1163 891 Et,
1204 840 1243 881 si
1283 840 1339 880 ob
1379 852 1475 880 eam
1515 854 1606 880 rem

131 898 334 950 moraris,
386 896 558 951 accipio
606 909 804 937 causam:
855 895 895 937 si
936 894 984 935 id
1026 899 1069 936 te
1117 908 1205 936 non
1244 899 1381 946 tenet,
1430 895 1604 938 advola.

131 951 307 994 Literas
338 957 434 994 tuas
460 952 591 994 valde
623 955 847 1006 exspecto.
907 950 1038 991 Vale.

270 1101 582 1143 EPISTOLA
614 1102 882 1144 DCLXIX.
943 1102 1019 1153 (ad
1059 1102 1164 1143 Div.
1209 1101 1342 1144 XVI.
1385 1101 1473 1151 16.)

309 1175 389 1212 scr.
417 1177 570 1211 videtur
596 1178 635 1210 in
661 1177 854 1211 Britannia
881 1177 923 1210 A.
952 1177 996 1211 U.
1024 1177 1064 1211 c.
1094 1180 1172 1214 700.
1214 1178 1262 1220 (a.
1292 1177 1332 1212 c.
1358 1178 1434 1219 54.)

159 1244 314 1285 Quintus
349 1244 461 1277 fratri
488 1243 533 1277 de
560 1244 703 1278 Tirone
738 1244 964 1277 manumisso
1003 1244 1141 1291 gratias
1176 1244 1255 1292 agit
1289 1251 1326 1279 et
1362 1245 1585 1292 gratulatur.

820 1293 920 1327 1-2.

682 1359 722 1401 Q.
752 1360 798 1392 m.
825 1357 1007 1392 FRATRI
1035 1358 1070 1392 s.

247 1427 316 1468 De
356 1428 539 1478 Tirone,
582 1428 642 1467 mi
681 1426 851 1479 Marce,
897 1427 959 1467 ita
1000 1431 1043 1467 te
1079 1439 1310 1481 meumque
1350 1425 1610 1467 Ciceronem

138 1486 181 1521 et
209 1496 347 1523 meam
377 1484 618 1524 Tulliolam
646 1487 856 1536 tuumque
885 1481 1031 1522 filium
1060 1483 1254 1536 videam,
1295 1486 1343 1523 ut
1371 1481 1484 1522 mihi
1512 1496 1612 1537 gra-

138 1539 357 1579 tissimum
388 1539 551 1589 fecisti,
584 1552 716 1592 quum
747 1552 858 1591 eum,
889 1538 1119 1593 indignum
1149 1538 1231 1580 illa
1259 1537 1455 1589 fortuna,
1487 1538 1613 1579 nobis

139 1716 217 1738 esse
243 1706 427 1739 credibile
454 1714 519 1749 est,
547 1719 660 1751 quum
688 1707 752 1740 hic
777 1713 911 1755 agatur
936 1706 981 1740 de
1008 1707 1157 1745 olitore,
1195 1708 1298 1740 cuius
1324 1706 1465 1740 mentio
1490 1706 1535 1741 fit
1560 1718 1618 1751 ep

139 1755 221 1789 662.
270 1754 500 1803 Ragazonius
522 1767 608 1811 eam
636 1756 768 1790 retulit
792 1755 839 1789 ad
864 1767 947 1788 ann.
976 1757 1055 1791 709.
1094 1755 1202 1790 SCH.

238 1824 267 1855 1.
318 1822 431 1855 maleo
456 1823 580 1864 magis
606 1828 792 1867 exspecto.
826 1837 876 1848 ν-
916 1822 1075 1856 Demetr.
1103 1823 1210 1856 redde
1235 1827 1410 1863 nostrum,
1448 1821 1521 1855 den
1547 1822 1620 1855 De-

140 1869 295 1902 metrius
323 1870 436 1915 mech.
460 1871 535 1903 mir
560 1870 707 1905 wieder
732 1877 810 1918 gut.
855 1870 890 1907 S.
930 1881 987 1914 ep.
1015 1871 1097 1910 660,
1125 1872 1158 1906 2.
1186 1873 1267 1914 661,
1292 1873 1327 1906 2.
1374 1888 1416 1894 --
1459 1874 1491 1903 et
1517 1869 1622 1903 aliud

141 1929 224 1964 age,
252 1929 351 1951 cura.
379 1937 420 1942 —
452 1923 583 1962 potest,
611 1930 687 1953 was
714 1919 785 1953 Dir
810 1919 927 1952 Gutes
953 1917 1126 1965 mbglich
1152 1918 1217 1961 ist3
1259 1918 1337 1952 und
1371 1929 1484 1952 wenn
1519 1924 1620 1951 sonst

142 1965 270 1998 Etwas
296 1972 404 2014 gutes
431 1967 502 2000 mit
531 1966 611 1999 ihm
639 1979 687 1999 zu
712 1965 871 2001 macheu
896 1967 956 2000 ist.
994 1965 1057 1999 Sic
1081 1966 1171 2008 Md„
1197 1973 1239 2001 ut
1263 1966 1435 2009 videtum
1463 1965 1562 1999 Vict.
1586 1968 1619 2000 1,

143 2013 279 2047 Graev.
307 2014 400 2047 ΕΝ).
426 2015 561 2048 Bened.
597 2014 686 2049 Sch.
722 2015 815 2048 Liin.
852 2019 959 2058 potes
992 2015 1110 2060 Neap.
1147 2015 1232 2050 Asc.
1260 2018 1292 2049 l.
1328 2014 1430 2048 Crat.
1466 2013 1561 2048 Vict.
1585 2015 1619 2048 2,

142 2061 269 2094 hamb.
305 2062 498 2096 ORELLI.
539 2081 580 2087 -—
615 2063 671 2096 De
696 2063 894 2104 Aufidiano
919 2063 1076 2104 nomine,
1103 2063 1148 2096 de
1174 2063 1344 2108 pecunia,
1377 2073 1488 2107 quam
1514 2061 1621 2095 debet

144 2109 322 2144 Aufidius.
373 2110 506 2144 Dieser
530 2122 612 2145 war
637 2110 840 2145 vielleicht
865 2111 924 2145 ein
950 2111 1098 2158 Biirger
1123 2121 1195 2144 von
1220 2110 1434 2144 Tusculum.
1463 2131 1503 2136 —
1540 2120 1621 2143 con-

137 2156 223 2199 fiee,
251 2157 382 2191 macha
408 2158 468 2192 die
494 2158 616 2193 Sache
649 2159 702 2193 ab.
746 2178 788 2183 —
831 2160 1005 2201 moraris,
1043 2159 1178 2206 l'a‘nger
1210 2159 1424 2201 ausbleibst,
1465 2169 1505 2193 so
1540 2158 1623 2191 lass*

145 2205 206 2238 ich
232 2206 293 2240 die
320 2206 657 2255 Entschuldigung
681 2207 823 2255 gelten.
853 2225 895 2232 —
924 2211 1016 2240 tenet
1043 2219 1091 2236 Ξ
1117 2207 1270 2242 retinet.

242 2280 272 2311 l.
322 2277 379 2310 De
407 2278 549 2311 Tirone.
600 2278 658 2311 Ex
684 2277 755 2312 hac
782 2278 942 2324 epistola
967 2277 1179 2325 colligitur,
1206 2277 1366 2312 Statium
1390 2277 1519 2320 Quinti
1545 2287 1622 2310 ser-

147 2336 233 2357 vum
261 2325 367 2369 prius
394 2325 664 2359 manumissum
692 2337 785 2369 esse,
826 2338 938 2371 quam
965 2327 1108 2360 Marcus
1135 2325 1273 2360 Tironi
1305 2337 1371 2360 suo
1406 2326 1624 2359 libertatem

147 2372 304 2406 ‹ledet-if.
356 2372 495 2407 Statius
521 2384 610 2407 vero
639 2374 885 2408 manumissus
912 2380 968 2408 est
994 2387 1023 2407 a.
1051 2387 1085 2407 u.
1112 2385 1143 2407 c.
1169 2375 1251 2410 696.
1296 2373 1442 2408 Deinde
1468 2384 1513 2406 ex
1538 2383 1623 2406 ver-

147 2420 203 2453 bis
229 2420 283 2454 ila
309 2425 342 2453 te
368 2446 375 2453 .
402 2446 411 2465 .-
436 2421 578 2454 videam
611 2423 846 2468 perspicitur
878 2423 1055 2464 Quintum
1093 2432 1137 2456 eo
1171 2428 1344 2467 tempore
1381 2421 1528 2465 longius
1563 2420 1625 2453 ab·

147 2468 275 2502 fuisse.
325 2468 514 2502 Convenit
553 2470 674 2517 igitur
714 2482 796 2504 eam
836 2471 1018 2515 scriptam
1053 2481 1128 2504 esse
1161 2482 1191 2503 a.
1227 2473 1307 2509 700,
1349 2479 1422 2512 quo
1454 2475 1625 2513 tempore

133 2516 306 2558 ⁴Quintus
333 2516 476 2562 legatus
504 2517 672 2551 Caesaris
705 2525 784 2552 erat
818 2518 857 2551 in
884 2518 1007 2552 Gallia
1035 2524 1073 2552 et
1098 2518 1303 2552 Britannia.
1353 2517 1403 2551 Et
1439 2515 1541 2551 hunc
1567 2517 1623 2561 ip-

149 2577 227 2597 sum
255 2565 293 2597 in
320 2575 455 2598 annum
483 2565 619 2599 incidit
646 2566 887 2601 manumissio
914 2566 1078 2600 Tironis.
1117 2566 1226 2600 SCJI.

249 2635 277 2666 l.
330 2634 386 2666 ita
423 2659 430 2666 .
458 2658 465 2666 .
493 2658 502 2666 .
537 2633 688 2677 videam,
715 2638 764 2676 ul,
792 2645 856 2676 „so
883 2634 993 2668 wahr
1026 2633 1090 2667 ich
1126 2659 1133 2668 .
1163 2659 1171 2668 .
1208 2632 1470 2667 wiedersehen
1504 2632 1626 2679 moge,

150 2680 202 2712 als
229 2704 239 2713 .
266 2705 274 2713 .
291 2683 326 2713 ⁶⁶.
378 2682 448 2716 Die
474 2681 659 2716 bekannte
687 2681 1098 2727 Betheurungsformel,
1130 2700 1170 2706 —-
1191 2683 1364 2726 somma,
1391 2680 1555 2716 servitio.
1581 2697 1627 2704 -—

153 2729 312 2762 maluisti
339 2729 363 2764 i.
389 2742 417 2764 e.
451 2729 548 2773 quod
575 2741 658 2764 eum
687 2729 946 2765 manumisisti.
