1795 3086
264 68 351 116 108
455 123 458 131 .
538 71 598 112 M.
631 71 685 113 T.
717 70 1056 114 CICERONIS
1086 71 1456 115 EPISTOLAE.

256 183 389 224 finem
417 182 562 224 video.
620 182 820 223 Tabulae
846 182 1065 238 figuntur:
1105 184 1403 225 immunitates
1433 184 1616 226 dantur:
1657 199 1729 240 pe.-

257 238 414 279 cuniae
444 239 667 279 maximae
697 238 1032 281 ‹lescribunturt
1073 241 1253 281 exsules
1284 240 1574 281 reducuntur:
1606 254 1729 283 sena·
1793 277 1795 287 .

256 298 328 336 tus
357 293 556 334 consulta
584 292 701 335 falsa
730 293 1009 335 reseruntur:
1041 298 1091 335 ut
1113 295 1414 336 tantummodo
1437 295 1589 337 odium
1611 296 1731 337 illud
1794 299 1795 347 ἶ

256 348 449 390 hominis
490 348 655 403 impuri
693 354 738 391 et
775 351 1007 392 servitutis
1048 349 1181 391 dolor
1210 351 1421 406 depulsus
1450 365 1545 393 esse
1574 351 1729 393 videa·
1793 355 1795 370 t

256 410 353 457 tur,
384 417 454 445 res
483 405 662 459 publica
700 406 845 447 iaceat
883 407 929 447 in
968 405 1025 446 iis
1063 405 1496 460 perturbationibus,
1534 406 1581 447 in
1620 421 1729 462 quas

188 472 215 508 2
253 473 350 501 eam
379 459 462 500 ille
492 460 695 501 coniecit.
765 462 891 502 Haec
934 460 1082 501 omnia
1119 463 1246 503 vobis
1286 466 1388 503 sunt
1426 462 1726 516 expedienda:

254 528 334 555 nec
371 514 460 555 hoc
499 516 808 570 cogitandum,
855 516 965 557 satis
1003 516 1090 558 iam
1129 517 1293 559 habere
1333 531 1424 558 rem
1452 518 1674 572 publicam
1703 531 1728 558 a
1792 534 1795 556 ε

251 570 393 613 vobis.
453 570 603 612 Habet
632 572 709 612 illa
737 571 919 626 quidem
947 576 1133 624 tantum,
1163 577 1376 628 quantum
1397 587 1618 628 nunquam
1643 574 1727 614 mi-

251 626 303 667 hi
331 627 379 667 in
406 631 597 668 mentem
624 626 747 669 venit
775 631 952 682 optare3
992 628 1071 668 sed
1099 634 1304 670 contenta
1333 643 1421 670 non
1451 634 1529 676 est,
1573 633 1618 670 et
1646 642 1728 683 pro

248 682 553 737 magnitudine
583 687 628 724 et
657 683 793 725 animi
823 688 867 724 et
895 683 1104 724 beneficii
1146 685 1289 726 vestri
1329 698 1356 727 a
1393 684 1522 726 vobis
1563 697 1724 739 magna

250 738 491 780 desiderat.
550 738 712 779 Adhuc
750 739 846 779 ulta
875 753 974 780 suas
1005 739 1191 781 iniurias
1223 745 1290 781 est
1318 754 1399 794 per
1426 754 1507 782 vos
1537 739 1725 781 interitu

250 794 457 850 tyranni:
487 793 606 835 nihil
636 795 838 849 amplius.
900 794 1176 836 Ornamenta
1211 808 1319 837 vero
1355 809 1435 836 sua
1474 809 1586 849 quae
1616 795 1727 836 reci-

248 849 450 905 peravit?
480 863 534 890 an
563 851 685 905 quod
715 851 757 891 ei
785 854 959 892 mortuo
989 855 1129 906 paret,
1158 865 1289 906 quem
1316 850 1468 892 vivum
1498 850 1618 892 ferre
1639 864 1726 892 non

245 907 447 960 poterat?
488 906 614 947 cuius
644 920 750 948 aera
780 907 971 962 refigere
999 908 1282 954 debebamus,
1322 905 1419 947 eius
1463 907 1598 948 etiam
1628 905 1725 947 chi-

246 961 471 1016 rographa
500 961 809 1004 defendimus?
835 985 885 993 -—
914 963 975 1003 At
1004 963 1123 1004 enim
1150 963 1215 1003 ita
1240 961 1530 1004 decrevimus.
1560 985 1613 991 -
1643 961 1726 1003 Fe-
1783 1003 1785 1007 Α

244 1017 387 1059 cimus
418 1017 465 1058 id
496 1018 691 1072 quidem,
721 1018 995 1072 temporibus
1025 1019 1249 1070 cedentes,
1280 1030 1392 1072 quae
1421 1019 1574 1059 valent
1602 1017 1649 1058 in
1680 1031 1728 1057 re

244 1074 424 1128 publica
453 1073 715 1126 plurimum:
746 1074 824 1114 sed
854 1073 1132 1114 inmoderate
1159 1074 1341 1128 quidam
1370 1078 1416 1114 et
1444 1074 1619 1127 ingrate
1648 1086 1725 1114 no-

245 1134 340 1171 stra
367 1128 588 1170 facilitate
617 1130 869 1170 abutuntur.
915 1129 1087 1171 Verum
1107 1129 1220 1171 haec
1240 1128 1499 1184 propediem
1525 1133 1570 1170 et
1586 1129 1725 1170 multa

244 1295 399 1333 fl'dssef‘
433 1294 618 1329 Antonius
645 1293 762 1327 schob
789 1292 932 1326 falsche
958 1299 1037 1326 acta
1066 1293 1232 1326 Caesaris
1258 1299 1380 1327 unter.
1421 1314 1458 1320 -—
1515 1294 1726 1338 probamus,

245 1345 370 1378 lassen
402 1343 479 1377 wir
508 1354 577 1375 uns
614 1342 798 1389 gefallen,
845 1340 1102 1390 genehmigen
1141 1342 1225 1376 wir.
1277 1362 1319 1368 ——
1372 1343 1517 1375 tabulae
1542 1341 1725 1384 figuntur.

246 1393 386 1426 Aereas
427 1390 569 1425 tabulas
609 1390 649 1422 in
688 1389 842 1434 publico
877 1389 1016 1436 figebat
1048 1389 1152 1429 (liess
1191 1400 1234 1422 er
1258 1389 1461 1423 b'ffentlich
1494 1389 1725 1438 aufh'a‘ngen,

245 1439 480 1486 publiciren)
515 1437 722 1480 Antonius,
756 1437 950 1471 decretum
992 1436 1150 1480 aliquod
1188 1437 1354 1471 Caesaris
1397 1444 1460 1471 aut
1502 1438 1726 1482 beneficium

245 1489 504 1525 continentes,
554 1486 661 1530 quasi
704 1486 891 1530 scriptum
923 1485 962 1518 id
995 1491 1088 1519 esset
1129 1485 1170 1517 in
1204 1485 1373 1518 Caesaris
1419 1486 1725 1520 Commentariis.

243 1535 445 1571 MANUT.
495 1534 531 1568 S.
559 1533 726 1579 Philipp.
754 1534 798 1574 V,
825 1535 868 1567 4:
895 1533 1055 1566 Decreta
1073 1531 1185 1576 falsa
1209 1533 1379 1566 vendebat
1404 1539 1473 1566 cet.
1505 1554 1543 1559 —
1579 1534 1725 1567 immun.

246 1586 393 1625 dantur,
420 1595 506 1615 man
533 1582 693 1615 befreiet
717 1592 804 1615 vom
830 1580 990 1623 Tribut;
1027 1581 1108 1614 scil.
1144 1580 1322 1614 homines
1357 1588 1395 1615 et
1420 1581 1554 1627 populi
1582 1581 1724 1626 stipen-

244 1632 361 1666 diarii
384 1638 421 1665 et
446 1630 652 1678 vectigales
679 1629 831 1663 tributis
848 1628 1074 1662 liberantur.
1104 1629 1321 1664 GRONOV.
1339 1646 1381 1653 —
1404 1641 1481 1673 pec.
1506 1641 1551 1662 m.
1571 1630 1724 1664 describ.

241 1680 334 1723 (Md.
360 1679 458 1713 Vict.
485 1681 518 1714 2.
546 1679 804 1712 discribuntur.
834 1676 933 1711 Crat.
959 1677 1270 1718 distribuuntur),
1296 1688 1427 1724 grosse
1453 1677 1725 1711 Geldsummen

243 1727 401 1763 werden
426 1727 677 1774 angewiesen.
712 1725 882 1771 Philipp.
910 1726 953 1766 V,
986 1727 1027 1760 8:
1062 1736 1212 1769 quorum
1237 1725 1329 1758 bona
1356 1748 1364 1757 .
1395 1750 1404 1759 .
1431 1727 1555 1759 statim
1581 1726 1725 1758 comiti-

241 1778 306 1810 bus
329 1776 408 1809 suis
432 1775 765 1819 compotoribusque
789 1773 992 1817 descripsit.
1029 1792 1070 1798 —-
1123 1774 1276 1812 exsules,
1311 1778 1353 1805 ut
1378 1771 1461 1806 Sex.
1490 1773 1656 1814 Clodius,
1683 1774 1723 1808 P.

242 1825 356 1858 filius.
408 1823 492 1856 Vid.
519 1834 577 1868 ep.
605 1824 686 1858 693.
726 1821 874 1870 Anlage
900 1822 942 1855 A.
969 1822 1008 1855 Β.
1043 1840 1084 1845 -
1138 1821 1362 1864 reseruntur.
1415 1821 1590 1855 Fortasse
1624 1821 1726 1863 dese·
1770 1818 1772 1824 '

243 1877 394 1914 rzmtur3
422 1873 492 1905 cfr.
520 1871 566 1904 ad
591 1871 739 1905 Divers.
770 1872 828 1913 12,
853 1871 910 1904 30.
938 1869 1107 1914 Philipp.
1127 1871 1159 1904 5.
1185 1880 1214 1902 c.
1234 1869 1267 1903 4.
1296 1868 1370 1902 ΟΒ.
1398 1887 1442 1892 —
1468 1870 1724 1911 tantummodo,

242 1932 288 1955 ne
317 1921 441 1965 ipsum
463 1919 625 1964 amplius
661 1918 792 1952 videre
828 1924 865 1951 et
898 1918 1030 1952 audire
1063 1928 1207 1950 summa
1234 1916 1497 1964 indignatione
1531 1928 1721 1966 cogamur.

243 1989 288 1994 —
321 1968 458 2012 impuri
495 1982 544 1999 z
577 1966 751 2011 impudici
786 1965 965 2000 Caesaris.
1017 1968 1101 1999 Man
1135 1964 1258 1998 den'ke
1300 1976 1374 1997 nur
1415 1977 1463 1997 an
1497 1964 1724 2011 Cleopatra's

240 2018 432 2065 Umgang.
461 2036 503 2040 —
531 2016 698 2059 depulsus
724 2025 799 2047 esse
824 2014 903 2047 scil.
931 2025 1025 2049 nece
1053 2013 1236 2050 caesaris,
1265 2031 1307 2036 —-
1350 2012 1388 2046 in
1412 2013 1472 2047 iis.
1515 2013 1579 2048 Sic
1606 2014 1723 2059 Neap.
1765 2056 1767 2062 .

241 2065 368 2099 Lamb.
395 2063 452 2097 tais
478 2063 573 2098 Cett.
602 2075 688 2098 cum
714 2062 788 2097 Md.
818 2063 892 2097 ΟΕ.

336 2115 370 2148 2.
397 2121 578 2155 nunquam
603 2136 611 2144 .
631 2136 641 2146 .
668 2111 707 2144 in
733 2122 777 2144 m.
804 2111 912 2144 venie.
937 2108 1028 2142 Also
1054 2119 1137 2142 war
1163 2108 1297 2142 Cicero
1322 2108 1413 2143 kein
1428 2107 1723 2143 Mitverschwo-
1764 2107 1765 2110 ’

241 2172 354 2196 renet·
388 2170 578 2207 gewesen,
628 2177 675 2184 —
724 2157 904 2198 beneficii,
941 2157 1062 2190 Eur—es
1105 2156 1330 2204 geleisteten
1366 2157 1550 2193 Dienstes.
1602 2156 1725 2199 officii
1764 2162 1769 2167 ·’

240 2213 360 2256 Marg.
387 2209 488 2242 Crat.
514 2206 589 2241 ΟΒ.
615 2225 663 2231 -
688 2206 781 2240 nihil
807 2205 966 2249 amplius
991 2204 1094 2238 fecit.
1149 2204 1184 2238 S.
1211 2204 1364 2238 Ramsh.
1392 2205 1419 2246 §.
1446 2207 1529 2247 205,
1555 2206 1590 2246 3,
1617 2205 1651 2237 b.
1678 2223 1721 2228 —·

243 2259 467 2292 Ornamenta
492 2280 500 2287 .
528 2279 536 2286 .
562 2266 640 2293 sua,
669 2255 773 2288 seine
797 2252 1060 2288 wiirdevollen
1086 2252 1319 2293 Vorrechte;
1359 2258 1400 2286 ut
1425 2252 1578 2293 iudicia,
1603 2253 1722 2286 comi-

240 2307 305 2348 tia,
333 2310 470 2338 cetera.
498 2322 540 2328 -
583 2303 619 2335 ei
643 2307 785 2336 mortuo
811 2315 861 2333 :z-
885 2307 970 2346 post
996 2307 1168 2334 mortem.
1197 2319 1244 2325 —
1293 2300 1395 2333 cuius
1418 2311 1509 2334 aera
1532 2301 1606 2342 ref.
1633 2301 1723 2342 deb,

241 2355 378 2389 dessen
403 2350 662 2386 Gesetztafeln
687 2351 764 2388 wir
788 2350 918 2383 hatten
946 2349 1134 2382 abreissen
1160 2348 1294 2382 sollen.
1347 2359 1436 2381 aera
1461 2363 1512 2380 z
1543 2348 1646 2392 leges
1681 2349 1721 2381 in

243 2413 347 2437 aeras
373 2399 517 2434 tabulas
544 2399 703 2440 incisas3
730 2397 892 2440 refigere
917 2409 966 2426 z
992 2397 1223 2430 rescindere.
1252 2416 1294 2421 —
1331 2394 1594 2440 chirographa,
1622 2407 1721 2436 com·
1760 2414 1762 2419 ·

243 2449 463 2490 mentm-ios,
490 2446 767 2481 hinterlassene
792 2445 1030 2480 Denkzettel.
1051 2464 1097 2470 —
1123 2446 1345 2478 decrevimus
1371 2450 1503 2478 senatu
1527 2444 1568 2477 in
1592 2444 1720 2477 aedem
1758 2475 1759 2478 ,

243 2497 414 2532 Telluris
441 2501 654 2534 convocato,
692 2495 731 2527 in
758 2504 831 2538 quo
858 2493 993 2527 Cicero
1021 2493 1101 2539 ipse
1127 2494 1252 2535 suasit,
1286 2499 1327 2525 ut
1357 2493 1542 2526 memoria
1575 2492 1720 2526 discor·
1758 2511 1759 2517 κ

242 2547 391 2580 diarum
425 2543 612 2579 oblivione
643 2542 838 2576 deleretur
871 2541 1048 2586 pacisque
1091 2548 1127 2575 et
1161 2541 1229 2574 otii
1269 2552 1378 2575 causa
1410 2541 1516 2589 leges
1553 2540 1722 2574 Caesaris
1753 2559 1761 2576 ,»

243 2599 496 2629 servarentur.
548 2591 628 2625 cfr.
655 2590 823 2636 Philipp.
853 2591 882 2624 1.
917 2601 948 2622 c.
977 2592 995 2624 1
1026 2596 1062 2623 et
1089 2593 1120 2624 7.
1153 2589 1261 2623 SCH.
1312 2589 1490 2637 Erg'aeinze
1521 2594 1559 2622 te
1592 2587 1719 2621 dicen-

243 2650 324 2677 tem
349 2641 471 2675 audio.
522 2639 708 2684 Equidem
734 2638 963 2683 respondeo:
993 2637 1152 2670 Fecimus
1178 2643 1249 2671 cet.
1299 2637 1369 2670 Est
1389 2637 1512 2685 figura
1537 2635 1720 2669 obiectio-

245 2691 315 2726 nis.
342 2708 384 2715 --
423 2690 463 2722 in
489 2698 528 2722 re
551 2700 602 2732 p.‚
629 2687 668 2720 in
693 2685 839 2720 Sachen
869 2686 937 2720 der
963 2685 1116 2719 Politik.
1156 2704 1197 2709 -=
1232 2686 1359 2729 saed,
1387 2683 1719 2731 Nachgiebigkeit.

247 2760 287 2765 π
314 2739 508 2773 abutuntur
534 2735 718 2771 Antonius
744 2735 899 2779 eiusque
925 2734 1087 2768 comites.
1118 2753 1156 2758 ‘—
1184 2733 1397 2777 propediem
1422 2733 1524 2766 inter
1550 2743 1616 2767 nos
1643 2732 1722 2766 σοι»
