1795 3086
540 54 855 100 EPISTOLA
885 54 1218 98 DCLXXVII.
1526 52 1582 100 31

217 169 531 213 EPISTOLA
562 168 902 211 DCLXXVII.
962 169 1039 220 (ad
1070 168 1175 213 Div.
1205 167 1344 209 XIII.
1385 165 1472 216 52.)

383 244 463 280 Ser.
490 253 586 278 anno
613 244 770 286 incerto,
795 244 955 277 fortasse
981 244 1062 279 709.
1098 243 1146 285 (a.
1173 243 1213 277 C.
1239 244 1312 283 45.)

443 313 484 346 A.
512 310 705 344 Licinium
731 309 974 344 Aristotelem
999 309 1248 345 commendat.

617 377 794 412 CICERO
821 376 944 411 REGI
970 374 1007 409 S.
1034 377 1077 410 D.

213 448 266 489 Α.
298 447 505 489 Licinius
534 446 805 487 Aristoteles
843 444 1100 486 Melitensis
1140 444 1474 499 antiquissimus
1514 450 1581 488 est

106 504 267 558 hospes
296 516 418 544 meus
449 507 493 543 et
521 507 757 557 praeterea
784 501 1050 542 coniunctus
1087 512 1248 554 magno
1278 515 1359 542 usu
1388 500 1583 544 familia-

107 561 270 600 ritatis.
328 559 455 600 Haec
483 572 619 612 quum
647 557 712 598 ita
740 557 845 610 sint,
875 571 963 598 non
993 555 1165 606 dubito,
1206 556 1313 609 quin
1349 557 1433 598 tibi
1470 559 1581 600 satis

101 615 434 656 commendatus
477 615 549 656 sit.
628 613 811 654 Etenim
861 627 920 654 ex
966 611 1120 654 multis
1168 624 1392 666 cognosco
1440 628 1580 655 meam

99 670 529 712 commendationem
559 669 801 724 plurimum
839 668 957 724 apud
986 673 1030 710 te
1058 668 1224 709 valere.
1283 667 1415 709 Hunc
1443 683 1526 723 ego
1556 683 1583 711 a

101 726 296 768 Caesare
326 726 528 767 liberavi.
587 727 817 780 Frequens
847 724 964 766 enim
994 724 1141 765 fuerat
1169 722 1421 765 nobiscum:
1452 730 1581 779 atque

98 782 239 823 etiam
269 782 438 823 diutius
469 782 515 822 in
545 795 678 823 causa
706 786 789 833 est,
829 794 961 836 quam
991 794 1085 832 nos,
1129 784 1452 828 commoratus;
1492 795 1580 835 quo

95 839 261 879 melius
290 842 335 879 te
365 838 420 879 de
450 852 503 878 eo
530 837 892 879 existimaturum
920 836 1128 877 arbitror.
1196 835 1233 876 F
1236 849 1288 877 ac
1324 836 1479 890 igitur,
1519 839 1579 877 mi

103 893 225 945 Rex,
255 898 303 935 ut
331 894 561 947 intelligat
588 893 670 934 has
700 892 789 934 sibi
818 893 972 934 literas
1001 892 1243 947 plurimum
1273 891 1510 946 profuisse·

194 1122 326 1157 REGI.
372 1123 483 1156 Hunc
509 1123 549 1165 Q.
584 1124 769 1156 Marcium
795 1122 936 1170 Regem
962 1133 1058 1156 anno
1083 1125 1152 1158 709
1178 1128 1468 1168 propraetorem
1488 1124 1579 1160 cae-

97 1169 290 1204 sarianum
319 1171 359 1204 in
385 1170 518 1204 Sicilia
544 1171 657 1205 fuisse
685 1170 842 1218 Pighius
869 1177 986 1216 putat.

190 1240 225 1273 1.
276 1236 366 1271 mihi
390 1236 599 1271 coniunctus
623 1237 749 1271 Lamb.
780 1237 977 1273 ORELLI.
996 1258 1038 1264 --
1067 1248 1202 1281 magno
1228 1249 1294 1272 usu
1311 1240 1428 1281 fam,
1453 1241 1578 1275 durch

95 1287 169 1320 den
194 1291 477 1320 vertrautesten
502 1286 690 1333 Umgang.
734 1303 778 1309 —
818 1296 863 1319 ex
888 1285 1024 1324 multis,
1053 1298 1115 1319 aus
1140 1286 1269 1320 vielen
1295 1288 1504 1323 Vorf'sillen.
1533 1309 1576 1315 -

93 1346 118 1368 a
145 1335 310 1368 Caesare
336 1333 509 1376 liberavi,
542 1333 653 1368 venia
685 1333 900 1379 impetrata,
940 1333 1092 1375 „diesen
1127 1334 1210 1367 hab'
1243 1334 1306 1369 ich
1342 1347 1427 1370 vom
1467 1337 1577 1371 C'a'sar

94 1382 355 1431 losgebetenf‘
407 1382 463 1414 Er
486 1393 568 1416 war
601 1382 680 1416 also
713 1382 775 1416 ein
810 1381 1019 1430 Anh’a’ngex·
1050 1382 1115 1417 des
1149 1383 1346 1428 Pompeius
1387 1396 1576 1432 gewesen.

95 1450 137 1455 -—
157 1431 293 1473 suerat
326 1429 493 1463 n'eimlich
518 1431 573 1464 als
599 1430 733 1464 cicero
757 1441 844 1463 zum
871 1429 1066 1476 Pompeius
1092 1430 1385 1480 iibergegangen
1412 1445 1503 1467 war.
1531 1453 1572 1458 —

95 1480 134 1511 in
160 1489 271 1512 causa
297 1478 527 1523 Pompeiana
553 1483 607 1512 est
632 1504 639 1511 .
666 1503 676 1511 .
703 1482 966 1519 commoratus,
1000 1479 1078 1512 und
1110 1477 1286 1514 beharrte
1312 1480 1407 1514 auch
1442 1481 1577 1530 lang-er

96 1526 153 1559 bei
180 1527 251 1559 der
277 1526 401 1559 Partei
426 1525 488 1560 des
514 1525 724 1572 Pompeius.
749 1545 796 1551 —
820 1526 950 1560 melius
975 1551 984 1560 .
1011 1554 1019 1561 ,
1048 1551 1056 1560 .
1084 1527 1388 1571 existimaturum,
1412 1529 1492 1564 dass
1519 1532 1579 1565 Du

97 1574 181 1607 eine
207 1573 312 1607 desto
339 1573 485 1608 bessere
513 1574 691 1619 Meinung
716 1584 790 1607 von
815 1574 897 1607 ihm
923 1573 1045 1608 haben
1072 1575 1241 1610 werdest.
1286 1577 1368 1611 Rex
1393 1590 1476 1612 war
1501 1579 1579 1612 also

96 1621 194 1655 auch
221 1621 285 1655 ein
308 1623 568 1666 Pompeianer,
594 1622 833 1669 wenigstens
861 1622 912 1654 im
936 1623 1101 1663 Herzen,
1139 1634 1322 1668 gewesen.
1372 1626 1448 1660 Aus
1474 1626 1577 1660 allen

96 1670 442 1717 vorgekommenen
478 1670 710 1704 Umst'ainden
745 1670 836 1705 lasst
870 1669 952 1704 sich
991 1671 1053 1705 das
1089 1672 1179 1706 Iahr
1216 1673 1410 1716 errathen,
1454 1675 1576 1710 worin

94 1717 218 1756 dieser
243 1717 353 1753 Brief
375 1720 500 1755 iniisse
525 1718 775 1768 geschrieben
802 1718 893 1752 sein.
