1795 3086
197 97 291 145 2210
483 101 545 143 Μ.
575 102 633 145 Τ.
658 99 1008 147 CICERONIS
1035 104 1408 151 EPISTOLAE.

196 212 296 253 dem
326 215 372 254 et
400 212 592 265 gloriam
614 215 915 268 pertinebunt.
974 215 1274 265 Quamobrem
1314 219 1448 260 velim
1487 221 1571 262 tibi
1614 223 1678 264 ita

195 267 478 323 persuade-215,
503 281 578 309 -me
607 284 741 325 quum
782 271 849 312 tei
877 271 1079 326 publicae
1101 286 1258 319 nausa,
1292 288 1410 329 quae
1437 276 1552 318 mihi
1582 277 1677 319 vita

195 328 391 387 mea-est
418 324 580 370 carior,
622 330 715 367 tum
754 327 876 383 quod
914 327 1001 368 tibi
1038 328 1127 382 ipsi
1164 329 1340 372 faveam
1363 334 1575 387 tuamque
1605 333 1675 374 di-

195 380 708 444 gnitatem‘amplificari
737 383 892 433 veli-m,
937 384 1026 424 tuis
1055 384 1236 438 optimis
1266 386 1487 439 consiliis,
1510 388 1676 443 ampli-

194 435 355 487 tudini,
385 435 556 489 glorlae
584 438 707 480 nullo
732 439 840 480 loco
861 438 1140 483 defuturum.

315 602 629 646 EPISTOLA
658 604 1060 648 DGCLXXVIH.
1121 607 1197 659 (ad
1225 608 1331 650 Div.
1363 608 1451 650 XI.
1489 609 1555 660 6.)

310 678 390 712 Ser.
415 679 556 713 Romae
581 673 682 712 circa
703 679 747 712 x.
774 679 857 714 Kal.
884 679 961 714 Ian.
987 682 1030 714 A.
1057 681 1103 714 U.
1131 680 1171 714 c.
1207 682 1287 717 710.
1326 683 1379 724 (a.
1414 682 1455 717 c.
1482 683 1559 726 44.)

191 747 305 780 Bruto
329 743 554 794 dignitatem
581 757 684 779 suam
711 744 885 779 Ciceroni
922 745 1201 779 commendanti
1235 747 1447 792 respondet,
1487 748 1559 782 sibi
1593 760 1673 783 eam

253 805 392 828 curam
419 796 512 835 fore,
540 793 698 839 idque2a
725 804 763 826 se
790 793 865 825 iam
891 793 931 826 in
954 800 1085 833 senatu
1109 793 1343 832 declaratum
1370 806 1459 829 esse.
1500 798 1602 831 1-2,
1661 832 1665 834 ,

381 866 428 899 M.
456 864 633 900 CICERO
653 863 696 899 .·S.
724 865 767 899 D.
794 864 839 899 D.
861 864 1026 900 BRUTO
1046 864 1149 900 JMP.
1185 864 1285 900 COS.
1311 865 1475 901 DESIG.

301 937 450 992 Lupus
479 940 633 978 noster
662 950 796 991 quum
825 935 1014 977 Romam
1059 940 1183 978 sexto
1213 936 1288 978 die
1318 936 1498 978 Mutina
1524 940 1673 981 venis-

190 998 273 1046 set,
313 993 534 1048 postridie
560 1006 629 1033 me
677 1005 803 1033 mane
840 992 1051 1033 convenit
1088 996 1250 1046 tuaque
1298 993 1413 1033 mihi
1466 994 1675 1037 mandata

190 1049 539 1104 diligentissime
568 1047 790 1102 exposuit
827 1051 872 1088 et
902 1048 1067 1088 'literas
1108 1047 1323 1088 reddidit.
1382 1049 1516 1098 Quod
1556 1050 1671 1090 mihi

182 1110 312 1146 tuam
347 1104 639 1158 dignitatem,
673 1102 973 1154 commendas,
1020 1101 1178 1143 eodem
1217 1108 1418 1158 *tempore
1457 1105 1672 1146 existimo

189 1166 232 1202 te
260 1159 375 1200 mihi
394 1172 546 1200 meam
577 1157 841 1212 dignitatem
862 1158 1207 1199 commendare:
1249 1172 1379 1212 quam
1419 1160 1671 1202 mehercule

190 1230 278 1258 non
298 1215 449 1257 habeo
479 1218 557 1255 tua
586 1214 818 1255 cariorem.
866 1213 1017 1263 Quare
1044 1213 1157 1254 mihi
1186 1214 1489 1268 gratissimum
1510 1215 1671 1267 facies,

188 1273 228 1313 si
258 1272 537 1326 exploratum
568 1269 754 1310 habebis
784 1269 882 1310 -tuis
911 1268 1117 1311 laudibus
1161 1270 1285 1311 nullo
1325 1271 1426 1311 loco
1455 1285 1538 1312 nec
1567 1285 1670 1312 con·
1730 1306 1733 1307 γ

185 1328 339 1369 Δεὶὶίωη
368 1340 451 1367 nec
480 1326 676 1367 studium
698 1338 846 1365 ,meum
876 1324 1142 1365 defuturum.
1199 1324 1350 1374 Quum
1378 1327 1548 1367 tribuni
1575 1328 1670 1381 ple-

189 1385 260 1425 bis
289 1381 554 1433 edixissent,
587 1386 773 1422 senatus
817 1380 991 1422 adesset
1035 1393 1072 1421 a.
1093 1380 1146 1421 cd.
1176 1394 1276 1421 xm.
1307 1381 1411 1421 Kal.
1440 1382 1550 1434 Iam,
1589 1382 1669 1424 ha-

189 1441 428 1493 berentque
457 1437 504 1477 in
527 1436 681 1479 *animo
708 1436 775 1476 -de
796 1435 1029 1490 praesidio
1064 1437 1296 1477 consulum
1335 1436 1670 1491 designatorum

189 1495 388 1544 referre3
431 1506 696 1547 quamquam
725 1495 965 1534 statueram
995 1491 1042 1531 in
1070 1496 1271 1534 senatum
1302 1496 1403 1533 ante
1426 1493 1536 1534 Kal.
1561 1493 1663 1534 Ian.

188 1566 275 1594 non
302 1549 480 1593 venire:
507 1552 681 1600 tamen,
710 1561 845 1602 quum
874 1561 927 1589 eo
957 1547 1032 1588 die
1061 1547 1159 1600 ipso
1178 1547 1385 1588 edietum
1408 1553 1535 1589 tuum
1559 1563 1667 1602 spro-

187 1608 380 1663 positum
410 1608 538 1656 esset,
588 1604 715 1645 nefas
754 1617 851 1645 esse
891 1603 1005 1644 duxi
1047 1607 1122 1644 aut
1152 1603 1225 1645 ,ita
1264 1602 1421 1644 haberi
1450 1609 1665 1654 senatum,

188 1668 237 1705 ut
267 1663 323 1704 de
351 1662 442 1703 tuis
472 1659 640 1702 divinis
679 1659 726 1700 in
766 1673 858 1700 rem
899 1658 1124 1713 publicam
1163 1659 1338 1700 meritis
1376 1660 1586 1700 sileretur
1612 1680 1669 1688 —-

190 1719 311 1775 quod
352 1717 517 1759 factum
554 1719 682 1768 esset,
733 1714 821 1755 nisi
860 1728 944 1769 ego
981 1715 1204 1755 venissem
1232 1737 1286 1744 —
1314 1720 1404 1760 aut,
1456 1715 1592 1756 etiam
1627 1716 1667 1756 si

190 1848 282 1882 quae
309 1864 317 1871 .
346 1862 354 1870 .
376 1861 384 1869 .
407 1835 651 1880 pertinebunt,
686 1834 747 1868 die
773 1834 839 1868 auf
863 1859 870 1866 .
900 1859 907 1867 .
934 1857 943 1866 .
969 1834 1096 1882 Bezug
1129 1833 1251 1867 haben
1282 1833 1448 1866 konnen.
1500 1850 1543 1858 -
1595 1832 1668 1865 tuis

190 1885 350 1928 optimis.
382 1884 457 1919 Md.
485 1884 584 1918 Crat.
612 1893 668 1916 me
692 1882 774 1924 ταῖς,
814 1892 907 1926 quae
931 1882 1109 1926 repetitio
1136 1881 1356 1926 quibusdam
1383 1880 1536 1928 elegans
1561 1879 1671 1914 vide->

191 1932 303 1968 bitur.
354 1932 428 1967 Sed
455 1933 525 1967 cfr.
552 1931 667 1965 finem
693 1929 936 1965 simillimum
962 1940 1042 1973 seq.
1069 1929 1178 1975 epist.
1200 1928 1405 1966 ORELLI.

287 1983 317 2015 1.
343 1980 521 2023 postridie
545 1994 594 2011 Ξ
617 1985 767 2025 postero
793 1977 864 2013 die.
903 1996 944 2003 —
978 1981 1118 2021 tuaque.
1155 1976 1231 2012 ⁴Sic
1262 1976 1336 2013 Md.
1374 1977 1492 2019 Neap.
1518 1976 1602 2010 Asc.
1632 1979 1665 2011 1.

191 2029 292 2064 Crat.
318 2029 418 2063 Vict.
446 2031 477 2063 1.
515 2027 641 2061 Lamb.
686 2031 748 2061 tna
780 2026 873 2060 vict.
899 2027 931 2061 2.
968 2025 1105 2059 Graev.
1146 2025 1241 2062 Ern.
1277 2024 1412 2058 Bened.
1439 2022 1535 2057 :Sch.
1569 2024 1663 2059 Liin.
1732 2017 1762 2058 ,ἶ

190 2075 385 2110 ORELLI.
436 2094 478 2100 —
530 2076 631 2112 Quod
654 2099 663 2108 .
691 2104 699 2112 ,
727 2099 736 2108 .
762 2074 998 2115 commendas,
1030 2084 1144 2108 wenn
1168 2074 1228 2107 Du
1260 2073 1338 2106 mir
1362 2072 1423 2105 die
1447 2070 1666 2119 Erhaltung·

189 2125 326 2159 Deines
350 2123 544 2158 Ansehens
571 2121 810 2168 empfiehlst3
843 2122 927 2156 scil.
964 2120 1070 2155 scito.
1125 2139 1165 2145 —
1210 2131 1330 2154 meam
1354 2119 1596 2161 dignitatem3
1624 2129 1664 2153 so

190 2172 300 2220 innig
325 2172 374 2205 ist
398 2183 512 2206 unser
551 2170 841 2215 beiderseitiges
876 2168 1052 2203 Ansehen
1093 2168 1165 2202 mit
1197 2166 1374 2202 einander
1406 2163 1666 2200 verflochten:

188 2219 350 2266 perinde
377 2225 432 2253 est
456 2230 498 2253 ac
524 2220 556 2253 si
580 2229 700 2252 meam
726 2217 823 2250 mihi
857 2214 1100 2251 ‘commendes
1137 2215 1373 2262 dignitatem.
1417 2214 1506 2248 Voc.
1540 2214 1664 2257 digni-

191 2272 303 2302 tatem
342 2273 532 2312 tamquam
568 2279 589 2300 a
629 2267 836 2314 glossatore
874 2264 1042 2298 additum
1084 2263 1178 2296 Ern.
1224 2263 1280 2307 [],
1325 2261 1415 2298 Sch,
1453 2262 1546 2295 Liin.
1589 2262 1664 2296 del.

192 2315 388 2351 ORELLI.
435 2332 482 2340 —
530 2315 758 2358 exploratum
782 2312 806 2346 i.
835 2324 866 2347 e.
892 2322 961 2358 pro
986 2316 1092 2346 oerto
1117 2309 1282 2353 habebis,
1318 2321 1430 2345 wenn
1456 2310 1513 2344 Du
1538 2320 1575 2343 es
1601 2310 1663 2343 fiir

190 2362 434 2413 ausgemaeht
458 2362 672 2396 annixnmst.

284 2438 318 2472 2.
368 2433 580 2476 edixissent,
607 2431 729 2467 durch
754 2431 863 2466 einen
890 2427 1082 2476 Anschlag
1106 2428 1270 2462 bekannt
1306 2426 1482 2476 gemacht
1516 2426 1659 2461 hatten.

190 2503 236 2510 —
261 2485 415 2527 adesset,
439 2482 534 2518 solle
559 2480 640 2515 sich
665 2477 928 2514 versammeln.
969 2498 1010 2504 —
1045 2477 1158 2512 XIII.
1183 2476 1269 2510 Kal.
1295 2476 1391 2519 Ian„
1416 2487 1476 2509 am
1503 2476 1562 2511 20.
1588 2476 1660 2509 De-

191 2533 354 2567 cember.
402 2549 444 2555 —
494 2530 536 2564 de
559 2528 743 2573 praesidio
769 2553 779 2562 .,
806 2552 814 2559 .
840 2552 849 2560 .
876 2526 1044 2568 referre,
1085 2526 1179 2567 „auf
1209 2525 1270 2558 die
1302 2522 1567 2570 Beschiitzung
1592 2522 1661 2556 der

191 2585 400 2615 ernannten
425 2577 605 2616 Consuln‚
643 2575 791 2610 Hirtius
822 2574 899 2607 und
935 2573 1064 2615 Pansa,
1107 2572 1209 2607 heim
1242 2572 1387 2606 Antritt
1418 2571 1521 2604 ihres
1553 2570 1659 2603 Amts

189 2626 463 2672 anzutragen.“
512 2625 617 2659 Diess
642 2622 810 2667 geschah
835 2621 940 2656 auch.
994 2621 1059 2654 Als
1088 2621 1141 2655 sie
1167 2620 1230 2653 ihr
1255 2622 1344 2654 Amt
1368 2624 1552 2658 anu-aten,
1577 2627 1659 2650 war

190 2668 251 2709 das
277 2675 471 2709 Rathhaus
496 2673 574 2706 und
597 2665 667 2706 de}-
691 2669 1076 2718 Versammlungssaal
1110 2680 1173 2703 aus
1199 2667 1345 2702 Furcht
1375 2678 1446 2702 vor
1478 2665 1549 2698 den
1582 2665 1658 2697 An-

189 2724 388 2757 tonianern
414 2723 485 2757 mit
512 2720 664 2755 Garden
688 2721 841 2753 besetzt.
892 2738 934 2744 —
989 2717 1138 2751 edictum
1165 2723 1274 2755 tuum,
1309 2726 1381 2760 quo
1415 2712 1657 2759 pollicebaris

190 2780 225 2803 te
253 2771 486 2815 provinciam
509 2770 677 2804 'Galliam
704 2773 937 2802 retenturum
974 2766 1012 2798 in
1051 2772 1112 2799 tua
1146 2772 1180 2799 et
1214 2771 1360 2797 senatus
1396 2763 1431 2796 Ρ.
1459 2761 1497 2803 Ωι
1526 2761 1565 2794 R,
1592 2770 1655 2805 po-
