1795 3086
193 39 279 87 184
470 44 532 87 Μ.
564 45 618 88 Τ.
649 43 987 88 CICERONIS
1016 44 1387 90 EPISTOLAE.

192 151 491 195 constituisse.
555 155 818 196 Hortensius
863 169 968 198 vero
1017 156 1307 210 impudenter.
1365 155 1494 198 Nihil
1544 157 1659 198 enim

193 207 377 249 debetur
405 210 446 249 ei
477 210 564 250 nisi
605 224 663 251 ex
699 212 833 252 tertia
872 212 1099 265 pensione,
1139 225 1250 266 quae
1286 217 1353 252 est
1382 212 1483 253 Kal.
1513 212 1660 263 Sext.;

193 275 252 304 ex
282 277 368 317 qua
392 266 602 317 pensione
632 266 728 319 ipsa
755 266 897 307 maior
925 280 1027 321 pars
1058 270 1124 308 est
1166 268 1208 308 ei
1246 269 1394 308 soluta
1430 269 1661 322 aliquanto

193 321 294 358 ante
324 318 452 359 diem.
511 319 601 361 Sed
629 320 742 362 haec
772 322 889 363 Eros
930 322 1102 364 videbit
1130 323 1299 363 Idibus.
1358 323 1429 363 De
1459 323 1661 365 Publilio

192 378 351 418 autem,
379 374 497 428 quod
528 376 750 431 perscribi
780 381 970 431 oportet,
998 391 1166 418 moram
1198 392 1284 419 non
1323 383 1430 431 puto
1471 392 1566 419 esse
1596 379 1661 420 fa-

193 427 409 469 ciendam.
487 430 575 473 Sed
614 445 747 486 quum
796 433 966 482 videas,
1018 438 1229 488 quantum
1281 433 1336 473 de
1375 434 1472 474 iure
1510 439 1663 474 nostro

191 483 526 539 decesserimus,
576 488 653 541 qui
702 487 757 527 de
808 488 997 528 residuis
1038 503 1151 530 cccc.
1192 488 1268 530 HS
1308 501 1370 529 cc.
1411 490 1666 543 praesentia

190 539 472 593 solverimus,
504 543 680 596 reliqua
710 544 1030 583 rescribamus:
1083 545 1207 598 loqui
1245 558 1342 584 cum
1383 557 1450 595 eo,
1499 544 1538 584 si
1579 544 1665 584 tibi

190 593 433 648 videbitur,
467 598 649 649 poteris,
697 610 796 638 eum
845 598 1122 639 commodum
1162 604 1361 640 nostrum
1401 602 1666 654 exspectare

191 648 366 699 debere,
399 665 532 705 quum
562 657 685 693 tanta
724 652 783 693 sit
812 665 838 692 a
866 652 994 693 nobis
1025 653 1198 694 iactura
1235 654 1355 695 facta
1394 654 1518 696 iuris.
1576 653 1667 696 Sed

194 706 321 746 ambo
352 710 410 759 te,
440 707 500 747 mi
529 709 681 748 Attice
711 729 765 736 --
792 708 993 758 videsne,
1034 722 1166 762 quam
1193 710 1379 751 blande?
1426 733 1481 739 —
1519 710 1668 751 omnia

192 764 357 807 nostru,
387 762 534 816 quoad
565 762 657 804 eris
685 762 872 817 Romae,
916 764 980 804 ita
1007 766 1168 816 gerito,
1210 766 1371 819 regite,
1410 765 1669 819 gubernato,

190 820 240 855 ut
269 815 383 857 nihil
413 830 440 858 a
468 832 537 859 me
567 822 817 873 exspectes.
876 818 1154 874 Quamquam
1194 819 1312 860 enim
1354 820 1530 874 reliqua
1558 822 1670 861 satis

191 875 296 925 apta
323 876 425 913 sunt
454 873 511 913 ad
540 874 826 924 solvendum3
872 879 1020 915 tamen
1058 874 1112 916 fit
1141 888 1285 930 saepe,
1331 879 1382 915 ut
1409 875 1459 921 ii,
1487 876 1566 930 qui
1595 876 1671 917 de-

192 927 308 978 bent,
338 941 425 969 non
455 930 751 983 respondeant
781 930 838 970 ad
868 935 1055 984 tempus.
1113 929 1162 971 Si
1207 930 1318 984 quid
1347 931 1566 972 eiusmodi
1595 946 1667 972 ac-

192 982 372 1030 ciderit,
420 997 475 1025 ne
520 984 628 1040 quid
658 986 742 1026 tibi
778 986 841 1027 sit
885 985 1004 1027 sama
1040 998 1138 1027 mea
1175 985 1337 1040 potius.
1392 986 1495 1028 Non
1536 987 1670 1028 modo

191 1100 339 1144 equibus
363 1100 436 1135 Md.
466 1102 597 1143 (Oxon.
626 1104 679 1145 2.)
718 1102 917 1147 Equiribns
951 1102 1032 1135 Bos.
1064 1100 1164 1138 coni.
1201 1101 1318 1136 Recte
1350 1102 1447 1136 vidit
1482 1103 1669 1137 Manutius

191 1154 229 1181 et
255 1148 440 1182 Graevius
467 1149 504 1182 in
530 1151 651 1183 altero
683 1149 760 1184 hoe
793 1149 961 1190 membro
993 1160 1207 1184 sermonem
1246 1161 1324 1183 esse
1358 1149 1403 1183 de
1438 1150 1611 1184 Publiliis
1638 1163 1667 1184 s.

190 1195 316 1240 potius
343 1196 387 1229 de
412 1208 486 1231 uno
509 1197 682 1232 Publilio.
732 1197 913 1243 Sequitur
939 1190 1060 1231 enim:
1087 1197 1306 1232 Hortensius
1330 1208 1415 1231 vero
1441 1223 1449 1231 .
1479 1223 1488 1231 .
1514 1197 1572 1231 De
1597 1199 1670 1233 Pu-

193 1243 298 1276 blilio
327 1248 459 1278 autem.
510 1246 629 1279 Huius
666 1252 787 1280 autem
822 1245 975 1279 Publilii
1008 1256 1145 1279 nomen
1177 1245 1298 1278 ubivis
1333 1245 1415 1280 fere
1447 1252 1671 1290 corruptum

192 1291 234 1324 in
260 1290 352 1325 edd.
387 1292 468 1325 Hoc
491 1292 577 1327 loco
604 1293 679 1340 leg.
706 1299 763 1327 est
790 1293 948 1326 Publilio
973 1293 1036 1327 vel
1062 1304 1139 1326 cum
1163 1293 1337 1329 Publilio,
1373 1304 1392 1326 e
1419 1304 1492 1336 quo
1519 1294 1671 1328 videtui·

194 1340 337 1373 factum
364 1339 461 1373 illud
487 1341 634 1385 equibus
660 1341 732 1375 Md.
768 1339 963 1374 ORELLI.
1014 1341 1147 1380 „Dann
1182 1339 1279 1373 auch
1311 1339 1543 1388 desswegzm,
1579 1342 1672 1376 weil

193 1397 236 1421 er
260 1386 487 1430 wenigstens
513 1395 607 1435 sagt,
643 1400 686 1422 er
718 1388 813 1422 habe
839 1388 925 1422 dem
950 1388 1131 1422 Publilius
1166 1387 1239 1421 den
1272 1388 1328 1422 15.
1356 1388 1475 1421 Iulius
1502 1401 1573 1422 zur
1597 1390 1671 1423 Ab·

193 1433 384 1482 machung
409 1434 478 1468 dei·
502 1435 712 1470 bewussten
739 1435 859 1470 sache
884 1437 1116 1482 festgesetzt.
1163 1453 1206 1459 —-
1248 1436 1477 1479 impudenter
1506 1438 1598 1484 agit.
1627 1455 1669 1462 —

193 1482 338 1523 videbit,
364 1481 432 1515 in's
457 1483 573 1517 Klare
599 1490 745 1526 setzen3
773 1484 974 1517 Hortensio
1000 1483 1251 1528 respondebit.
1297 1502 1342 1508 ——
1382 1484 1555 1517 Publilio.
1582 1485 1673 1532 Agi-

194 1535 258 1564 tur
284 1529 328 1563 de
353 1532 510 1576 pecunia
535 1531 658 1565 debita
698 1543 745 1566 ex
781 1531 865 1565 dote
898 1530 1082 1564 Pubiiliae
1117 1530 1304 1564 dimissae.
1348 1531 1578 1565 ERNESTI.
1627 1551 1672 1557 —-

194 1578 290 1622 quod
310 1588 450 1620 perscr.
477 1603 485 1612 .
513 1603 521 1612 .
542 1579 724 1622 facienti„
759 1590 797 1613 es
831 1578 887 1612 sei
909 1578 998 1612 kein
1024 1578 1106 1626 Tag
1138 1590 1185 1612 zu
1218 1580 1455 1619 versiiumen,
1489 1591 1551 1612 um
1590 1580 1672 1613 ihm

194 1625 255 1658 die
290 1625 518 1674 schuldigen
553 1626 912 1673 Verschreibungen
946 1626 1215 1660 auszustellen.
1265 1626 1501 1661 Perseo-ibere
1534 1634 1589 1662 est
1627 1628 1673 1662 de

194 1684 325 1707 mensa
364 1685 563 1708 numerare
599 1680 662 1708 aut
698 1674 744 1709 de
781 1673 1040 1722 chirographo
1072 1674 1115 1708 ab
1151 1674 1369 1720 argentario
1403 1675 1567 1717 solvere,
1612 1677 1673 1710 cui

193 1720 363 1755 solvendi
389 1722 499 1756 modo
525 1722 731 1768 opponitur
753 1727 946 1767 praesente
968 1723 1124 1766 pecunia
1148 1723 1300 1756 solvere.
1341 1721 1492 1756 Dicitur
1516 1723 1556 1756 id
1582 1735 1674 1767 quo-

195 1780 268 1813 que
295 1770 495 1803 rescribere
518 1771 630 1815 paulo
655 1777 752 1815 post.
789 1770 975 1805 GRAEV.
1004 1788 1044 1795 —
1080 1770 1155 1804 Sed
1178 1794 1186 1802 .
1213 1795 1222 1803 .
1249 1794 1256 1803 .
1283 1769 1446 1812 rese-rib„
1471 1770 1601 1813 allein,
1628 1771 1673 1805 da

195 1817 255 1851 Du
280 1817 396 1851 selbst
419 1817 559 1860 weisst‚
594 1818 668 1853 wie
693 1818 780 1851 Viel
807 1818 873 1851 ich
905 1828 981 1852 von
1015 1817 1100 1851 dem
1136 1817 1212 1850 mir
1246 1817 1502 1851 zustehenden
1528 1818 1674 1853 Rechte

196 1863 465 1911 nachgelassen
491 1865 600 1908 habe,
633 1866 762 1899 indem
787 1865 852 1899 ich
886 1877 959 1900 von
985 1865 1057 1899 den
1085 1865 1324 1899 restirenden
1349 1867 1504 1906 ammone
1530 1865 1674 1900 Sester-

197 1912 275 1945 tien
302 1914 453 1954 200‚000
488 1913 576 1947 baar
614 1913 768 1948 bezahlt
800 1913 895 1947 habe
934 1913 1011 1946 und
1046 1915 1110 1946 fiir
1142 1913 1378 1946 (lie-andern
1410 1915 1563 1955 200‚000
1591 1915 1675 1948 eine

197 1959 500 2008 Verschreibung
534 1962 656 2009 geben
695 1961 795 1996 will.
844 1961 1114 2005 perscribamus
1152 1963 1290 1994 Manut.
1329 1961 1454 1994 Lamb.
1490 1964 1590 1998 1566.
1625 1963 1676 1996 Ut

198 2017 279 2049 1108,
307 2019 392 2040 cum
418 2008 562 2043 Ceteris
590 2010 689 2043 idem
716 2009 756 2042 in
782 2009 892 2042 Curis
919 2021 991 2043 sec.
1033 2007 1227 2041 ORELLI.
1276 2026 1323 2033 —
1372 2011 1587 2042 commodum
1613 2022 1673 2043 ηο-

196 2058 322 2094 strum,
366 2056 450 2090 eine
486 2058 563 2090 mit·
590 2058 824 2105 ¹gelegenere
858 2057 944 2091 Zeit
981 2068 1050 2089 zur
1082 2055 1319 2089 wirklichen
1349 2055 1601 2103 Auszahlung.
1627 2077 1673 2083 —-

199 2114 305 2147 quum
331 2128 338 2136 .
368 2128 376 2136 .
395 2104 508 2145 sacta
533 2107 638 2147 iuris,
675 2105 720 2138 da
746 2104 809 2137 ich
835 2104 912 2137 mir
936 2115 1012 2137 von
1038 2103 1186 2136 meinen
1214 2103 1596 2148 Rechtsanspriichen
1622 2106 1674 2138 oi-

200 2161 272 2183 nen
296 2161 336 2183 so
358 2162 513 2198 grossen
538 2152 693 2187 Verlust
717 2151 821 2185 dabei
845 2151 966 2184 haben
992 2151 1160 2197 gesallen
1186 2151 1316 2183 lassen.
1367 2150 1404 2184 S.
1439 2163 1496 2196 ep.
1524 2154 1606 2194 759,
1631 2155 1673 2189 3:

201 2197 422 2241 (Publilius)
450 2210 554 2242 „non
580 2199 689 2234 debet
714 2210 864 2247 urgere,
891 2199 1065 2244 quoniam
1091 2198 1173 2232 iure
1199 2209 1273 2232 non
1298 2198 1484 2233 utimur.“

296 2270 330 2304 2.
381 2269 509 2303 amabo
549 2274 596 2313 te,
646 2269 710 2304 ich
751 2268 841 2305 will
881 2268 980 2302 nich
1024 2268 1122 2301 auch
1161 2268 1311 2302 kiissen.
1362 2287 1409 2295 —-
1458 2271 1588 2304 blande
1621 2273 1676 2306 lo-

202 2327 316 2360 quar,
356 2316 529 2350 zartlich.
589 2335 631 2342 —
687 2318 759 2360 ita,
807 2315 930 2351 liebex·
978 2328 1016 2350 so
1057 2318 1121 2349 fiir
1167 2315 1270 2350 dich.
1327 2335 1369 2341 ——
1438 2323 1475 2351 ut
1514 2319 1608 2353 nihil
1653 2332 1678 2354 a

201 2375 258 2398 me
300 2374 420 2408 exsp„
471 2365 525 2398 als
559 2364 636 2398 dass
672 2366 730 2399 Du
771 2370 848 2399 erst
894 2363 992 2398 noch
1030 2365 1158 2398 Etwas
1200 2375 1274 2398 von
1314 2364 1390 2397 mir
1422 2366 1582 2400 dax-iiber
1613 2368 1680 2401 ab-

202 2417 348 2446 warten
388 2412 545 2447 solltest.
594 2412 707 2446 Nihil
751 2413 798 2446 ad
841 2423 900 2446 me
939 2413 1079 2445 referas
1113 2411 1242 2453 (weise
1279 2412 1414 2447 Nichts
1453 2426 1500 2448 an
1542 2415 1676 2458 mich),

202 2459 264 2493 sed
290 2471 376 2506 agas
403 2460 496 2503 ipse,
537 2460 636 2507 quod
666 2471 794 2507 ageres
828 2459 868 2492 in
904 2459 1012 2492 rebus
1047 2459 1133 2493 tuis.
1169 2460 1370 2494 MANUT.
1421 2479 1463 2485 —-
1524 2463 1675 2507 reliqua,

203 2507 305 2541 mein
343 2507 562 2548 Guthaben,
608 2507 854 2542 Uberschuss.
915 2507 1073 2541 Collatis
1114 2507 1341 2541 creditorum
1388 2514 1425 2543 et
1464 2509 1674 2543 debitorum

203 2555 424 2592 nominibus,
445 2567 565 2598 ,quum
592 2566 671 2588 eam
698 2555 908 2600 pecuniam,
937 2567 1046 2599 quam
1072 2555 1147 2599 ipsi
1172 2555 1361 2598 debemus,
1398 2562 1447 2598 et,
1474 2569 1583 2601 quam
1609 2559 1674 2590 alii

203 2603 322 2644 nobis,
348 2603 570 2650 redigimus,
596 2602 633 2636 id
660 2603 758 2647 quod
784 2610 935 2647 superat
961 2603 1077 2641 nobis,
1106 2603 1244 2646 reliqua
1262 2602 1449 2637 dicuntur.
1474 2605 1673 2639 MANUT.

206 2669 247 2675 -
276 2662 345 2683 uon
371 2662 466 2694 resp.
493 2652 542 2684 ad
564 2655 683 2693 temp„
719 2649 800 2684 sich
827 2650 935 2684 nicht
966 2652 1030 2684 auf
1052 2650 1123 2684 den
1149 2650 1388 2685 bestimmten
1413 2652 1494 2698 Tag
1518 2652 1589 2685 mit
1613 2653 1674 2686 ih-

204 2710 265 2733 rer
292 2697 471 2746 Zahlung
496 2698 706 2734 einstellen.
742 2716 781 2723 —
825 2709 867 2732 ne
892 2724 901 2733 .
928 2722 936 2732 .
962 2699 1095 2742 potius,
1119 2709 1160 2733 so
1185 2698 1239 2735 sei
1263 2699 1334 2733 Dir
1357 2698 1492 2734 Nichts
1518 2699 1675 2736 (beuter
