1795 3086
490 75 807 121 EPISTOLA
853 75 1083 121 DCCCII.
1451 75 1545 125 281

65 195 163 245 aut,
191 191 232 233 si
262 191 308 232 in
337 202 390 232 eo
420 189 532 231 mihi
564 189 943 244 temperax‘issem,
973 190 1167 231 maiores
1197 187 1458 230 occasiones
1488 190 1545 231 ad

65 247 370 305 opitulandum
402 246 630 288 haberem:
672 244 922 298 expeditius
962 247 1049 286 iter
1089 244 1334 286 communis
1373 245 1545 298 salutis,

65 318 192 359 quam
223 317 349 346 meae
378 303 544 353 laudis,
587 314 682 342 esse
718 300 851 342 volui.
922 300 1035 342 Nam
1066 302 1165 356 quis
1194 302 1239 342 in
1270 313 1323 341 ea
1352 299 1547 352 fortuna,

38 374 181 416 xquae
210 374 309 402 mea
337 362 426 410 est,
463 362 508 399 et
536 358 590 399 ab
620 369 673 398 ea
700 356 815 408 vita,
855 370 983 412 quam
1019 358 1064 396 in
1102 372 1172 398 me
1213 353 1435 410 cognitam
1466 356 1547 397 ho-

67 416 262 457 minibus
291 416 504 464 arbitror,
551 417 595 453 et
635 426 733 453 cum
776 425 827 453 ea
864 426 963 466 spe,
1000 425 1130 467 quam
1160 415 1206 454 in
1235 412 1438 453 manibus
1468 412 1548 452 ha-

67 473 172 522 beo,
210 475 285 512 aut
321 470 551 511 sordidum
588 469 830 522 quidquam
869 468 961 523 pati
997 472 1074 509 aut
1113 468 1413 522 perniciosum
1443 481 1549 509 con-

69 529 298 581 cupiscere
314 527 479 581 potest?
521 525 607 566 Sed
625 525 898 579 aliquantum
929 524 1057 566 nobis
1086 525 1299 577 temporis
1330 527 1374 565 et
1401 524 1551 579 magni

70 585 264 634 labores,
307 586 351 623 et
386 582 551 622 multae
589 581 812 634 impensae
849 593 957 634 opus
994 580 1198 630 fuerunt,
1234 584 1303 630 ut,
1344 592 1456 634 quae
1485 580 1553 622 rei

70 640 272 693 publicae
310 637 523 691 bonisque
564 637 766 677 omnibus
808 636 1147 691 polliceremur,
1199 635 1318 676 exitu
1356 640 1552 687 praesta-

70 707 218 736 remus
257 707 397 748 neque
439 693 493 733 ad
525 693 738 733 auxilium
777 693 947 746 patriae
975 688 1083 731 nudi
1113 704 1212 732 cum
1243 692 1358 731 bona
1395 692 1553 733 volun-

71 754 187 801 tate,
236 751 316 790 sed
354 763 454 790 cum
495 749 780 790 facultatibus
830 747 1152 788 accederemus.
1211 745 1554 789 Confirmandus

69 810 167 847 erat
197 805 424 848 exercitus
461 805 613 856 nobis,
651 803 823 858 magnis
859 816 989 856 saepe
1025 802 1234 857 praemiis
1270 802 1555 853 sollicitatus,

71 866 119 903 ut
148 862 202 902 ab
233 875 281 903 re
311 861 491 916 publica
519 861 666 914 potius
703 859 955 912 moderata,
997 872 1128 913 quam
1170 860 1225 900 ab
1266 872 1352 900 uno
1381 858 1556 900 infinita

71 922 295 974 speraret:
334 915 663 958 confirmandae
703 916 956 970 complures
996 916 1227 968 civitates,
1275 927 1388 970 quae
1429 928 1555 970 supe-

72 975 192 1015 riore
240 986 355 1014 anno
401 971 714 1026 largitionibus
763 972 1211 1026 concessionibusque
1258 972 1557 1026 praemiorum

73 1033 202 1071 erant
231 1028 478 1083 obligatae:
519 1033 567 1069 ut
597 1032 640 1069 et
669 1025 747 1068 illa
775 1041 888 1069 vana
917 1031 1125 1082 putarent
1155 1032 1201 1069 et
1230 1027 1384 1068 eadem
1413 1041 1440 1068 a
1467 1041 1560 1068 me-

72 1086 262 1127 lioribus
293 1085 546 1126 auctoribus
566 1083 757 1138 petenda
777 1084 1102 1126 existimarent:
1135 1084 1400 1125 alliciendae
1422 1084 1559 1124 etiam

75 1142 324 1182 voluntates
365 1140 661 1195 reliquorum,
709 1139 785 1194 qui
823 1139 1028 1181 finitimis
1066 1139 1312 1194 provinciis
1350 1139 1560 1180 exerciti-

77 1200 240 1252 busque
278 1195 593 1252 praefuerunt,
638 1201 687 1236 ut
732 1195 880 1250 potius
928 1208 1026 1237 cum
1063 1196 1264 1250 pluribus
1301 1196 1559 1237 societatem

77 1253 386 1295 defendendae
424 1252 646 1294 libertatis
686 1252 922 1304 iniremus,
971 1264 1100 1306 quam
1140 1266 1240 1292 cum
1278 1250 1561 1307 paucioribus

78 1310 296 1351 funestam
326 1308 424 1350 orbi
454 1313 677 1350 terrarum
705 1308 938 1349 victoriam
978 1308 1259 1363 partiremur.
1326 1306 1561 1349 Muniendi

79 1429 181 1467 coni.
208 1430 341 1464 Lamb.
367 1429 461 1463 Ern.
489 1425 579 1461 Sch.
607 1427 702 1461 Liin.
728 1426 820 1461 milii
842 1433 970 1461 tamen
1007 1427 1256 1460 necessarium
1289 1437 1366 1460 non
1390 1433 1458 1460 est.
1487 1427 1562 1462 ΟΠ.

82 1496 127 1502 --
152 1477 186 1509 si
210 1477 250 1510 in
276 1488 318 1511 eo
341 1487 391 1512 m.
417 1479 547 1519 temp„
580 1486 684 1508 wenn
720 1476 783 1509 ich
820 1476 890 1509 mit
915 1476 1054 1509 diesem
1081 1475 1347 1521 Versprechen
1372 1474 1474 1509 noch
1500 1488 1565 1510 zu-

79 1524 308 1559 r'uckhielte.
333 1543 376 1551 -
409 1523 625 1567 expeditius,
659 1524 879 1568 gebalmter,
937 1525 1058 1558 Malui
1091 1525 1267 1569 publicae
1301 1524 1411 1557 saluti
1453 1535 1565 1568 quam

83 1585 190 1607 meae
216 1573 317 1607 laudi
342 1572 532 1605 inservire.
559 1591 600 1597 —
628 1571 668 1604 in
694 1598 702 1606 .
731 1597 739 1606 .
761 1574 936 1615 fortuna,
971 1573 1036 1606 auf
1061 1572 1126 1606 der
1151 1573 1288 1614 stelle,
1322 1573 1381 1606 die
1407 1572 1481 1606 mir
1499 1573 1566 1606 das

85 1621 215 1656 Gliick
239 1620 449 1666 zugetheilt
473 1619 555 1655 hat.
606 1620 659 1653 Er
696 1632 771 1653 war
805 1620 1065 1665 Obergeneral
1091 1622 1166 1655 und
1195 1621 1409 1667 Proprator.
1442 1639 1487 1646 -
1520 1621 1566 1654 ab

85 1681 127 1704 ea
150 1670 248 1712 vita,
276 1670 367 1703 odet
390 1667 642 1702 hinsichtlich
669 1669 771 1702 eines
797 1669 947 1704 solchen
971 1669 1302 1712 Lebenswandels,
1329 1669 1570 1704 Charakters.

86 1738 130 1744 —
154 1718 375 1760 hominibus,
402 1716 488 1750 Asc.
516 1719 552 1754 l.
577 1716 749 1750 omnibus.
777 1735 820 1742 -
848 1717 887 1750 in
911 1718 1048 1756 manib.
1074 1717 1209 1759 liabeo,
1237 1718 1291 1752 als
1314 1719 1380 1752 fiir
1405 1718 1469 1752 das
1493 1718 1569 1752 fol-

83 1767 205 1812 gende
230 1765 322 1800 Iahr
346 1766 484 1799 bereits
509 1771 711 1798 ernannter
735 1766 887 1800 Consul.
916 1785 958 1793 -—
983 1767 1184 1810 sordidum,
1209 1767 1475 1808 inhonestum,
1508 1767 1569 1799 in-

85 1816 244 1863 dignum
269 1814 349 1858 pati
373 1813 471 1854 (sich
495 1813 655 1858 gefallen
692 1814 829 1858 lassen)
853 1814 900 1848 ab
934 1815 1117 1857 Antonio,
1155 1815 1256 1861 quod
1287 1815 1477 1850 servitutis
1507 1826 1568 1849 ra·

83 1865 223 1898 tionem
246 1863 421 1900 haberet.
1530 1874 1533 1878 s

181 1927 214 1961 3.
249 1924 424 1968 impensi„
457 1923 648 1957 Aufwand,
683 1942 730 1949 —
763 1925 882 1968 exitu,
916 1925 1036 1959 durch
1070 1925 1141 1959 den
1165 1925 1317 1971 Erfolg‚
1352 1931 1394 1959 ut
1417 1931 1571 1960 eventus

88 1973 181 2008 meis
208 1973 548 2018 pollicitationibus
569 1973 825 2018 responderet.
850 1992 895 1998 —
920 1974 1027 2018 nudi,
1054 1974 1251 2019 imparati,
1280 1986 1354 2008 non
1373 1974 1464 2007 satis
1479 1986 1573 2008 con-

89 2023 252 2063 firmati,
280 2022 359 2054 sine
385 2022 536 2054 viribus.
565 2039 608 2045 —
642 2032 720 2054 cum
737 2021 898 2063 saculi„
931 2023 1001 2056 mit
1027 2024 1121 2056 allen
1147 2023 1302 2058 Mitteln
1328 2026 1572 2071 ansgeriistet.

90 2089 137 2095 —
161 2069 401 2111 sollicitatus,
435 2071 473 2102 in
508 2069 751 2114 Versuchung
782 2070 960 2115 gefiihrt,
1002 2077 1189 2113 tentatus,
1225 2067 1452 2116 vorziiglich
1483 2083 1574 2106 vom

89 2119 284 2152 Antonius.
312 2137 356 2143 ——
382 2119 571 2152 moderata
599 2144 606 2152 .
634 2144 642 2151 .
670 2117 818 2158 infinita
839 2119 1017 2164 praemia.
1046 2141 1087 2146 —
1123 2120 1168 2154 ab
1192 2129 1284 2162 uno,
1320 2118 1502 2156 Antonio,
1529 2139 1572 2145 —

88 2165 272 2208 confirm,
305 2167 471 2200 namlich
497 2168 549 2200 im
574 2167 854 2200 Patriotismus.
883 2185 929 2192 -—
963 2178 1078 2212 super.
1108 2176 1218 2210 anno,
1253 2178 1365 2214 quum
1389 2168 1576 2202 Antonius

90 2215 223 2249 consul
249 2222 354 2249 esset.
383 2234 429 2240 —
455 2226 554 2249 conc.
581 2225 746 2263 praem„
773 2214 895 2248 durch
922 2216 1233 2261 Einra'umungen
1261 2229 1332 2251 von
1358 2217 1576 2251 Freiheiten

92 2275 156 2297 zur
192 2263 422 2310 Belohnung
453 2264 552 2297 ihres
589 2263 810 2299 Ubertritts.
872 2264 1058 2298 Antonius
1097 2265 1332 2310 gebrauchte
1376 2265 1473 2299 dazu
1506 2266 1577 2298 den

90 2311 295 2354 Vorwand‚
322 2312 374 2345 als
400 2312 529 2346 h‘a'tten
557 2311 640 2345 sich
657 2312 904 2357 dergleichen
923 2314 1142 2347 Beschl'usse
1167 2313 1286 2347 sehon
1313 2320 1428 2348 unter
1445 2315 1577 2348 casars

90 2361 272 2405 Papieren
298 2361 499 2404 gesunden.
536 2380 578 2384 —
604 2360 674 2394 illa
699 2361 867 2406 praemia
892 2372 1000 2404 vana,
1035 2362 1098 2395 fiir
1130 2363 1208 2395 null
1243 2363 1316 2395 und
1347 2362 1504 2406 nichtig.
1529 2380 1578 2386 —-

91 2419 116 2441 a
141 2408 277 2442 melior.
306 2413 420 2451 auct,
454 2422 517 2443 aus
545 2410 718 2443 besseren
744 2410 923 2453 Handen3
958 2422 1023 2443 aus
1050 2410 1119 2443 den
1153 2411 1309 2444 Handen
1336 2410 1578 2444 rechtmiissi-

91 2467 158 2500 ger
191 2456 265 2489 und
297 2458 564 2501 patriotischer
595 2457 828 2501 Magistrate.
862 2478 906 2483 -
942 2460 1066 2500 allia,
1101 2459 1181 2493 Md.
1219 2460 1320 2492 Crat.
1347 2457 1449 2491 vict.
1479 2461 1513 2495 1.
1540 2460 1576 2493 2.

92 2505 226 2537 Graev.
253 2505 386 2539 Bened.
414 2507 618 2540 eliciendae.
647 2505 846 2544 ORELLI.
898 2507 1022 2540 lenes:
1049 2508 1310 2550 anlocken3
1337 2507 1476 2539 dieses:
1505 2507 1576 2539 ab·

92 2553 275 2586 locken.
303 2572 347 2577 —
374 2563 479 2597 quam
505 2581 514 2587 .
542 2581 548 2587 .
578 2581 585 2588 .
608 2554 852 2598 partiremur,
887 2557 940 2589 als
968 2555 1047 2589 dass
1076 2557 1144 2589 wir
1171 2567 1234 2588 aus
1270 2554 1425 2599 Mangel
1450 2566 1496 2587 an
1523 2556 1578 2588 in-

91 2602 194 2648 niger
228 2599 476 2647 Verbindung
513 2605 583 2636 mit
618 2603 684 2634 der
727 2603 961 2638 Minderzahl
994 2606 1063 2637 der
1103 2605 1335 2637 Antonianer
1368 2604 1477 2636 einen
1514 2605 1579 2637 sur

93 2650 158 2682 das
183 2650 407 2683 VVeltreich
434 2651 709 2684 mdrderischen
742 2651 826 2696 Sieg
850 2664 899 2686 zu
926 2653 1069 2685 theilen
1099 2653 1245 2686 hatten.
1278 2652 1338 2685 Sic
1365 2652 1445 2687 Md.
1470 2652 1575 2686 Vict.

94 2701 125 2732 1.
152 2700 185 2733 2.
213 2699 345 2731 Lamb.
373 2698 507 2732 Graev.
535 2701 626 2733 Em.
656 2698 745 2732 Sch.
774 2701 871 2733 Li’m.
898 2705 1109 2744 pateremur
1134 2702 1249 2745 Neap.
1269 2699 1351 2734 Asc.
1380 2703 1410 2736 l.
1439 2701 1574 2737 Bened.

93 2757 313 2790 pararemus
338 2748 477 2792 Margo
504 2750 605 2782 Crat.
634 2749 783 2782 Manut.
806 2759 1019 2792 pareremus
1048 2749 1139 2784 Cdd.
1166 2751 1252 2794 aliq.
1283 2750 1359 2785 ΟΠ.
