1795 3086
507 86 817 132 EPISTOLA
855 86 1155 131 DCCCXIII.
1473 86 1561 134 301

96 203 199 244 bar:
236 212 368 254 quum
396 212 465 240 me
503 199 707 253 Etesiae,
749 199 873 254 quasi
912 201 1013 241 boni
1054 201 1200 253 cives,
1246 200 1562 254 relinquentem

95 270 190 298 rem
238 256 463 310 publicam
510 256 717 309 prosequi
766 256 1017 304 noluerunt3
1076 261 1308 311 austerque
1353 255 1561 297 adversus

94 311 290 353 maximo
320 311 428 352 ssatu
456 323 526 351 me
555 310 612 350 ad
642 311 827 351 tribules
856 315 956 351 tuos
978 311 1195 365 Rhegium
1227 312 1400 352 retulit:
1432 316 1563 365 atque

95 368 198 408 inde
225 367 371 408 ventis
401 367 535 407 remis
563 365 610 405 in
639 366 826 419 patriam
856 367 974 406 omni
1015 366 1301 408 festinatione
1331 367 1564 421 properavi

95 423 400 477 postridieque
426 422 472 461 in
501 434 669 462 summa
698 422 967 474 reliquorum
983 423 1326 464 servituteliber
1345 436 1452 462 unus
1482 421 1560 463 fui.

95 478 172 519 Sic
200 491 294 519 sum
324 479 368 518 in
385 476 621 518 Antonium
651 477 876 528 invectus,
905 482 955 517 ut
983 478 1064 518 ille
1094 491 1179 519 non
1210 477 1345 518 ferret
1374 492 1563 518 omnem-

94 548 179 589 que
219 547 343 575 suum
379 532 649 573 vinolentum
689 532 884 574 furorem
924 533 968 573 in
1016 547 1086 574 me
1133 546 1262 573 unum
1305 534 1564 581 effunderet.

95 603 252 644 meque
282 593 372 629 tum
402 588 568 628 elicere
596 588 732 629 vellet
762 588 818 628 ad
848 589 997 629 caedis
1027 601 1225 639 causam,
1256 590 1347 628 tum
1371 593 1565 630 tentaret

94 644 294 685 insidiisz
336 656 466 697 quem
498 646 587 697 “ego
625 649 869 685 ructantem
910 649 954 685 et
994 648 1271 684 nauseantem
1309 645 1479 685 conieci
1517 646 1564 686 in

30 733 33 739 .
93 699 296 741 Caesaris
327 698 561 740 Octaviani
592 700 761 754 plagas.
833 700 954 741 Puer
991 699 1106 739 enim
1153 699 1357 753 egregius
1396 702 1564 753 praesi-

92 756 213 795 dium
252 754 339 794 sibi
369 754 556 808 primum
588 760 632 796 et
662 756 808 807 nobis,
852 753 1010 796 deinde
1038 767 1233 795 summae
1262 755 1328 795 rei
1357 755 1564 808 publicae

93 809 391 864 comparavit:
430 811 507 864 qui
537 811 623 851 nisi
654 811 830 863 fuisset,
858 809 1043 851 Antonii
1072 810 1240 851 reditus
1271 823 1297 850 a
1325 810 1563 852 Brundisio

91 867 230 920 pestis
258 866 428 920 patriae
458 865 628 907 fuisset.
699 866 826 915 Quae
856 865 1061 919 deinceps
1093 870 1193 906 acta
1221 865 1337 916 sint,
1377 867 1492 906 scire
1520 871 1564 907 te

92 922 298 963 arbitror.
357 920 445 961 Sed
474 921 703 961 redeamus
732 921 859 973 illuc,
889 921 1005 962 unde
1034 920 1318 963 devertimus.
1376 922 1562 975 Accipio

91 976 418 1018 excusationem
447 981 565 1016 tuam
596 976 650 1016 de
681 976 960 1031 Sempronio:
989 989 1130 1031 neque
1146 977 1264 1018 enim
1285 977 1438 1018 statuti
1455 977 1563 1032 quid

32 1075 35 1084 ,-
90 1033 136 1073 in
176 1036 297 1073 tanta
336 1031 665 1085 perturbatione
694 1031 855 1073 habere
883 1032 1079 1086 potuisti.

33 1091 35 1111 ²
91 1085 236 1130 Nunc
263 1086 338 1128 hic
369 1086 471 1128 dies
501 1087 636 1128 alium
657 1087 797 1129 vitam
816 1087 1000 1144 des'ert,
1031 1087 1148 1129 ulios
1166 1099 1319 1130 mores
1334 1088 1565 1140 postulat:

33 1150 35 1195 ξ
92 1147 140 1184 ut
167 1143 231 1183 ait
259 1141 511 1184 Terentius.
572 1143 888 1195 Quamobrem,
919 1143 980 1183 mi
1003 1142 1188 1194 Quinte,
1219 1143 1466 1185 conscende
1486 1158 1564 1184 no-

33 1197 35 1206 '
90 1200 275 1249 hiscum,
306 1201 350 1238 et
365 1198 542 1252 quidem
562 1198 617 1238 ad
637 1200 829 1253 puppim.
890 1198 989 1238 Una
1008 1200 1133 1241 navis
1153 1202 1221 1240 est
1243 1200 1332 1239 iam
1349 1200 1561 1241 bonorum

34 1247 36 1280 l
91 1254 305 1294 omnium:
336 1266 465 1307 quam
483 1254 658 1307 quidem
674 1267 753 1295 nos
772 1254 923 1294 damus
942 1267 1120 1307 operam
1149 1258 1197 1294 ut
1216 1259 1382 1295 rectam
1415 1259 1562 1296 tenea-

34 1307 37 1352 ἓ
91 1323 199 1350 nius.
255 1310 436 1349 Utinam
465 1322 677 1362 prospero
708 1314 857 1350 cursu!
897 1309 985 1349 Sed
1000 1310 1247 1364 quicunque
1269 1311 1392 1350 venti
1420 1314 1562 1362 erunt,

35 1385 37 1413 ς
93 1378 164 1405 ars
192 1368 343 1405 nostra
371 1368 491 1404 certe
522 1378 606 1405 non
637 1365 790 1406 aberit.
864 1364 987 1414 Quid
1026 1366 1142 1405 enim
1184 1369 1409 1419 praestare
1438 1366 1562 1406 aliud

36 1450 40 1456 .
89 1420 230 1461 virtus
272 1418 444 1474 potest?
492 1419 565 1460 Tu
610 1418 682 1460 fac
725 1425 774 1462 ut
812 1433 967 1474 magno
1003 1421 1150 1462 animo
1188 1421 1250 1461 sis
1290 1428 1335 1461 et
1372 1422 1561 1473 excelso,

36 1504 39 1533 ,ἶ
91 1475 349 1530 cogitesque
387 1489 558 1515 omnem
595 1475 856 1530 dignitatem
894 1481 1014 1517 tuam
1059 1490 1158 1518 cum
1193 1476 1421 1531 republica
1457 1490 1561 1519 con-

88 1531 281 1572 iunctam
312 1544 407 1572 esse
436 1531 608 1572 debere.

37 1686 39 1728 J
89 1695 179 1729 ciae.
207 1714 251 1720 —-
278 1693 381 1738 quasi
405 1692 491 1726 boni
516 1691 628 1734 cives,
657 1693 726 1726 wie
751 1699 840 1738 gnte
864 1694 1070 1727 Patrioten.
1088 1713 1132 1719 —
1158 1698 1348 1738 austerque
1372 1696 1559 1735 adversus,

38 1738 39 1751 ¹
87 1743 123 1777 S.
149 1755 207 1788 ep.
234 1744 315 1785 760,
353 1745 372 1776 1
398 1753 435 1774 u.
464 1742 486 1775 5
518 1752 577 1774 am
610 1741 728 1774 Ende.
762 1760 809 1766 ——
841 1743 954 1776 tentis
988 1742 1095 1776 remis
1126 1743 1371 1789 proverbialis
1401 1745 1558 1788 locutio,

38 1794 40 1812 ³
89 1803 159 1838 qua
184 1791 343 1824 maxima
369 1789 558 1823 festinatio
583 1789 829 1834 significatur.

181 1857 215 1890 4.
241 1867 477 1900 animmque,
504 1868 560 1889 wo
587 1867 652 1899 que
678 1870 727 1887 z
750 1857 815 1890 sed
838 1855 937 1890 nach
964 1868 1043 1892 nou.
1069 1856 1154 1903 Vgl.
1177 1856 1250 1891 den
1277 1859 1344 1894 763
1364 1858 1489 1901 Brief,
1514 1858 1556 1892 in

38 1909 41 1912 ’
87 1904 262 1939 Hinsicht
289 1904 354 1938 der
378 1904 546 1938 naheren
574 1904 785 1937 Umstande.
811 1923 855 1929 —-
891 1916 1010 1949 meque
1036 1910 1116 1938 [mn.
1143 1906 1205 1939 Sic
1229 1913 1334 1940 recte
1357 1907 1440 1942 Md.
1466 1906 1555 1941 Sch.

0 1956 1 1959 ’
90 1955 189 1990 lirin,
215 1954 312 1994 (Duo
339 1958 443 1985 sunt:
478 1963 603 1993 „nunc
630 1952 767 1985 elicere
792 1964 876 1986 rure
901 1954 1061 1986 Romam
1086 1965 1146 1986 me
1173 1954 1342 1996 volebat,
1374 1967 1469 1988 nunc
1495 1966 1557 1988 me

40 2009 41 2042 ς
89 2002 256 2034 tentabat
280 2000 423 2033 insidiis
449 2000 486 2032 in
513 2000 608 2033 villis
633 2001 781 2042 meis.“)
802 2012 902 2044 quum
919 2002 1014 2035 Edd.
1029 2009 1180 2046 praeter
1197 2001 1283 2035 sch.
1301 2003 1395 2038 Liin.
1418 2004 1491 2037 ΟΒ.
1509 2022 1554 2028 -

40 2047 45 2080 ἦ
87 2051 137 2082 ad
161 2048 280 2081 caedis
303 2059 446 2081 causam
472 2048 495 2082 i.
522 2060 553 2080 e.
581 2049 835 2088 occasionem,
864 2061 933 2094 qua
950 2061 1010 2082 me
1032 2051 1290 2090 interficeret,
1317 2063 1378 2085 um
1403 2052 1483 2085 ihm
1507 2064 1556 2086 zu

45 2125 46 2144 3
87 2097 230 2130 meiner
252 2095 490 2139 Ermordung
518 2096 801 2141 Veranlassung‚
830 2097 1079 2142 Gelegenlxeit
1104 2110 1149 2131 zu
1173 2099 1303 2143 geben.
1330 2118 1377 2124 —
1402 2103 1493 2132 ruet.
1521 2103 1556 2133 et

0 2154 2 2171 ὲ
41 2143 46 2181 ἢ
86 2155 206 2186 naus„
249 2144 318 2177 den
346 2144 504 2189 Riilpser
540 2145 612 2177 und
642 2145 782 2190 Speier.
818 2164 862 2170 -—
908 2145 1064 2186 conieci,
1113 2145 1175 2179 ich
1209 2146 1304 2180 habe
1339 2147 1476 2192 geiagt.
1509 2166 1554 2172 -

0 2190 4 2221 i
41 2192 46 2230 l
83 2192 327 2236 praesidium,
355 2192 416 2224 ein
443 2191 685 2226 Schutzheer.
714 2193 795 2237 Vgl.
822 2204 881 2238 ep·
910 2195 990 2232 768,
1017 2205 1098 2227 zum
1123 2194 1345 2239 Folgenden.
1371 2214 1415 2220 —
1452 2195 1555 2233 illuc.

45 2248 47 2271 Ἀ
86 2240 147 2274 Sic
172 2240 252 2274 Md.
277 2240 360 2274 Bas.
386 2240 469 2273 Asc.
498 2242 527 2274 1.
554 2242 688 2284 Margo
714 2243 817 2274 Crat.
847 2242 943 2276 vict.
972 2244 1001 2276 l.
1029 2243 1061 2276 2.
1089 2243 1219 2279 Lamb,
1256 2243 1394 2278 Bened.
1425 2243 1473 2276 ad
1507 2243 1554 2277 il-

0 2305 4 2310 ›
87 2288 150 2321 Iud
183 2289 296 2332 Neap.
332 2288 432 2322 Crat.
468 2288 607 2325 Graev.
642 2290 730 2322 Ern.
765 2288 854 2323 Sch.
888 2290 983 2324 Liin.
1021 2289 1213 2325 ORELLI.
1247 2310 1290 2317 —
1325 2291 1553 2326 devertimus,

42 2333 47 2383 g
86 2335 149 2368 Sic
174 2335 288 2378 (Md.)
312 2335 410 2373 vict.
436 2338 469 2371 1.
495 2338 526 2372 2.
553 2337 686 2372 Lamb.
708 2349 758 2368 z:
783 2338 992 2371 divertimus
1017 2338 1116 2373 Cett.

182 2403 216 2437 5.
243 2402 373 2436 statuti
397 2403 501 2446 quid,
527 2404 651 2446 „auch
676 2404 853 2438 konntest
877 2405 938 2437 Du
965 2404 1135 2439 wirklich
1162 2406 1223 2440 bei
1249 2407 1316 2441 der
1339 2417 1379 2439 so
1403 2416 1554 2450 grossen

43 2446 48 2483 ἶ
87 2449 329 2494 Verwirrung
365 2450 428 2484 des
468 2453 588 2485 staats
627 2452 735 2485 keine
776 2453 990 2486 bestimmte
1027 2455 1235 2499 Massregel
1271 2454 1470 2498 ergreifen.
1507 2471 1551 2478 ——

1 2503 5 2518 '
43 2495 49 2523 l
88 2516 131 2521 —
159 2498 290 2539 defert.
317 2500 466 2532 Terent.
492 2498 608 2534 Αηέἱν.
636 2501 665 2541 Ι,
688 2500 723 2541 2,
751 2501 806 2536 18.
857 2499 930 2533 Sed
965 2501 1019 2534 ibi
1053 2502 1194 2546 legitur
1219 2502 1341 2545 affert.
1366 2502 1454 2535 Sch.
1503 2502 1552 2536 Et

1 2545 5 2548 ’
44 2552 49 2586 ἦ
87 2546 199 2588 offert
226 2546 339 2579 habet
364 2547 467 2583 Orat.
515 2548 651 2590 Recte,
678 2553 781 2592 puto.
810 2547 1004 2582 ORELLI.
1030 2568 1074 2574 —
1101 2551 1292 2583 conscende
1307 2550 1362 2583 rei
1379 2549 1552 2593 publicae

86 2604 230 2626 navem.
257 2614 299 2620 --
327 2594 375 2627 ad
396 2594 557 2638 puppim,
584 2595 630 2628 ad
656 2596 821 2638 clavum,
848 2597 1155 2640 gubernaculum.
1182 2617 1229 2622 -
1253 2602 1291 2630 ut
1318 2602 1404 2630 rect.
1433 2602 1549 2630 tenea-

86 2652 176 2682 mus,
194 2640 356 2675 welches
372 2643 437 2675 auf
454 2644 590 2686 grader
606 2643 723 2676 Fahrt
737 2655 786 2677 zu
803 2643 986 2686 erhalten,
1004 2647 1032 2682 i.
1050 2657 1080 2679 e.
1100 2651 1141 2678 ut
1157 2646 1408 2693 gubernemus
1427 2647 1550 2678 consi-

46 2686 50 2715 ?
84 2688 138 2722 lio
163 2696 200 2722 et
225 2690 378 2724 ratione.
404 2708 451 2714 ——
486 2701 592 2723 cursu
619 2691 795 2733 laetetur,
832 2697 976 2734 utatur,
1008 2700 1079 2725 eat.
1114 2712 1158 2717 —-
1191 2693 1308 2726 virtus
1334 2694 1452 2726 Abstr.
1480 2705 1548 2738 pro

0 2735 9 2751 '¹'
46 2740 51 2789 1}
89 2739 218 2772 Concr.
256 2739 444 2780 „Manner
469 2750 540 2773 von
565 2737 707 2772 Pssicht
733 2740 809 2773 und
835 2739 982 2779 Ehre,“
1001 2759 1046 2767 ·—-
1065 2741 1136 2782 sac
1162 2746 1211 2774 ut.
1238 2742 1299 2775 Sic
1326 2742 1404 2776 Md.
1431 2743 1546 2786 Neap.
