1795 3086
161 115 223 162 92
429 119 491 162 Μ.
525 121 579 161 Τ.
612 117 948 161 CICERONIS
989 120 1361 164 EPISTOLAE.

324 229 638 271 EPISTOLA
679 229 910 271 DCCVII.
970 231 1043 281 (ad
1074 233 1163 273 Λα.
1192 232 1297 273 XV.
1330 236 1365 274 1.
1395 231 1466 282 A.)

183 296 264 332 scr.
291 297 329 331 in
356 299 561 332 Puteolano
587 310 619 332 a.
646 297 682 331 d.
711 300 804 333 XVI.
829 300 909 333 Kal.
939 302 1021 335 iun.
1047 299 1088 332 Α.
1116 301 1160 333 U.
1190 302 1230 337 c.
1257 303 1335 335 710.
1387 301 1435 341 (a.
1462 302 1506 338 cg
1532 301 1608 343 44.)

161 364 344 397 Alexionis
369 371 531 398 mortem
567 365 686 408 dolet3
717 367 887 411 exponit,
928 367 1015 411 quid
1050 377 1134 399 cum
1159 367 1284 400 Hirtio
1313 356 1447 413 egerit-5
1479 375 1517 401 et
1542 368 1631 413 quid

157 412 230 445 sibi
257 413 303 446 de
328 413 488 446 Antonio
513 419 550 447 et
577 413 622 448 de
645 415 761 447 Bruto
792 414 984 456 videatur,
1019 414 1175 461 denique
1210 415 1314 449 addit
1347 416 1528 461 quaedam
1566 415 1631 448 do-

747 462 914 496 mestica.
950 463 1037 496 1-5.

664 523 849 559 CICERO
874 523 1055 558 ATTICO
1082 522 1117 557 S.

266 582 307 624 O
339 583 505 626 sactum
535 585 648 625 male
678 584 731 625 de
760 584 1004 625 Alexione!
1046 585 1316 627 Incredibile
1347 590 1436 638 est,
1465 590 1629 640 quanta

153 651 223 678 me
252 640 457 682 molestia
486 641 712 689 affecerit3
759 653 841 680 nec
869 639 1125 680 mehercule
1155 654 1212 681 ex
1242 655 1294 682 ea
1322 646 1448 696 parte
1478 643 1624 682 maxi-

152 708 245 746 me,
272 694 389 749 quod
417 697 616 750 plerique
644 709 835 736 mecum:
878 693 978 748 „Ad
1007 709 1138 749 quem
1167 696 1306 750 igitur
1334 703 1377 738 te
1406 698 1627 738 medicum

152 749 418 791 conferes?“
468 751 592 800 Quid
628 751 740 792 mihi
779 752 867 792 iam
907 750 1109 792 medico?
1160 755 1257 804 aut,
1303 753 1341 792 si
1383 766 1492 807 opus
1543 756 1625 805 est,

151 809 275 846 tanta
303 807 454 861 inopia
483 810 580 848 est?
618 807 829 848 Amorem
867 820 974 860 erga
1002 821 1098 856 me,
1129 805 1448 849 humanitatem
1478 809 1624 850 suavi-

151 865 373 915 tatemque
413 863 637 904 desidero.
703 863 853 903 Etiam
902 861 1035 902 illud.-
1088 862 1197 916 quid
1238 867 1326 915 est,
1376 865 1498 917 quod
1537 878 1624 904 non

149 918 554 970 pertimescendum
581 919 663 970 sit,
710 932 843 972 quum
871 917 1094 959 hominem
1124 922 1467 972 temperantem,
1510 931 1626 959 sum-

148 986 268 1013 mum
296 974 516 1015 medicum
548 979 693 1016 tantus
724 974 965 1028 improviso
996 974 1173 1014 morbus
1204 975 1506 1027 oppresserit?
1535 973 1625 1015 Sed

149 1027 345 1070 adhaec
375 1030 522 1071 omnia
565 1043 651 1070 una
688 1030 934 1070 consolatio
978 1033 1070 1080 est,
1120 1029 1236 1083 quod
1275 1042 1327 1070 ea
1368 1030 1624 1070 conditione

150 1084 244 1124 nati
272 1099 443 1138 sumus,
474 1089 521 1126 ut
549 1085 664 1126 nihil
683 1116 694 1137 ,
726 1084 844 1139 quod
874 1084 1045 1125 homini
1076 1084 1281 1125 accidere
1303 1086 1467 1137 possit,
1499 1099 1624 1125 recu-

149 1153 246 1180 sare
278 1140 524 1181 debeamus.
594 1140 664 1180 De
701 1140 896 1180 Antonio
941 1140 1027 1178 iam
1067 1143 1196 1179 antea
1234 1141 1317 1180 tibi
1346 1141 1506 1195 scripsi
1537 1155 1625 1181 non

147 1208 241 1235 esse
270 1210 369 1236 eum
399 1210 425 1236 a
453 1209 523 1236 me
554 1199 830 1237 conventum.
897 1194 1037 1235 Venit
1065 1195 1180 1235 enim
1210 1193 1454 1248 Misenum,
1492 1210 1626 1250 quum

148 1264 228 1304 ego
260 1265 403 1292 essem
433 1251 478 1291 in
508 1251 806 1305 Pompeiano:
852 1250 958 1291 inde
987 1254 1086 1290 ante
1114 1250 1342 1304 profectus
1373 1255 1463 1303 est,
1493 1265 1621 1305 quam

147 1320 229 1360 ego
259 1321 358 1348 eum
387 1307 564 1348 venisse
600 1307 806 1359 cognovi.
866 1306 954 1347 Sed
987 1319 1114 1357 casu,
1145 1320 1277 1359 quum
1306 1307 1499 1360 legerem
1530 1311 1626 1347 tuas

144 1362 323 1412 literas,
364 1361 541 1402 Hirtius
581 1366 678 1402 erat
716 1361 830 1415 apud
860 1376 928 1401 me
958 1361 1004 1402 in
1033 1362 1299 1402 Puteolano:
1340 1363 1381 1402 ei
1426 1361 1539 1415 legi,
1579 1368 1623 1403 et

145 1418 231 1470 egi.
291 1418 495 1458 Primum
516 1417 632 1473 quod
659 1418 834 1470 attinet,
864 1417 981 1457 nihil
1006 1416 1115 1456 mihi
1141 1417 1433 1458 concedebat:
1464 1418 1622 1459 deinde

143 1474 201 1513 ad
230 1487 472 1526 summam,
512 1474 726 1514 arbitrum
756 1487 825 1514 me
855 1472 1073 1513 statuebat
1102 1486 1188 1513 non
1216 1473 1349 1513 modo
1378 1473 1509 1514 huius
1540 1475 1620 1525 rei,

142 1528 221 1571 sed
251 1531 387 1570 totius
418 1529 676 1569 consulatus
707 1530 788 1568 sui.
861 1529 974 1568 Cum
1006 1527 1194 1568 Antonio
1224 1533 1367 1568 autem
1413 1530 1480 1569 sie
1520 1542 1621 1582 age-

141 1599 265 1637 mus,
305 1589 354 1626 ut
382 1585 649 1639 perspiciat,
689 1584 727 1624 si
767 1584 812 1624 in
854 1597 905 1624 eo
945 1583 1126 1635 negotio
1164 1584 1291 1624 nobis
1331 1583 1618 1637 satisfecerit,

141 1645 283 1681 totum
312 1655 381 1682 me
411 1640 608 1681 futurum
647 1653 783 1680 suum.
853 1640 1139 1680 Dolabellam
1179 1653 1309 1693 spero
1352 1640 1471 1680 domi
1511 1653 1622 1681 esse,-

236 1761 265 1793 1.
295 1759 490 1801 Osactum
514 1761 609 1793 male
634 1760 676 1793 de
710 1756 913 1799 Alexione,
947 1770 968 1791 o
1002 1758 1066 1792 des
1098 1757 1230 1792 hatten
1264 1758 1510 1799 Geschickes,
1545 1758 1617 1792 den

137 1807 264 1841 Alexio
292 1819 334 1840 so
359 1807 500 1840 schnell
526 1809 765 1841 verloren-zu
790 1807 933 1842 haben!
985 1808 1057 1840 Hic
1083 1807 1232 1848 Alexio,
1260 1807 1326 1850 qui
1351 1807 1474 1839 fuerat
1499 1807 1614 1839 medi·

138 1867 202 1889 cus
230 1856 440 1897 Ciceronis,
467 1856 560 1890 alius
586 1868 663 1889 esse
687 1856 851 1894 videtur,
879 1861 987 1899 atque
1014 1856 1094 1897 ille,
1122 1855 1183 1900 qui
1210 1855 1246 1887 in
1270 1854 1383 1900 Epiro
1410 1853 1524 1887 Attici
1551 1866 1618 1886 ne-

137 1904 241 1948 gotia
266 1903 422 1936 curabat
453 1904 526 1950 (ep.
563 1905 664 1945 618).
697 1904 787 1940 Sch.
825 1901 860 1936 S.
900 1903 947 1935 ad
980 1902 1093 1936 Attic.
1131 1903 1212 1944 VII,
1250 1903 1281 1936 2.
1316 1902 1428 1946 (293).
1463 1901 1544 1943 XV,
1579 1904 1615 1937 2.

137 1953 235 1993 (709,
262 1952 312 1992 4).
340 1952 373 1985 3.
400 1952 498 1994 (710,
527 1954 580 1993 2).
616 1972 661 1977 -
700 1963 744 1985 ez
770 1962 812 1984 ea
835 1955 960 1993 parte,
987 1951 1063 1984 und
1088 1951 1124 1983 in
1151 1951 1219 1983 der
1244 1950 1343 1982 That
1368 1949 1475 1982 nicht
1502 1950 1616 1994 grade

136 2012 195 2033 am
222 2000 379 2033 Meisten
405 2011 476 2032 von
504 2001 569 2033 der
593 2001 693 2034 Seite
720 2001 788 2033 her
814 1999 846 2031 d.
864 1999 893 2035 i.
920 1998 1204 2042 desswegen'.
1227 2011 1278 2022 -—*
1296 2008 1430 2031 mecum
1455 1998 1614 2043 loquun-

134 2055 209 2083 tur.
244 2067 289 2072 —
323 2051 356 2080 te
381 2069 388 2076 -
417 2071 425 2080 .
453 2049 645 2091 conferes,
684 2049 798 2081 wirst·
819 2048 879 2079 Du
904 2058 978 2079 nun
1011 2047 1130 2080 Deine
1157 2047 1330 2079 Zuflucht
1356 2046 1540 2078 nehmen?
1566 2065 1613 2070 —-

134 2097 269 2129 medico
297 2106 390 2140 opus
415 2096 496 2128 est?
537 2097 605 2129 wie
643 2097 783 2129 k'o‘nnte
819 2106 856 2127 es
883 2095 962 2127 mir·
980 2094 1080 2140 noc-:h
1107 2106 1172 2127 um
1198 2095 1305 2127 einen
1332 2093 1422 2127 Arzt
1448 2106 1494 2127 zu
1521 2094 1612 2127 thun

133 2144 237 2178 sein?
262 2162 307 2168 -—
332 2143 457 2186 inopia
483 2145 714 2178 medicorum
730 2169 738 2183 ‚
772 2143 924 2187 Mangel
950 2153 994 2175 an
1021 2143 1166 2175 Arzten.
1192 2162 1236 2166 —
1270 2142 1440 2176 Amorem
1465 2142 1611 2176 Alexio-

136 2193 208 2229 nis.
236 2210 281 2216 —-
307 2191 458 2230 suavia,
493 2193 691 2226 reizenden
716 2193 898 2236 Umgang.
926 2209 970 2214 ——
1003 2190 1128 2223 Etiam
1153 2191 1244 2223 illud
1267 2201 1326 2223 me
1352 2202 1423 2223 non
1449 2190 1610 2223 maxime

134 2241 308 2274 molestia
332 2239 469 2281 afficit,
507 2240 606 2285 quod
638 2241 803 2286 plerique
838 2249 984 2271 mecum
1021 2238 1245 2283 loquuntur:
1280 2238 1364 2281 quid
1388 2241 1441 2271 est
1467 2245 1537 2271 cet.
1567 2259 1607 2265 —

133 2290 206 2323 Sed
231 2315 240 2325 .
271 2313 279 2323 .
306 2291 377 2329 est,
413 2287 533 2321 haben
560 2288 628 2321 wir
662 2288 772 2321 doch.
805 2306 849 2312 -
885 2296 1070 2328 recusare,
1105 2287 1302 2320 abweisen.
1344 2286 1425 2331 Vgl.
1458 2287 1607 2321 Tuscul,

131 2338 200 2377 III,
228 2338 285 2377 16,
313 2335 359 2371 34
385 2348 417 2370 u.
445 2336 518 2370 das.
544 2339 685 2371 Moser.
1202 2365 1206 2369 ,

227 2386 261 2420 2.
285 2395 355 2419 non
380 2395 454 2418 esse
479 2410 488 2419 .
516 2409 524 2418 .
553 2389 777 2425 conuentum,
808 2381 872 2415 ich
898 2382 1004 2416 hatte
1032 2382 1096 2415 ihn
1122 2382 1228 2416 nicht
1253 2383 1454 2427 getroffen.
1487 2384 1521 2417 S.
1548 2394 1609 2428 ep.

133 2434 217 2474 699,
245 2434 279 2467 2.
305 2434 385 2475 704,
411 2434 446 2468 2.
475 2451 521 2458 —
548 2436 581 2465 et
608 2433 671 2474 egi
696 2443 781 2465 cum
808 2442 850 2463 eo
877 2430 922 2463 de
948 2441 986 2464 re
1012 2431 1220 2464 Buthrotia.
1245 2430 1281 2465 S.
1309 2442 1366 2476 ep.
1393 2433 1474 2474 692,
1503 2435 1537 2468 l,
1564 2450 1608 2455 --

131 2481 293 2514 Primum
318 2481 412 2525 quod
436 2481 581 2518 attinet,
604 2481 733 2525 gleich
759 2479 930 2526 anfangs.
957 2497 1000 2503 ——
1034 2478 1128 2512 m‘lzil
1152 2479 1239 2512 mihi
1263 2480 1500 2521 concedebat,
1534 2480 1605 2523 gab

132 2540 173 2561 er
205 2529 277 2562 mir
309 2530 362 2563 ini
394 2529 501 2562 Eifer
532 2530 595 2562 fiir
628 2528 727 2561 diese
763 2527 1061 2572 Angelegenheit
1098 2528 1230 2561 Nichts
1264 2528 1365 2560 nach
1399 2528 1423 2563 i.
1459 2539 1490 2561 e.
1526 2539 1607 2560 rem

134 2576 376 2611 Buthrotiam
403 2589 518 2623 aeque
544 2583 655 2622 atque
693 2587 762 2621 ego
795 2575 993 2609 videbatur
1029 2587 1178 2620 cupere.
1211 2576 1416 2610 MANUT.
1452 2574 1535 2620 Vgl.
1560 2586 1605 2607 zu

131 2626 272 2658 conced.
299 2637 356 2671 ep.
382 2627 452 2660 592
478 2636 547 2658 non
572 2625 731 2661 concedit
760 2623 933 2657 Camillo.
969 2642 1012 2648 -
1051 2624 1193 2665 deinde,
1228 2623 1393 2657 hernach
1425 2628 1605 2657 ernanute

132 2683 176 2705 er
200 2673 304 2706 mich
329 2683 453 2720 sogar.
483 2692 521 2698 —
552 2673 601 2706 ad
623 2683 813 2714 summam,
851 2670 1076 2717 iiberhaupt.
1105 2691 1147 2696 —
1165 2708 1168 2713 ¹
1186 2672 1379 2714 arbitrum,
1415 2683 1497 2706 zum
1530 2670 1601 2702 Ge-

132 2720 253 2754 bieter
280 2722 384 2755 iiber.
411 2740 454 2746 —
483 2725 546 2754 lot.
572 2731 667 2754 cons.
696 2720 866 2766 proximo
893 2731 992 2753 anno
1018 2719 1188 2764 gerendi,
1221 2737 1268 2744 —-
1299 2719 1336 2753 in
1369 2731 1410 2753 eo
1444 2717 1604 2752 Buthro-

131 2769 271 2802 tiorum
296 2770 461 2812 negoeio.
488 2769 567 2814 vgl.
595 2780 649 2814 ep.
679 2771 758 2805 704.
785 2787 827 2793 -—
865 2768 963 2802 domi
988 2778 1083 2811 esse,
1119 2779 1186 2812 „er
1223 2767 1343 2801 werde
1377 2766 1536 2801 einmahl
1562 2778 1605 2799 zu
