1795 3086
182 103 499 149 EPISTOLA
519 102 971 147 DCCCXXXVIII.
984 102 1393 148 DCCCXXXIX.
1445 102 1537 151 345

59 219 309 272 Campanot
339 216 590 272 aequaliter
619 219 694 256 aut
724 220 845 257 sorte
875 230 1009 271 agros
1039 216 1289 271 legionibus
1318 217 1538 271 assignari

90 279 163 314 uto
193 279 416 328 oportere.
473 272 599 313 Haec
629 285 698 311 nie
727 272 811 312 tibi
841 272 1039 313 scribere
1067 286 1153 314 non
1173 272 1413 328 prudentia
1440 287 1539 315 mea

59 288 280 382 bortatur,
320 330 399 372 sed
431 341 553 369 amor
583 326 629 367 in
665 331 709 367 te
749 332 793 367 ct
823 328 1048 381 cupiditas
1079 329 1177 382 otii,
1220 329 1339 384 quod
1367 327 1464 370 sine
1495 334 1539 370 te

61 385 306 426 consistere
342 396 438 427 non
478 386 636 437 potest.
711 382 837 437 Ego,
878 383 967 424 nisi
1007 385 1138 426 valde
1178 398 1357 426 necesse
1386 383 1541 434 suerit,

61 455 120 482 ex
150 442 287 482 Italia
316 453 402 481 non
432 438 663 480 excedam.
722 439 945 492 Legiones
978 452 1115 491 armo,
1144 454 1278 493 paro:
1310 453 1441 494 spero
1470 454 1541 481 me

62 510 146 537 non
184 496 421 551 pessimum
460 494 710 536 exereitum
749 494 1003 535 habiturum
1044 496 1099 535 ad
1138 509 1290 538 omnes
1327 509 1454 537 casus
1498 499 1543 537 ct

62 553 253 606 impetus
282 550 525 592 hominum.
584 550 657 591 De
687 551 907 602 exercitu,
937 564 1068 605 quem
1098 551 1247 592 Pansa
1275 551 1447 598 habuit,
1476 551 1540 593 le-

63 609 240 663 gionem
270 606 382 647 mihi
414 606 583 648 Caesar
611 619 699 646 non
729 606 934 647 remittit.
993 606 1063 646 Ad
1093 606 1174 647 has
1205 608 1361 648 literas
1390 606 1543 648 statim

66 663 179 703 mihi
209 663 404 705 rescribe
434 667 700 716 tuorumque
730 661 925 718 aliquem
954 661 1098 713 mitte,
1128 662 1167 703 si
1197 663 1308 717 quid
1338 662 1542 704 recondi-

64 722 156 759 tum
185 720 328 773 magis
357 719 447 759 erit
475 732 632 774 meque
662 718 779 760 scire
808 731 917 773 opus
947 730 1042 760 esse
1072 718 1255 772 putaris.
1314 732 1406 760 vm.
1437 719 1541 761 Kal,

65 774 178 827 Iun„
209 773 451 831 Eporedia.

183 958 503 1003 EPISTOLA
532 958 925 1001 DCCCXXXIX.
986 959 1064 1011 (ad
1093 960 1200 1002 Div.
1231 959 1318 1003 XI.
1348 958 1437 1010 23.)

184 1037 267 1071 Dat.
292 1035 394 1070 VIII.
423 1035 505 1069 Kal.
533 1036 616 1072 Iun.
641 1035 834 1081 Eporedia
864 1036 907 1069 A.
934 1035 978 1069 U.
1007 1034 1046 1070 C.
1074 1037 1157 1072 711.
1205 1036 1252 1079 (a.
1279 1036 1319 1071 C.
1345 1038 1422 1079 43.)

159 1104 343 1139 Hortatur
364 1104 601 1143 Ciceronem,
636 1107 678 1134 ut
704 1101 799 1134 bene
835 1101 881 1135 de
912 1107 954 1136 re
978 1101 1131 1147 publica
1158 1108 1296 1148 speret.
1330 1103 1453 1139 1—2.

426 1170 469 1204 D.
497 1166 691 1202 BRUTUS
719 1167 756 1202 S.
784 1169 829 1203 D.
865 1170 914 1203 Μ.
943 1168 1191 1206 CICERONI.

178 1238 273 1282 Nos
313 1237 390 1279 hic
428 1236 625 1278 valemus
664 1241 811 1289 recte,
859 1240 925 1282 et,
973 1250 1061 1291 quo
1104 1238 1265 1279 melius
1305 1240 1550 1291 valeamus,

70 1307 250 1350 operam
290 1293 504 1335 dabimus.
570 1291 772 1345 Lepidus
812 1293 1044 1334 commode
1084 1294 1176 1346 [de]
1217 1294 1345 1335 nobis
1383 1296 1551 1336 sentire

0 1352 1 1362 ³
70 1352 265 1393 videtur.
323 1349 459 1391 Omni
488 1347 650 1388 timore
681 1347 900 1402 deposito,
940 1348 1146 1391 debemus
1187 1350 1329 1391 libere
1368 1351 1433 1391 rei
1471 1365 1551 1405 pu-

70 1407 216 1448 blicae
253 1405 498 1446 consulere.
567 1402 701 1452 Quod
742 1404 781 1444 si
822 1404 972 1445 onmia
1011 1410 1160 1447 essent
1197 1406 1358 1451 aliena,
1402 1410 1552 1447 tamen

71 1464 213 1503 tribus
242 1462 380 1502 tantis
410 1459 702 1512 exercitibus,
733 1459 929 1515 propriis
952 1461 1019 1502 rei
1040 1462 1263 1516 publicae,
1285 1461 1553 1514 valentibus,

71 1531 276 1573 magnum
306 1518 502 1558 animum
541 1515 709 1556 habere
755 1516 962 1568 debebaS,
1006 1532 1134 1572 quem
1175 1522 1220 1560 et
1257 1531 1433 1573 semper
1471 1518 1552 1560 ha-

8 1685 10 1729 ]
73 1707 209 1743 magna
236 1695 384 1740 reliqua
413 1700 505 1731 erat.
532 1712 575 1719 -
629 1695 845 1738 aequaliter,
881 1706 929 1729 zu
955 1692 1136 1741 gleichen
1161 1694 1340 1730 Theilen.
1370 1716 1412 1722 —
1462 1698 1556 1732 assi-

10 1786 11 1789 *
74 1744 201 1787 gnari,
227 1744 469 1792 angewiesen
495 1743 661 1776 werden.

171 1794 204 1826 4.
240 1793 324 1833 otii,
359 1792 471 1836 pacis,
504 1791 612 1825 Ruhe
648 1791 701 1824 im
736 1790 872 1825 Staate.
925 1807 966 1814 -
1017 1800 1088 1824 non
1122 1797 1178 1826 est
1211 1804 1256 1826 ex
1281 1793 1555 1838 supplemento.

12 1866 13 1890 3
75 1839 227 1874 Excidit
256 1851 274 1873 e
301 1840 374 1874 Md.
402 1839 474 1873 OR.
503 1859 546 1864 -
598 1839 764 1883 impetus,
790 1837 979 1885 Angriffe.
1018 1856 1060 1862 -
1114 1840 1309 1882 legionem,
1334 1842 1394 1875 die
1419 1843 1558 1876 Brutus

77 1887 343 1922 verinuthlich
368 1887 452 1921 dem
481 1887 593 1920 Pansa
629 1887 748 1921 selbst
778 1898 825 1920 zu
858 1886 941 1920 dem
978 1892 1101 1920 ersten
1128 1889 1303 1936 Angriffe
1342 1889 1435 1923 oder
1460 1890 1559 1924 nach

13 1962 14 1966 ,
77 1936 210 1970 dessen
239 1936 514 1982 Verwundung
550 1948 598 1969 zu
625 1935 731 1969 einer
754 1934 920 1968 zweiten
945 1935 1080 1968 Aetion
1117 1938 1183 1970 fiir
1209 1937 1270 1971 die
1295 1937 1560 1984 Verstarkung

78 1984 142 2018 des
170 1983 420 2017 Pansaischen
456 1984 597 2017 Heeres
635 1983 721 2016 dem
752 1983 924 2017 Octavius
957 1983 1173 2018 iiberlassen
1207 1985 1324 2022 hatte.
1378 2005 1420 2010 —
1471 1986 1558 2028 erit,

77 2032 203 2066 Lamb.
224 2032 361 2073 fuerit,
398 2032 489 2065 falls
515 2033 574 2066 Du
600 2032 676 2064 mir
701 2031 830 2065 Etwas
857 2030 1055 2078 gebeimes
1084 2045 1132 2065 zu
1156 2033 1309 2068 melden
1335 2032 1485 2068 hattest.
1512 2053 1557 2058 —

16 2095 17 2114 ÷
80 2091 156 2114 esse
181 2080 255 2113 del.
281 2080 375 2114 Ern.
402 2079 491 2114 sch.
519 2080 613 2114 Liin.
642 2086 774 2114 contra
798 2079 873 2113 Md.
900 2098 942 2103 —
972 2091 1057 2113 VIII.
1086 2080 1173 2114 Kal.
1202 2083 1296 2122 Iun„
1322 2094 1380 2115 am
1396 2083 1452 2117 25.
1471 2083 1557 2118 Mai.

16 2124 17 2153 Ῐ
79 2140 148 2161 νιι.
180 2128 278 2162 Crat.
319 2140 374 2161 rx.
411 2127 498 2161 Sch.
532 2129 630 2162 Liin.
680 2129 792 2167 Nam,
827 2127 857 2160 si
883 2127 1049 2172 lega-inus
1078 2140 1164 2162 νιιῑ.
1192 2129 1295 2169 Καί.,
1330 2130 1486 2174 epistola
1512 2130 1557 2165 D.

17 2178 19 2229 ξ
78 2176 186 2211 Bruti
213 2176 368 2210 brevior
391 2176 454 2216 XI,
480 2178 526 2211 23
551 2176 666 2219 (839.)
702 2175 833 2210 eodem
867 2175 928 2209 die
954 2175 1095 2221 scripta
1131 2184 1239 2220 esset,
1276 2178 1376 2223 quod
1401 2189 1476 2212 non
1503 2185 1560 2213 est

17 2241 19 2243 ·
78 2223 301 2258 verisimile.
352 2241 394 2247 —
446 2224 649 2268 Eporedia,
684 2223 776 2258 ietzt
811 2224 918 2257 lvrea
953 2224 1004 2256 im
1042 2225 1410 2267 Piemontesischen‚
1444 2226 1558 2260 nicht

19 2272 20 2286 ³
79 2272 173 2306 weit
206 2283 281 2305 von
319 2272 535 2308 Vercellae.
587 2271 624 2306 S.
661 2283 717 2318 ep.
748 2273 830 2308 825.
881 2272 938 2306 Er
979 2284 1061 2306 war
1094 2274 1206 2308 rasch
1246 2274 1331 2309 dem
1375 2275 1560 2311 Antonius

20 2331 21 2365 j
80 2319 351 2366 nachgeriickt.

180 2389 211 2422 1.
239 2387 409 2429 calemus,
436 2399 472 2421 es
499 2387 602 2422 steht
627 2387 714 2421 hier
740 2393 808 2435 gut
833 2399 895 2420 uin
925 2400 1005 2424 uns,
1058 2407 1100 2413 —
1151 2389 1227 2434 [de]
1254 2390 1367 2424 vobis.
1394 2390 1438 2423 de
1464 2393 1560 2424 Man,

22 2444 23 2451 ¹
82 2446 180 2479 susp.
206 2434 304 2469 vict.
329 2437 361 2471 2.
400 2437 584 2469 commode
614 2435 730 2469 nobis
782 2436 861 2469 Csr.
887 2447 943 2480 ep.
973 2448 1051 2480 seq.
1095 2438 1206 2479 (847).
1247 2439 1320 2472 ΟΕ.
1356 2439 1560 2481 „scheint's

23 2514 24 2517 ,
83 2484 156 2516 mit
181 2494 250 2516 uns
285 2490 353 2531 gut
384 2496 431 2517 zu
464 2485 660 2517 meinen.“
710 2483 826 2527 Atqui
860 2491 993 2528 quarto
1033 2485 1093 2518 die
1119 2491 1213 2531 ,post
1248 2486 1426 2532 scriptam
1460 2486 1560 2521 hanc

23 2556 25 2559 .
84 2530 282 2576 epistolam
310 2531 473 2575 Lepidus
501 2531 710 2566 Antonium
738 2532 893 2576 recepit.
918 2533 1027 2567 SCH.
1064 2534 1133 2566 cfr.
1162 2545 1217 2578 ep.
1245 2535 1326 2569 818.
1354 2554 1400 2558 -
1432 2535 1560 2577 libere,

82 2579 154 2612 mit
179 2579 314 2611 freiem
340 2580 503 2613 Herzen.
542 2599 584 2606 —-
636 2579 777 2619 aliena,
811 2582 913 2614 w'zire
940 2581 1036 2614 auch
1062 2582 1183 2623 Alles,
1222 2582 1400 2626 Lepidus,
1426 2584 1561 2624 Pollio,

84 2638 152 2659 uns
180 2627 381 2671 abwendig
408 2628 589 2671 gemacht.
629 2648 671 2653 -
722 2627 836 2660 tribus
861 2653 869 2660 .
899 2653 906 2661 .
935 2629 1102 2669 exercit„
1130 2629 1336 2666 Octaviani,
1369 2631 1495 2664 Planci
1524 2638 1561 2666 et

86 2685 178 2707 meo.
208 2693 248 2698 —
274 2675 448 2719 propriis,
478 2675 653 2721 ergeben,
680 2675 763 2709 fidis
791 2681 827 2709 et
853 2677 968 2710 certis
994 2677 1034 2709 in
1057 2677 1273 2711 defensione
1301 2678 1356 2710 rei
1374 2679 1558 2724 publicae.

87 2721 159 2756 Sed
186 2723 314 2766 opinio
342 2734 424 2756 eum
453 2723 610 2758 fefellit.
662 2725 748 2758 Mox
784 2723 885 2758 enim
922 2725 1096 2759 Octavius
1136 2731 1173 2759 et
1206 2726 1361 2760 Plancus
1394 2739 1562 2762 accesso-n

85 2775 173 2804 runt
199 2770 374 2806 Antonio.
400 2771 614 2809 GRONOV.
