1795 3086
192 100 285 148 316
471 103 533 145 Μ.
564 105 621 147 Τ.
651 101 997 147 CICERONIS
1027 104 1404 151 EPISTOLAE.

192 215 374 256 tendum
405 220 545 269 putes.
606 215 710 269 Ipse
741 215 828 256 tibi
856 216 919 257 sis
948 219 1147 259 senatus:
1190 232 1451 273 quocunque
1489 221 1531 260 te
1563 221 1679 261 ratio

193 271 261 312 rei
290 273 496 325 publicae
526 270 672 321 ducet,
705 284 903 325 sequare.
962 274 1121 319 Cures,
1160 280 1207 315 ut
1246 279 1348 315 ante
1385 275 1552 315 factum
1593 277 1677 316 ali—

191 327 313 380 quod
344 340 369 366 a
399 330 443 367 te
472 326 702 380 egregium
733 327 977 375 audiamus,
1019 343 1153 382 quam
1188 329 1385 371 futurum
1416 331 1677 385 putarimus.

191 383 316 423 Illud
347 381 430 423 tibi
460 383 689 436 promitto,
729 383 948 437 quidquid
979 386 1066 424 erit
1107 398 1132 424 a
1172 391 1216 426 te
1246 386 1427 437 sactum,
1468 386 1515 426 id
1553 400 1677 428 sena-

189 444 282 478 tum
312 450 400 478 non
429 437 563 477 modo
592 442 641 479 ut
669 437 870 481 fideliter
898 439 976 480 sed
1008 440 1145 481 etiam
1174 446 1224 483 ut
1252 441 1481 496 sapienter
1511 441 1676 484 sactum

189 494 590 549 comprobaturum.

309 740 629 784 EPISTOLA
658 740 1020 783 DCCCXXIII.
1078 742 1158 794 (ad
1188 742 1295 785 Div.
1325 742 1439 786 XII.
1469 745 1558 792 30.)

380 816 462 851 Ser.
489 817 627 851 Romae
652 828 782 851 mense
809 817 905 851 Maio
933 818 973 852 A.
1003 818 1049 852 U.
1076 817 1116 852 C.
1144 820 1224 853 711.
1259 820 1308 859 (a.
1336 819 1376 852 C.
1403 820 1479 860 43.)

191 881 397 916 Silentium
436 883 635 917 literarum
679 889 831 927 praeter
865 883 1099 927 litigantium
1133 885 1474 918 commendationes
1510 891 1674 925 excusat,

188 930 234 963 de
260 936 440 965 renovato
467 931 568 965 bello
596 932 735 1012 scribit¹
753 937 790 964 et
807 931 862 1012 lde
878 932 1065 1014 angffstii}
1085 932 1268 1015 pe70uniae
1288 933 1479 979 publicae:
1508 933 1675 967 breviter

741 989 870 1012 eatis
897 991 938 1013 re
967 991 1019 1013 us.
1069 998 1116 1004 —
1143 1006 1152 1014 .

657 1050 837 1085 CICERO
865 1050 1148 1086 CORNIFICIO
1175 1050 1212 1085 S.

298 1119 425 1160 Itane
466 1121 645 1172 praeter
685 1119 941 1173 litigatores
985 1132 1113 1160 nemo
1150 1119 1207 1160 ad
1253 1123 1298 1161 te
1336 1133 1457 1161 meas
1492 1119 1673 1161 literas?

188 1174 363 1216 Multae
401 1175 513 1216 istae
544 1174 750 1230 quidem:
791 1179 839 1215 tu
879 1175 998 1215 enim
1037 1174 1283 1228 perfecisti,
1321 1180 1372 1216 ut
1409 1189 1538 1216 nemo
1577 1175 1673 1216 sine

186 1231 338 1272 literis
368 1230 480 1271 meis
510 1230 594 1272 tibi
624 1244 670 1271 se
699 1230 1052 1271 commendatum
1083 1234 1284 1286 putaret:
1333 1231 1413 1272 sed
1450 1230 1552 1285 quis
1592 1245 1671 1271 un—

185 1300 319 1342 quam
347 1291 525 1327 tuorum
555 1285 670 1327 mihi
700 1285 824 1327 dixit
854 1300 965 1339 esse,
995 1286 1069 1327 cui
1100 1286 1270 1339 darem,
1300 1288 1409 1341 quin
1439 1286 1672 1329 dederim?

187 1347 264 1384 aut
293 1343 402 1396 quid
431 1341 541 1382 mihi
572 1341 824 1388 iucundius,
853 1355 1000 1396 quam,
1029 1356 1163 1398 quum
1192 1357 1344 1383 coram
1374 1347 1520 1384 tecum
1548 1342 1670 1397 loqui

186 1413 275 1440 non
306 1397 487 1452 possim,
515 1401 602 1444 faut
628 1397 827 1439 scribere
871 1397 928 1439 ad
968 1403 1013 1439 te
1049 1403 1125 1439 aut
1163 1402 1261 1439 tuas
1300 1399 1450 1453 legere
1491 1398 1673 1439 literas?

185 1454 310 1496 Illud
339 1454 480 1508 magis
510 1453 625 1494 mihi
653 1454 772 1495 solet
799 1468 899 1495 esse
927 1454 1176 1501 molestum,
1204 1454 1341 1495 tantis
1371 1468 1442 1495 me
1459 1453 1672 1508 impediri

184 1509 568 1564 occupationibus,
597 1512 647 1550 ut
675 1510 734 1550 ad
771 1514 815 1551 te
844 1509 1071 1550 scribendi
1102 1524 1201 1551 meo
1231 1509 1451 1551 arbitratu
1480 1509 1673 1551 facultas

183 1567 307 1607 nulla
334 1565 479 1606 detur.
537 1564 640 1606 Non
671 1566 791 1605 enim
828 1569 873 1606 te
903 1565 1122 1620 epistolis,
1160 1565 1242 1606 sed
1280 1565 1577 1606 voluminibus
1607 1566 1670 1605 la—

185 1634 430 1671 cesserem3
477 1620 638 1675 quibus
684 1621 868 1675 quidem
907 1635 977 1663 me
1017 1635 1043 1662 a
1082 1626 1126 1661 te
1156 1621 1393 1676 provocari
1423 1621 1672 1675 oportebat.

185 1677 405 1728 Quamvis
453 1677 572 1717 enim
620 1681 861 1732 occupatus
907 1677 993 1724 sis,
1043 1676 1131 1718 otii
1177 1681 1323 1718 tamen
1371 1678 1472 1732 plus
1519 1677 1670 1718 habes.

181 1736 284 1780 Aut,
313 1733 352 1774 si
382 1746 437 1773 ne
465 1736 515 1773 tu
544 1733 725 1786 quidem
754 1745 904 1784 vacas,
933 1733 1028 1774 noli
1058 1732 1291 1788 impudens
1322 1747 1418 1775 esse
1448 1746 1531 1774 nec
1558 1732 1672 1774 mihi

184 1789 433 1831 molestiam
462 1787 678 1830 exhibere
717 1792 763 1830 et
791 1802 818 1830 a
847 1803 917 1830 me
948 1790 1106 1830 literas
1136 1789 1400 1836 crebriores,
1448 1802 1583 1843 quum
1622 1792 1671 1830 tu

184 1845 300 1888 mihi
331 1857 434 1887 raro
464 1844 633 1895 mittas,
662 1844 884 1900 flagitare.
958 1845 1074 1887 Nam
1103 1859 1237 1900 quum
1266 1849 1397 1887 antea
1425 1844 1672 1886 distinebar

181 2041 258 2076 und
284 2040 523 2089 dringenden
548 2041 746 2075 Vorfzillen
773 2047 852 2074 erst
877 2040 941 2074 das
967 2039 1185 2075 Gutachten
1219 2040 1281 2074 des
1313 2039 1448 2074 Senats
1486 2038 1667 2074 einholen

181 2103 229 2125 zu
255 2093 416 2124 iniissen.
443 2110 485 2116 —
514 2090 623 2132 ratio,
650 2089 719 2123 der
744 2089 934 2123 Vortheil.
963 2107 1005 2113 —-
1025 2090 1201 2131 futurum
1225 2102 1273 2120 z
1299 2089 1441 2121 sactum
1467 2088 1529 2121 iri.

280 2159 310 2191 1.
360 2161 514 2200 praeter
538 2156 763 2199 litigatores,
796 2167 923 2190 ausser
948 2155 1020 2189 den
1047 2154 1389 2202 Processgeistern5
1432 2155 1497 2198 qui
1531 2154 1670 2188 habent

180 2206 268 2239 lites
295 2205 334 2237 in
362 2204 557 2250 provincia
586 2211 661 2245 tua,
697 2215 791 2249 quos
825 2204 894 2237 tibi
921 2204 1023 2237 soleo
1057 2202 1332 2237 commendare.
1382 2202 1573 2236 Dicuntur·
1605 2215 1670 2236 au—

181 2260 256 2287 tem
284 2253 494 2297 litigatores
522 2259 598 2286 tam
629 2253 705 2293 illi,
747 2251 812 2297 qui
843 2257 1028 2292 accusant,
1070 2263 1181 2295 quam
1208 2250 1264 2290 hi,
1295 2250 1361 2294 qui
1387 2262 1423 2284 se
1449 2250 1668 2285 defendunt.

182 2321 226 2327 —-
255 2301 387 2334 literas
412 2300 584 2334 detulit?
612 2319 654 2325 —
695 2302 838 2335 Multae
862 2300 956 2332 ictae
987 2298 1131 2343 quidem
1163 2297 1494 2332 commendaticiae
1529 2299 1667 2332 literae

181 2355 268 2383 sunt
294 2361 314 2382 a
339 2360 399 2382 me
424 2348 470 2381 ad
495 2354 532 2382 te
558 2347 676 2382 datae.
727 2347 848 2389 „sind
876 2347 948 2381 Dir
972 2347 1075 2380 diese
1102 2347 1232 2380 vielen
1257 2346 1669 2394 Empfehlungsbriefe

182 2397 292 2431 nicht
317 2397 471 2444 genug?
516 2415 558 2422 —
606 2397 763 2439 perfec„
788 2398 847 2430 Du
872 2395 959 2428 hast
986 2406 1022 2428 es
1048 2395 1164 2428 dahin
1190 2394 1388 2442 gebracht.
1438 2393 1512 2428 Est'
1543 2395 1669 2429 obiur-

182 2446 284 2492 gatio
309 2444 502 2490 quaedam,
529 2444 628 2489 quod
654 2444 791 2477 iniuste
818 2444 867 2478 sit
893 2450 1085 2477 aecusatus
1111 2441 1268 2476 silentii.
1296 2462 1340 2467 —
1369 2453 1457 2484 esse,
1485 2442 1668 2487 aliquem,

183 2492 251 2527 citi.
298 2512 336 2517 —
384 2494 469 2537 quin
495 2506 543 2524 :z
570 2492 669 2524 ohne
695 2493 789 2526 dass.
839 2510 880 2515 —
925 2503 1002 2524 mco
1029 2491 1173 2532 arbitr„
1208 2490 1308 2523 nach
1335 2490 1596 2524 Herzenslust.
1625 2511 1666 2516 —

174 2543 362 2586 facultas,
405 2540 465 2574 die
491 2539 760 2588 Mb'glichkeit,
787 2542 919 2573 Musse.
950 2559 991 2564 —
1018 2540 1249 2580 lacesserem,
1276 2538 1341 2571 ich
1367 2538 1499 2572 wiirde
1526 2539 1598 2572 Dir
1622 2550 1669 2571 zu

183 2590 299 2624 Leibe
325 2588 464 2638 gehen,
502 2599 765 2634 provocarem,
800 2587 900 2622 Dich
933 2599 1019 2620 zum
1055 2586 1264 2620 Schreiben
1291 2586 1596 2623 herausfordern.
1624 2605 1667 2610 ——

182 2637 385 2682 provocari
410 2637 434 2670 i.
462 2648 491 2670 e.
519 2643 560 2669 tu
581 2637 737 2682 proprie
764 2636 922 2669 debebas
958 2635 1055 2668 mihi
1083 2636 1213 2678 longas
1249 2634 1380 2668 literas
1416 2635 1596 2668 scribere.
1627 2652 1665 2657 —

183 2697 307 2727 vacas,
334 2688 457 2719 Musse
484 2684 581 2718 hast.
623 2703 664 2708 —
708 2685 909 2728 impudens,
949 2683 1239 2717 unbescheiden.
1292 2701 1331 2706 -
1385 2693 1448 2716 nec
1473 2682 1560 2716 mihi
1583 2682 1667 2715 mol.

185 2734 280 2775 exli„
306 2733 382 2767 und
408 2733 484 2766 mir
508 2732 647 2766 keinen
673 2733 870 2775 Verdruss,
908 2732 1022 2767 keine
1047 2732 1248 2767 Vorwiirfe
1275 2731 1444 2765 macheu.
1481 2748 1521 2755 -—
1552 2729 1669 2772 flugi—

185 2787 266 2816 tare
291 2793 330 2816 so
356 2783 557 2829 ungestiim
583 2781 749 2816 sordern.

1754 2679 1762 2718 5

1750 2723 1762 2920 3
