1795 3086
199 33 288 83 158
477 37 538 80 Μ.
569 38 624 81 Τ.
656 35 993 82 CICERONIS
1022 38 1388 84 EPISTOLAE.

191 151 326 204 atque
352 152 545 190 amantes
574 162 645 190 me
674 148 835 191 habere
863 150 1126 192 existimem.
1193 150 1264 191 Ad
1301 152 1505 204 paternas
1543 153 1659 194 enim

190 218 370 260 magnas
399 209 444 246 et
472 207 646 247 veteres
676 208 720 246 et
748 206 883 247 iustas
910 204 1255 247 necessitudines
1281 219 1481 260 magnam
1509 210 1658 250 attulit

190 262 487 302 accessionem
524 265 601 301 tua
638 260 837 303 voluntas
876 275 982 316 erga
1020 275 1090 302 me
1128 274 1310 315 meaque
1348 276 1454 317 erga
1491 267 1536 305 te
1574 278 1657 318 par

122 321 151 360 4
186 321 320 370 atque
349 319 511 356 mutua.
576 313 816 358 Buthrotia
853 317 935 358 tibi
976 329 1108 358 causa
1144 317 1298 371 ignota
1333 331 1420 359 non
1458 324 1548 360 est:
1584 321 1656 375 egi

184 372 307 412 enim
335 383 466 425 saepe
495 369 566 424 [de
594 382 647 413 ea
673 384 722 413 re
757 371 918 423 tecum]
954 372 1125 427 tibique
1164 377 1302 414 totam
1343 385 1435 414 rem
1475 374 1657 416 demon-

181 426 350 468 stravi:
388 439 498 481 quae
525 429 591 468 est
619 430 720 468 acta
748 427 836 468 hoc
865 427 1011 469 modo.
1069 428 1131 469 Ut
1158 430 1348 482 primum
1368 428 1655 471 Buthrotium

183 496 340 537 agrum
377 483 670 537 proscriptum
710 483 924 533 vidimus,
973 488 1216 525 commotus
1255 483 1426 525 Atticus
1454 486 1656 526 libellum

182 538 445 592 composuit.
510 538 625 581 Eum
653 538 767 580 mihi
795 537 940 590 dedit,
979 542 1027 579 ut
1064 539 1217 580 darem
1256 539 1451 582 Caesari.
1518 540 1657 583 Eram

157 594 306 643 ,enim
333 597 597 636 coenaturus
626 593 742 648 apud
771 607 871 634 eum
900 594 981 636 illo
1011 594 1095 635 die.
1161 595 1276 636 Eum
1306 597 1511 637 libellum
1544 596 1659 638 Cae-

163 650 275 692 sari
302 649 430 691 dedi:
470 649 675 704 probavit
704 661 898 699 causam3
938 650 1168 704 rescripsit
1207 651 1357 693 Attico
1388 665 1526 706 aequa
1555 665 1653 693 eum

180 705 426 759 postulare:
466 704 692 746 admonuit
720 709 888 756 tamen,
917 708 965 745 ut
983 706 1214 759 pecuniam
1233 707 1447 762 reliquam
1462 707 1654 748 Buthro-

177 761 236 802 tii
263 762 323 803 ad
352 761 469 801 diem
505 761 735 816 solverent.
803 760 997 812 Atticus,
1038 760 1113 815 qui
1151 761 1379 804 civitatem
1419 776 1654 805 conserva-

179 820 272 858 tam
302 819 506 871 cuperet,
542 818 772 872 pecuniam
808 817 1055 858 numeravit
1094 816 1149 857 de
1188 830 1280 859 suo.
1348 817 1483 867 Quod
1521 832 1653 874 quum

173 875 298 915 esset
339 872 528 924 factum,
564 873 754 914 adiimus
793 872 848 913 ad
887 872 1145 925 Caesarem,
1181 873 1316 915 verba
1351 873 1537 915 fecimus
1572 888 1655 928 pro

177 928 457 980 Buthrotiis,
488 929 846 970 liberalissimum
874 927 1101 968 decretum
1132 929 1408 980 abstulimus3
1438 930 1558 984 quod
1588 934 1653 970 est

175 984 456 1039 obsignatum
486 985 540 1025 ab
569 984 849 1039 amplissimis
879 983 998 1023 viris.
1058 983 1184 1033 Quae
1207 998 1339 1039 quum
1368 989 1512 1026 essent
1539 989 1654 1035 acta,

175 1041 339 1082 mirari
366 1039 569 1095 equidem
599 1040 792 1081 solebam
821 1038 913 1092 pati
943 1038 1181 1080 Caesarem
1199 1041 1435 1082 convenire
1450 1054 1548 1093 eos,
1577 1043 1653 1096 qui

174 1108 335 1151 agrum
372 1094 657 1136 Buthrotium
694 1094 1022 1147 concupissent:
1068 1108 1208 1148 neque
1246 1096 1386 1136 solum
1425 1097 1539 1150 pati,
1575 1096 1651 1137 sed

173 1153 311 1193 etiam
352 1151 395 1192 ei
430 1150 609 1204 negotio
650 1154 694 1191 te
724 1148 977 1204 praeficere.
1045 1150 1198 1205 Itaque
1237 1155 1281 1191 et
1316 1164 1397 1205 ego
1433 1165 1532 1192 cum
1567 1152 1652 1192 illo

171 1208 353 1249 locutus
382 1220 502 1258 sum,
542 1209 586 1248 et
624 1206 800 1260 saepius
838 1204 1037 1260 quidem3
1076 1211 1124 1247 ut
1160 1205 1293 1246 etiam
1328 1218 1563 1248 accusarer
1597 1209 1651 1248 ab

171 1275 254 1316 eo,
285 1263 585 1317 quodvparum
613 1261 887 1303 constantiae
915 1273 1019 1302 suae
1047 1261 1338 1303 confiderem:
1372 1267 1417 1304 et
1447 1262 1514 1305 M.
1530 1262 1649 1303 Mes-

170 1320 296 1360 salae
326 1322 370 1359 et
398 1318 485 1373 ipsi
514 1317 665 1359 Attico
696 1316 836 1369 dixit,
872 1320 921 1357 ut
948 1316 1044 1357 sine
1073 1331 1178 1359 cura
1207 1321 1370 1359 essent:
1411 1322 1649 1373 aperteque

166 1374 438 1416 ostendebat
467 1387 513 1415 se
542 1372 838 1427 praesentium
867 1372 1038 1414 animos
1066 1396 1120 1402 —
1149 1378 1245 1415 erat
1273 1374 1390 1414 enim
1407 1374 1649 1429 popularis,

174 1434 221 1473 ut
249 1443 383 1473 noras
412 1452 466 1459 —
495 1428 720 1471 offendere
757 1429 892 1470 nolle:
932 1441 1065 1484 quum
1093 1442 1215 1470 mare
1250 1429 1534 1483 transissent,
1574 1443 1647 1471 cu-

169 1513 249 1520 „-

263 1552 303 1585 A.
330 1547 531 1584 Buthrotia
556 1571 565 1581 .
592 1571 599 1579 .
625 1557 749 1583 causa.
788 1545 823 1580 S.
858 1559 902 1580 zu
939 1557 996 1591 ep.
1029 1547 1111 1586 691,
1145 1547 1178 1582 2.
1217 1565 1259 1571 —
1294 1546 1352 1589 [de
1377 1556 1419 1579 ea
1444 1557 1486 1579 re
1511 1547 1651 1591 tecum]

166 1601 274 1634 Haec
299 1608 321 1631 e
349 1597 443 1634 edd.
469 1596 542 1629 suis
567 1595 684 1641 primi
711 1595 943 1629 inseruerant
967 1595 1114 1635 (Lamb.
1149 1594 1187 1627 in
1221 1595 1332 1630 Curis
1362 1604 1434 1629 sec.
1467 1594 1520 1636 et)
1551 1595 1650 1637 Bos„

168 1654 253 1682 tum
290 1646 432 1681 Graev.
466 1644 558 1678 Ern.
594 1643 638 1676 de
669 1653 713 1676 ea
752 1647 859 1677 tecum
894 1642 1022 1678 Lamb.
1056 1642 1096 1676 in
1136 1642 1244 1677 Curis
1278 1653 1350 1676 sec.
1384 1642 1488 1686 quasi
1527 1653 1546 1677 e
1581 1644 1646 1680 ed.

167 1697 319 1730 Rursus
344 1693 389 1727 de
413 1693 502 1726 Ern.
528 1703 624 1737 susp.
651 1690 738 1725 Sch.
765 1692 862 1725 Li'm.
912 1691 995 1737 Ego
1020 1700 1111 1724 vero
1137 1690 1297 1724 libenter
1321 1690 1366 1724 iis
1391 1701 1519 1724 careo:
1546 1692 1650 1736 glos-

166 1752 348 1787 semaque
374 1742 547 1775 referunt
578 1739 701 1773 simile
734 1738 979 1773 Tornaesiani
1010 1739 1111 1772 illius
1144 1739 1213 1783 Ep.
1248 1740 1306 1774 11.
1356 1737 1505 1771 Librum
1535 1749 1650 1772 meum

164 1791 277 1826 illum.
300 1795 384 1823 ante
410 1801 468 1823 vv.
496 1788 526 1823 O
553 1787 681 1821 ΤΙΊἘ.
708 1787 904 1822 ORELLI.
927 1806 970 1811 —
995 1786 1257 1830 proscriptum,
1285 1786 1360 1820 also
1387 1786 1514 1820 essars
1539 1786 1648 1821 Krie-

164 1850 263 1884 geru
289 1836 527 1884 ang-ewiesen
553 1836 606 1869 als
634 1836 986 1879 Contributitmsgut
1011 1847 1079 1868 zur
1105 1832 1330 1881 Belohnung
1354 1832 1463 1866 ihrer
1486 1833 1649 1879 Tapfer-

165 1886 252 1921 keit
278 1886 354 1919 und
378 1885 511 1919 Treue.
539 1902 583 1908 -
608 1888 790 1927 commot.,
817 1882 988 1918 dadurch
1011 1880 1256 1928 beunruhigt.
1284 1900 1328 1906 -
1355 1881 1535 1923 libellum,
1563 1883 1647 1917 eine

164 1933 400 1969 Bittschrift.
429 1951 471 1958 -
496 1932 597 1975 prob.
625 1941 744 1974 efflas„
782 1942 825 1966 er
850 1931 940 1965 fand
965 1931 1028 1964 das
1065 1928 1213 1964 Gesuch
1248 1929 1370 1976 biuig.
1409 1947 1452 1955 —
1491 1929 1646 1972 admon„

166 1983 363 2017 erinnerte
388 1979 523 2014 iedooh
548 1979 669 2015 dahei.
697 1999 739 2004 —
762 1979 950 2025 pecuniam
976 1977 1148 2020 reliquam
1172 1977 1360 2020 (pecuniae
1377 1977 1553 2020 reliquum
1579 1980 1645 2013 ed.

166 2029 334 2072 Fa'e‘rni).
384 2030 479 2062 Nam
505 2029 710 2073 imperatae
735 2027 916 2073 pecuniae
941 2033 1087 2070 partem
1113 2025 1186 2058 iam
1213 2031 1320 2058 antea
1345 2025 1558 2064 solverant5
1585 2037 1645 2060 re-

162 2080 294 2124 liquae
321 2077 543 2111 solutionem
566 2087 682 2121 quum
698 2075 910 2117 differrent,
938 2075 1073 2108 Caesar
1097 2083 1226 2106 eorum
1254 2084 1394 2126 agrum·
1413 2073 1644 2118 proscripse-

162 2134 240 2164 rat,
269 2125 393 2160 MAN
397 2124 472 2159 UT.

264 2176 297 2210 5.
321 2183 448 2218 pecun.
481 2182 574 2205 num.
610 2173 653 2205 de
684 2181 770 2212 suo,
809 2170 934 2204 schoss
968 2169 1030 2203 die
1064 2167 1205 2203 Gelder
1238 2180 1301 2202 aus
1333 2168 1473 2202 seinem
1511 2168 1644 2202 Beutel

166 2233 249 2260 vor.
279 2241 322 2246 —
348 2221 411 2255 lib.
437 2220 533 2254 decr.
560 2219 710 2262 abstul.‚
737 2217 925 2253 erhielten
950 2217 1089 2252 darauf
1112 2216 1174 2250 ein
1195 2215 1283 2249 sehr
1298 2216 1473 2261 gnfidiges
1490 2216 1642 2250 Dect-et.

166 2291 210 2297 -
237 2270 403 2312 obsigm,
430 2267 499 2301 mit
524 2268 609 2301 dem
629 2268 754 2315 Siegel
773 2266 992 2312 bekraftigt.
1021 2283 1062 2289 —
1089 2268 1190 2306 acta,
1217 2274 1255 2297 so
1281 2263 1456 2297 feierlicli
1482 2262 1645 2298 ven-han-

162 2318 258 2354 delt.
294 2337 338 2344 —
374 2315 566 2350 convenire
597 2316 676 2349 scil.
711 2315 757 2348 ad
787 2314 993 2360 petendum
1027 2323 1161 2357 agrum
1199 2311 1495 2346 Buthrotiorum.
1528 2312 1643 2346 ERN.

158 2365 281 2410 „sich
306 2367 346 2400 in
379 2364 524 2410 Epirus.
554 2363 769 2397 einfanden.
795 2380 841 2387 —-
873 2370 1086 2398 accusarer,
1123 2359 1371 2403 vituperarer.
1399 2378 1443 2384 —
1478 2364 1643 2393 constan-

164 2417 262 2459 tiae,
295 2414 437 2448 seinem
463 2412 678 2458 gegebenen
703 2411 861 2445 Worte.
895 2428 939 2434 —
984 2409 1039 2442 M.
1066 2408 1267 2446 Messalae,
1304 2408 1410 2441 cuius
1441 2408 1642 2442 avunculus

163 2462 404 2498 Hortensius.
457 2460 591 2494 consul
615 2459 739 2493 fuerat
764 2462 807 2492 εἷο
832 2458 912 2493 693.
948 2476 990 2482 -
1026 2467 1064 2489 se
1086 2466 1206 2499 praes.
1231 2456 1369 2489 animos
1395 2481 1406 2493 .
1434 2480 1445 2493 .
1473 2481 1482 2492 .
1509 2455 1641 2498 offend.

163 2512 284 2552 nolle,
320 2521 362 2549 er
386 2509 498 2544 wolle
525 2518 597 2541 nur
621 2507 749 2541 seinen
773 2506 968 2545 sementen,
1002 2515 1041 2538 so
1066 2505 1176 2548 lange
1201 2503 1252 2537 sie
1277 2503 1360 2537 sich
1385 2502 1484 2537 noch
1509 2504 1549 2535 in
1572 2502 1643 2536 sei-

165 2570 237 2593 ner
263 2559 370 2592 Nahe
397 2555 601 2597 befanden,
635 2555 741 2588 nicht
767 2564 836 2589 vor
861 2553 933 2587 den
957 2552 1060 2598 Kopf
1090 2557 1239 2585 stossen.
1277 2571 1320 2576 —
1354 2551 1567 2596 populari-9,
1604 2561 1642 2583 es

164 2608 228 2653 lag
254 2606 337 2640 ihm
363 2617 409 2639 an
434 2605 503 2639 der
529 2604 649 2637 Gunst
674 2603 736 2636 des
762 2602 959 2651 gemeinen
985 2602 1138 2635 Mannes
1171 2598 1258 2633 sehr
1282 2600 1381 2634 Viel.
1418 2619 1460 2625 —
1492 2597 1642 2632 transis-

166 2658 245 2689 sent
268 2655 313 2688 ad
338 2654 497 2692 bellum,
523 2651 623 2696 quod
649 2651 867 2696 parabatur,
897 2647 1127 2684 Parthicum.
1154 2666 1195 2673 —-
1220 2653 1261 2682 ut
1288 2674 1295 2681 .
1324 2674 1332 2683 .
1360 2673 1369 2681 .
1395 2647 1536 2688 deduc„
1562 2645 1642 2679 dass

169 2703 287 2739 ihnen
309 2702 447 2737 andere
473 2700 699 2735 minden-eim
725 2699 960 2747 angewiesen
987 2696 1155 2733 xviii-den.
