1795 3086
479 89 794 132 EPISTOLA
826 89 1063 132 DCCXII.
1433 87 1515 132 107

241 201 550 244 EPISTOLA
581 180 818 242 Decxn.
851 203 951 251 ,(ωι
983 202 1088 243 niv.
1119 200 1228 242 ΧΠ.
1261 200 1318 249 1.)

291 280 370 314 Ser.
400 286 556 315 exeunte
583 279 677 313 Maio
702 281 744 312 A.
773 278 815 312 U.
846 278 886 312 C.
915 281 993 314 710.
1048 283 1094 322 (a.
1123 281 1163 314 C.
1190 281 1264 321 44.)

8 387 11 392 ¹
50 350 203 383 Factum
230 348 462 390 Dolabellae,
487 357 559 391 quo
585 357 689 379 aram
716 345 884 379 Caesaris
912 346 1051 379 evertit
1084 353 1121 380 et
1153 348 1192 379 in
1225 346 1421 380 seditiosos
1448 345 1515 380 ho-

6 427 7 431 ,
51 398 169 431 mines
195 395 472 437 animadvertit,
509 394 654 434 laudat3
693 393 825 427 deinde
851 393 997 426 sublato
1024 404 1114 439 rege
1140 405 1298 440 regnum
1324 405 1516 439 superesse

50 451 200 488 questus
225 444 389 478 Cassium
416 442 604 481 hortatur,
637 447 678 474 ut
702 452 788 474 cum
814 442 932 475 Bruto
970 451 1052 473 rem
1078 440 1266 485 publicam
1301 442 1402 476 omni
1429 453 1516 486 per-

511 489 723 523 turbatione
748 488 896 523 liberet.
925 490 1041 525 1-2.

564 560 742 594 CICERO
771 559 936 594 CASSIO
963 559 1000 594 s.
1459 601 1461 603 ¹

160 611 309 653 Finem
339 610 504 650 nullam
534 608 676 660 facio,
716 607 829 648 mihi
859 608 1013 654 crede,
1043 606 1195 659 Cassi,
1236 606 1291 647 de
1321 612 1363 648 te
1393 612 1435 649 et
1464 609 1518 650 de

50 667 191 708 Bruto
220 671 387 711 nostro,
417 665 464 704 id
494 669 576 717 est,
615 664 670 704 de
701 668 795 705 tota
826 678 874 705 re
905 662 1077 718 publica
1108 662 1354 716 cogitandi,
1394 665 1519 704 cuius

49 724 191 769 omnis
221 735 316 775 spes
348 722 392 761 in
421 720 547 761 vobis
587 724 655 761 est
693 724 737 760 et
776 719 823 759 in
862 720 919 760 D.
951 719 1106 760 Bruto.
1166 718 1310 768 Quam
1342 719 1519 772 quidem

0 829 1 834 ¹
51 778 137 818 iam
167 776 308 817 habeo
348 776 442 830 ipse
484 775 736 820 meliorem,
777 788 824 815 re
864 775 1043 829 publica
1084 787 1110 814 a
1140 773 1382 815 Dolabella
1424 787 1520 814 meo

51 832 407 887 praeclarissime
437 836 575 885 gesta.
642 829 855 870 Manabat
891 830 1005 870 enim
1042 829 1156 869 illud
1197 830 1360 870 malum
1391 831 1521 870 urba-

0 890 1 893 ’
49 903 149 928 num
189 893 233 928 et
272 888 336 928 ita
377 887 750 932 corroborabatur
788 885 1008 939 quotidie,
1047 889 1096 925 ut
1137 898 1219 939 ego
1260 885 1438 939 quidem
1478 890 1523 926 et

0 991 1 994 Ἴ
51 944 151 984 urbi
182 948 225 983 et
256 944 349 983 otio
380 942 633 995 diffiderem
665 942 845 982 urbano.
906 941 993 982 Sed
1024 941 1087 981 ita
1109 953 1410 995 compressum
1441 947 1522 992 est,

52 1004 99 1040 ut
128 998 241 1038 mihi
270 998 502 1038 videamur
532 1011 659 1037 omne
688 996 777 1037 iam
807 997 862 1036 ad
894 1000 1065 1051 tempus
1096 997 1149 1036 ab
1181 996 1263 1037 illo
1294 996 1522 1037 dumtaxat

51 1053 361 1095 sordidissimo
401 1053 601 1107 periculo
643 1052 730 1093 tuti
769 1051 924 1093 futuri.
994 1051 1186 1106 Reliqua
1223 1065 1384 1107 magna
1423 1057 1523 1092 sunt

52 1123 101 1150 ac
129 1110 292 1150 multa:
321 1109 399 1149 sed
430 1109 577 1162 posita
606 1107 753 1148 omnia
774 1107 821 1147 in
839 1108 980 1149 vobis.
1034 1107 1310 1162 Quamquam
1332 1109 1523 1162 primum

51 1164 246 1218 quidque
266 1165 566 1218 explicemus.
626 1163 755 1211 Nam,
788 1168 838 1204 ut
866 1162 1012 1203 adhuc
1050 1162 1229 1217 quidem
1268 1168 1414 1205 actum
1443 1168 1523 1214 est,

52 1234 137 1260 non
179 1234 334 1274 regno,
382 1219 462 1260 sed
495 1233 600 1273 rege
632 1217 814 1259 liberati
843 1219 1070 1259 videmur:
1122 1218 1385 1261 interfectos
1408 1219 1524 1259 enim

1 1287 5 1311 4
53 1290 172 1328 rege,
203 1287 350 1329 reglos
381 1288 528 1315 omnes
559 1277 688 1314 nutus
718 1279 904 1314 tuemur.
965 1272 1123 1328 Neque
1152 1288 1260 1314 vero
1290 1273 1338 1314 id
1369 1276 1523 1327 solum,

3 1359 5 1362 v
52 1331 129 1372 sed
160 1330 309 1379 etiam,
339 1343 451 1384 quae
479 1329 575 1383 ipse
605 1329 699 1375 ille,
728 1328 767 1369 si
796 1329 982 1378 viveret,
1022 1342 1108 1369 non
1139 1328 1323 1382 faceret,
1364 1344 1417 1371 ea
1446 1344 1524 1370 nos

52 1386 178 1441 quasi
206 1385 403 1440 cogitata
431 1387 485 1427 ab
516 1385 600 1425 illo
638 1386 889 1439 probamus.
957 1384 1054 1425 Nec
1097 1384 1191 1425 eius
1237 1385 1417 1440 quidem
1457 1385 1524 1426 rei

151 1544 340 1580 CASSIO.
393 1543 428 1578 S.
456 1556 504 1577 zu
531 1555 586 1589 ep.
617 1544 683 1579 241
708 1543 761 1576 im
786 1543 874 1577 Anf.

102 1606 110 1624 ,ι
150 1595 180 1626 l.
215 1593 363 1626 nullam.
396 1593 512 1636 Neap.
544 1592 626 1628 Asc.
654 1594 685 1626 1.
723 1592 823 1626 Crat.
851 1592 976 1625 Lamb.
1009 1594 1143 1627 nullum
1178 1601 1310 1629 contra
1334 1595 1405 1629 Md.
1454 1597 1523 1629 cfr.

54 1640 130 1675 Le'b.
161 1642 214 1675 10.
241 1640 310 1683 Ep.
336 1641 392 1675 32.
420 1638 448 1681 ξ).
475 1641 508 1673 5.
536 1639 615 1674 OR.
666 1660 708 1666 —
760 1640 802 1673 de
835 1640 955 1674 Bruto
992 1645 1115 1675 nostro
1148 1641 1172 1675 i.
1202 1654 1231 1676 e.
1265 1643 1309 1676 de
1345 1645 1393 1677 M.
1420 1644 1526 1678 Iunio

45 1689 178 1721 Bruto.
204 1706 250 1713 -—
276 1689 389 1723 Quam
414 1698 520 1732 spem
558 1705 604 1711 —
636 1688 775 1730 praecl.
801 1692 919 1730 gesta.
946 1689 1093 1734 Nempe
1120 1701 1237 1733 quum
1263 1691 1478 1724 columnam
1505 1705 1525 1725 a

53 1735 211 1781 perditis
239 1735 456 1770 hominibus
483 1735 524 1768 in
548 1736 632 1769 foro
659 1735 808 1769 Caesari
834 1742 1008 1770 statutam
1035 1739 1243 1780 evertisset,
1272 1739 1398 1772 locum
1424 1746 1523 1773 ster-

4 1783 7 1790 ’
53 1783 214 1817 nendum
248 1784 422 1822 locasset,
461 1783 501 1815 in
537 1783 727 1817 seditiosos
760 1789 885 1817 autem
916 1795 959 1817 ac
1001 1786 1271 1820 tumultuantes
1304 1787 1355 1820 ita
1391 1799 1523 1821 severe

5 1858 7 1860 .
53 1831 388 1873 animadvertisset,
415 1837 456 1864 ut
482 1842 608 1865 servos
635 1831 675 1864 in
701 1843 853 1865 crucem
877 1831 1045 1873 tolleret,
1074 1832 1218 1867 liberos
1244 1834 1290 1867 de
1316 1846 1402 1868 saxo
1430 1835 1523 1868 Tar-

53 1879 138 1923 peio
165 1878 353 1913 deiiceret.
378 1879 484 1913 SCH.
536 1878 572 1912 S.
599 1890 656 1924 ep.
684 1881 766 1921 697,
795 1881 828 1915 2.
862 1880 943 1922 „Da
970 1880 1074 1914 mein
1097 1881 1291 1914 Dolabella
1317 1882 1378 1916 die
1405 1883 1524 1916 Sache

54 1927 115 1960 des
141 1927 364 1961 Freistaates
399 1926 636 1961 riihmlichst
667 1927 893 1960 verfochten
929 1927 1035 1961 hat.“
1088 1948 1130 1954 —
1182 1930 1376 1969 ΙῑΙαηαόαί,
1411 1932 1523 1965 latius

3 1994 6 1996 -
54 1974 235 2019 serpebat.
285 1993 329 2000 -
378 1975 524 2015 malum,
550 1974 666 2019 pestis
692 1975 774 2017 illa,
802 1975 949 2009 seditio.
1000 1981 1046 2000 —'—
1095 1988 1298 2020 compressa
1323 1979 1396 2012 Md.
1423 1980 1524 2014 Crat.

2 2027 3 2034 ¹
53 2022 149 2056 Vict.
179 2025 210 2056 1.
257 2022 461 2057 Exciditne
497 2034 556 2055 res
590 2030 679 2068 post
711 2035 748 2058 v,
776 2025 1009 2067 compressu?
1044 2024 1117 2058 Olc.
1168 2045 1214 2050 —
1263 2027 1447 2061 dumtaxat
1475 2042 1523 2059 z

2 2089 4 2097 ι
30 2098 34 2100 .
55 2070 292 2118 wenngieich
319 2082 402 2104 nur.
431 2090 473 2097 —
499 2072 598 2105 sord.
625 2082 712 2115 per„
739 2071 840 2116 quod
864 2071 908 2105 ab
934 2072 1064 2105 infima
1091 2072 1199 2118 plebe
1224 2079 1333 2119 atque
1360 2087 1379 2107 a
1405 2076 1524 2109 servis

1 2138 7 2168 ζ
55 2118 164 2152 etiam
192 2118 432 2163 impendebat
457 2119 564 2152 bonis
589 2119 695 2153 viris.
721 2120 855 2154 MAN.
883 2131 982 2159 „vor
1007 2121 1130 2154 einem
1155 2132 1194 2155 so
1221 2147 1228 2154 .
1257 2148 1264 2155 .
1293 2148 1300 2155 .
1327 2122 1523 2167 pobelhaf-

56 2173 116 2199 ten
141 2166 317 2207 Anfalle3
350 2178 396 2199 ne
432 2167 696 2212 opprimamur
727 2168 770 2201 ab
803 2167 1022 2201 hominibus
1058 2169 1218 2204 sordidis
1253 2177 1289 2204 et
1322 2171 1524 2214 plebeiis.“

56 2214 132 2247 tuti.
159 2213 230 2247 Md.
258 2218 339 2248 tute.
391 2215 596 2249 Volebatne
630 2216 730 2248 tuto?
767 2221 808 2249 ut
841 2216 889 2249 acl
913 2216 1057 2250 Divers.
1087 2219 1143 2256 14,
1169 2219 1192 2252 3
1225 2225 1261 2252 et
1286 2219 1391 2251 alibi.
1444 2220 1521 2253 Cfr.

55 2268 179 2294 tamen
204 2263 253 2296 ad
275 2262 420 2297 Divers.
450 2266 505 2304 11,
533 2265 566 2298 2.
616 2263 732 2299 Ateio.
763 2265 816 2302 15,
845 2266 899 2298 18.
951 2264 1083 2298 Cicero
1120 2266 1272 2300 videtur
1303 2266 1442 2301 dixisse
1468 2272 1524 2301 tu-

58 2314 112 2341 tus
142 2319 213 2342 sum
248 2309 310 2342 vel
342 2321 419 2343 sum
449 2311 486 2343 in
513 2314 589 2344 tuto
629 2311 687 2351 (L.
716 2313 772 2351 12,
799 2313 831 2350 2,
858 2314 910 2352 3.)
943 2313 1024 2346 loco
1062 2323 1138 2346 non
1173 2314 1355 2348 indicato:
1393 2321 1524 2348 contra

57 2360 131 2388 tuto
154 2367 228 2390 sum
255 2358 400 2398 alicubi,
425 2358 496 2391 etsi
522 2359 706 2392 fluctuant
731 2361 828 2400 mss„
854 2366 895 2393 ut
917 2360 954 2392 in
977 2360 1114 2394 talibus
1138 2373 1298 2408 semper.
1328 2362 1522 2397 ORELLI.

55 2421 100 2428 -—
125 2405 235 2437 multa
261 2405 441 2449 pericula,
469 2407 576 2445 mala,
603 2405 846 2451 expedienda.
869 2427 908 2433 -
938 2410 1158 2453 Quamquam
1185 2436 1192 2443 .
1221 2436 1229 2443 .
1257 2435 1264 2443 .
1293 2412 1523 2454 explicemus,

57 2451 189 2484 iedoch
216 2453 357 2486 wollen
383 2454 458 2487 wir
484 2466 551 2487 uns
579 2455 661 2488 eine
697 2454 794 2488 nach
830 2455 896 2488 der
920 2456 1062 2489 andern
1089 2468 1176 2491 vom
1203 2458 1316 2492 Halse
1341 2458 1523 2493 schaffen.

58 2499 185 2542 esplic.
215 2514 263 2530 z:
290 2501 538 2545 expediamus,
567 2509 607 2536 ut
632 2503 762 2547 paullo
788 2510 890 2547 post:
927 2504 1016 2537 llaec
1042 2506 1164 2539 omnia
1192 2507 1289 2539 vobis
1313 2509 1394 2538 sunt
1420 2517 1522 2550 expe-

58 2547 195 2580 diendo.
222 2547 329 2581 SCH.
355 2567 399 2572 —
435 2555 537 2583 nutus
563 2556 712 2590 tuemur,
740 2551 869 2592 „demi
894 2552 1125 2595 ungeaehtct
1151 2554 1218 2587 der
1242 2553 1366 2597 Ko‘nig·
1393 2554 1525 2599 gestid-

60 2600 112 2627 tet
138 2595 197 2635 ist,
224 2595 339 2628 sehen
365 2596 440 2630 wir
464 2598 557 2631 doch
586 2610 658 2630 nur
684 2598 910 2645 konigliche
933 2600 1129 2643 WVinke3⁴·
1158 2601 1326 2634 insosern
1342 2592 1525 2636 *Antonius

2 2655 6 2690 *v
59 2641 115 2674 die
142 2649 222 2676 acta
250 2656 293 2675 ex
321 2645 598 2680 commentariis
627 2643 791 2679 Caesaris
828 2648 882 2679 als
908 2648 1062 2681 Befehle
1095 2649 1281 2695 ausdrang
1312 2649 1387 2683 und
1414 2656 1525 2683 unter

59 2689 196 2722 diesem
224 2691 432 2724 Vorwande
458 2693 733 2728 willkiihrlioh
761 2695 1028 2729 lierrsuhte.—-
1060 2706 1147 2737 mse,
1176 2696 1321 2729 Caesar.
1356 2716 1394 2720 ——
1423 2709 1524 2741 quast

60 2737 220 2779 cogitata
248 2739 290 2773 ub
319 2740 397 2783 ileo,
425 2752 442 2773 a
464 2741 628 2785 Caesare,
658 2742 740 2786 „als
769 2742 810 2775 ob
840 2755 874 2777 es
902 2755 961 2777 aus
990 2745 1128 2779 semem
1158 2744 1283 2779 Geiste
1310 2745 1410 2779 noch
1437 2746 1519 2780 lic—12
