<?xml version="1.0" encoding="UTF-8"?>
<!DOCTYPE html PUBLIC "-//W3C//DTD XHTML 1.0 Transitional//EN"
    "http://www.w3.org/TR/xhtml1/DTD/xhtml1-transitional.dtd">
<html xmlns="http://www.w3.org/1999/xhtml" xml:lang="en" lang="en">
 <head>
  <title>
</title>
<meta http-equiv="Content-Type" content="text/html;charset=utf-8" />
  <meta name='ocr-system' content='tesseract 3.04.00' />
  <meta name='ocr-capabilities' content='ocr_page ocr_carea ocr_par ocr_line ocrx_word'/>
</head>
<body>
  <div class='ocr_page' id='page_1' title='image "./epistolaeadattic04ciceuoft_0046.png"; bbox 0 0 1795 3086; ppageno 0'>
   <div class='ocr_carea' id='block_1_1' title="bbox 196 59 1412 111">
    <p class='ocr_par' dir='ltr' id='par_1_1' title="bbox 196 59 1412 111">
     <span class='ocr_line' id='line_1_1' title="bbox 196 59 1412 111; baseline 0.001 -7"><span class='ocrx_word' id='word_1_1' title='bbox 196 61 259 109; x_wconf 84' lang='grc'>36</span> <span class='ocrx_word' id='word_1_2' title='bbox 465 60 534 103; x_wconf 90' lang='grc' dir='ltr'>Μ.</span> <span class='ocrx_word' id='word_1_3' title='bbox 565 61 623 104; x_wconf 85' lang='lat' dir='ltr'>T.</span> <span class='ocrx_word' id='word_1_4' title='bbox 655 59 1001 105; x_wconf 85' lang='lat' dir='ltr'>CICERONIS</span> <span class='ocrx_word' id='word_1_5' title='bbox 1029 60 1412 111; x_wconf 81' lang='lat' dir='ltr'>EPISTOLAE.</span> 
     </span>
    </p>
   </div>
   <div class='ocr_carea' id='block_1_2' title="bbox 160 172 1689 842">
    <p class='ocr_par' dir='ltr' id='par_1_2' title="bbox 160 172 1689 842">
     <span class='ocr_line' id='line_1_2' title="bbox 197 172 1687 229; baseline 0 -13"><span class='ocrx_word' id='word_1_6' title='bbox 197 174 382 229; x_wconf 75' lang='lat' dir='ltr'>scripta,</span> <span class='ocrx_word' id='word_1_7' title='bbox 425 174 542 229; x_wconf 76' lang='lat' dir='ltr'>apud</span> <span class='ocrx_word' id='word_1_8' title='bbox 572 187 702 228; x_wconf 86' lang='lat' dir='ltr'>quem</span> <span class='ocrx_word' id='word_1_9' title='bbox 732 172 905 213; x_wconf 87' lang='lat' dir='ltr'>nullum</span> <span class='ocrx_word' id='word_1_10' title='bbox 945 172 1240 224; x_wconf 80' lang='grc' dir='ltr'><strong><em>σαλακώνισμα,</em></strong></span> <span class='ocrx_word' id='word_1_11' title='bbox 1284 178 1333 215; x_wconf 85' lang='lat' dir='ltr'>ut</span> <span class='ocrx_word' id='word_1_12' title='bbox 1371 175 1513 228; x_wconf 81' lang='lat' dir='ltr'>putas.</span> <span class='ocrx_word' id='word_1_13' title='bbox 1572 173 1687 216; x_wconf 40' lang='lat' dir='ltr'>Pro?</span> 
     </span>
     <span class='ocr_line' id='line_1_3' title="bbox 198 228 1686 282; baseline -0.001 -10"><span class='ocrx_word' id='word_1_14' title='bbox 198 230 315 273; x_wconf 88' lang='lat' dir='ltr'>cessi</span> <span class='ocrx_word' id='word_1_15' title='bbox 343 230 477 282; x_wconf 85' lang='lat' dir='ltr'>enim,</span> <span class='ocrx_word' id='word_1_16' title='bbox 523 230 605 270; x_wconf 88' lang='lat' dir='ltr'>sed</span> <span class='ocrx_word' id='word_1_17' title='bbox 635 228 796 270; x_wconf 87' lang='lat' dir='ltr'>minus.</span> <span class='ocrx_word' id='word_1_18' title='bbox 855 228 1041 271; x_wconf 83' lang='lat' dir='ltr'>Diutius</span> <span class='ocrx_word' id='word_1_19' title='bbox 1078 243 1283 272; x_wconf 85' lang='lat' dir='ltr'>sermone</span> <span class='ocrx_word' id='word_1_20' title='bbox 1321 230 1441 270; x_wconf 90' lang='lat' dir='ltr'>enim</span> <span class='ocrx_word' id='word_1_21' title='bbox 1480 243 1578 270; x_wconf 88' lang='lat' dir='ltr'>sum</span> <span class='ocrx_word' id='word_1_22' title='bbox 1617 244 1686 271; x_wconf 55' lang='lat' dir='ltr'>ree</span> 
     </span>
     <span class='ocr_line' id='line_1_4' title="bbox 165 284 1687 340; baseline -0.001 -11"><span class='ocrx_word' id='word_1_23' title='bbox 165 290 359 330; x_wconf 79' lang='lat' dir='ltr'>3tentus.</span> <span class='ocrx_word' id='word_1_24' title='bbox 419 285 555 335; x_wconf 83' lang='lat' dir='ltr'>Quod</span> <span class='ocrx_word' id='word_1_25' title='bbox 583 288 732 326; x_wconf 83' lang='lat' dir='ltr'>autem</span> <span class='ocrx_word' id='word_1_26' title='bbox 760 284 818 326; x_wconf 82' lang='lat' dir='ltr'>ad</span> <span class='ocrx_word' id='word_1_27' title='bbox 847 288 891 325; x_wconf 89' lang='lat' dir='ltr'>te</span> <span class='ocrx_word' id='word_1_28' title='bbox 929 286 1211 340; x_wconf 83' lang='lat' dir='ltr'><strong>scripseram,</strong></span> <span class='ocrx_word' id='word_1_29' title='bbox 1249 286 1438 326; x_wconf 83' lang='lat' dir='ltr'><strong>obscure</strong></span> <span class='ocrx_word' id='word_1_30' title='bbox 1478 284 1687 338; x_wconf 72' lang='lat' dir='ltr'>sortasse,</span> 
     </span>
     <span class='ocr_line' id='line_1_5' title="bbox 198 340 1684 395; baseline -0.001 -12"><span class='ocrx_word' id='word_1_31' title='bbox 198 343 249 383; x_wconf 90' lang='lat' dir='ltr'>id</span> <span class='ocrx_word' id='word_1_32' title='bbox 277 341 498 383; x_wconf 84' lang='lat' dir='ltr'>eiusmodi</span> <span class='ocrx_word' id='word_1_33' title='bbox 530 343 618 381; x_wconf 86' lang='lat' dir='ltr'>est:</span> <span class='ocrx_word' id='word_1_34' title='bbox 661 341 808 381; x_wconf 80' lang='lat' dir='ltr'>aiebat</span> <span class='ocrx_word' id='word_1_35' title='bbox 839 340 1079 382; x_wconf 79' lang='lat' dir='ltr'>Caesarem</span> <span class='ocrx_word' id='word_1_36' title='bbox 1126 355 1294 393; x_wconf 79' lang='lat' dir='ltr'>secum,</span> <span class='ocrx_word' id='word_1_37' title='bbox 1345 354 1434 395; x_wconf 90' lang='lat' dir='ltr'>quo</span> <span class='ocrx_word' id='word_1_38' title='bbox 1483 345 1684 395; x_wconf 80' lang='lat' dir='ltr'>tempore</span> 
     </span>
     <span class='ocr_line' id='line_1_6' title="bbox 198 396 1686 452; baseline -0.002 -12"><span class='ocrx_word' id='word_1_39' title='bbox 198 397 338 440; x_wconf 87' lang='lat' dir='ltr'>Sestii</span> <span class='ocrx_word' id='word_1_40' title='bbox 377 399 535 451; x_wconf 78' lang='lat' dir='ltr'>rogatu</span> <span class='ocrx_word' id='word_1_41' title='bbox 574 396 677 438; x_wconf 85' lang='lat' dir='ltr'>veni</span> <span class='ocrx_word' id='word_1_42' title='bbox 717 396 775 437; x_wconf 85' lang='lat' dir='ltr'>ad</span> <span class='ocrx_word' id='word_1_43' title='bbox 817 409 933 447; x_wconf 80' lang='lat' dir='ltr'>eum,</span> <span class='ocrx_word' id='word_1_44' title='bbox 982 411 1117 451; x_wconf 87' lang='lat' dir='ltr'>quum</span> <span class='ocrx_word' id='word_1_45' title='bbox 1156 400 1468 452; x_wconf 82' lang='lat' dir='ltr'>exspectarem</span> <span class='ocrx_word' id='word_1_46' title='bbox 1507 397 1686 449; x_wconf 79' lang='lat' dir='ltr'>sedens,</span> 
     </span>
     <span class='ocr_line' id='line_1_7' title="bbox 198 450 1688 511; baseline -0.001 -17"><span class='ocrx_word' id='word_1_47' title='bbox 198 453 397 495; x_wconf 83' lang='lat' dir='ltr'>dixisse:</span> <span class='ocrx_word' id='word_1_48' title='bbox 452 450 557 506; x_wconf 73' lang='lat' dir='ltr'>Eyo</span> <span class='ocrx_word' id='word_1_49' title='bbox 583 463 712 494; x_wconf 80' lang='lat' dir='ltr'>mmo</span> <span class='ocrx_word' id='word_1_50' title='bbox 741 454 832 493; x_wconf 83' lang='lat' dir='ltr'>tam</span> <span class='ocrx_word' id='word_1_51' title='bbox 861 453 947 494; x_wconf 75' lang='lat' dir='ltr'>sim</span> <span class='ocrx_word' id='word_1_52' title='bbox 975 454 1161 511; x_wconf 62' lang='lat' dir='ltr'>stultae,</span> <span class='ocrx_word' id='word_1_53' title='bbox 1190 456 1245 494; x_wconf 78' lang='lat' dir='ltr'>ut</span> <span class='ocrx_word' id='word_1_54' title='bbox 1273 452 1398 494; x_wconf 77' lang='lat' dir='ltr'>hunc</span> <span class='ocrx_word' id='word_1_55' title='bbox 1426 451 1576 503; x_wconf 73' lang='lat' dir='ltr'>ipsum</span> <span class='ocrx_word' id='word_1_56' title='bbox 1602 452 1688 506; x_wconf 76' lang='lat' dir='ltr'><strong><em>fa·-</em></strong></span> 
     </span>
     <span class='ocr_line' id='line_1_8' title="bbox 200 507 1689 563; baseline -0.003 -11"><span class='ocrx_word' id='word_1_57' title='bbox 200 510 331 552; x_wconf 76' lang='lat' dir='ltr'>cilem</span> <span class='ocrx_word' id='word_1_58' title='bbox 360 507 586 550; x_wconf 73' lang='lat' dir='ltr'>hominem</span> <span class='ocrx_word' id='word_1_59' title='bbox 612 510 768 560; x_wconf 80' lang='lat' dir='ltr'>putem</span> <span class='ocrx_word' id='word_1_60' title='bbox 796 507 907 549; x_wconf 65' lang='lat' dir='ltr'>milei</span> <span class='ocrx_word' id='word_1_61' title='bbox 938 520 1046 549; x_wconf 73' lang='lat' dir='ltr'>esse</span> <span class='ocrx_word' id='word_1_62' title='bbox 1076 510 1285 563; x_wconf 75' lang='lat' dir='ltr'>amicum,</span> <span class='ocrx_word' id='word_1_63' title='bbox 1333 519 1472 561; x_wconf 79' lang='lat' dir='ltr'>quum</span> <span class='ocrx_word' id='word_1_64' title='bbox 1511 507 1689 551; x_wconf 77' lang='lat' dir='ltr'>tamdiu</span> 
     </span>
     <span class='ocr_line' id='line_1_9' title="bbox 198 561 1687 616; baseline -0.003 -10"><span class='ocrx_word' id='word_1_65' title='bbox 198 564 376 606; x_wconf 74' lang='lat' dir='ltr'>sedens</span> <span class='ocrx_word' id='word_1_66' title='bbox 403 575 551 605; x_wconf 81' lang='lat' dir='ltr'>meum</span> <span class='ocrx_word' id='word_1_67' title='bbox 581 562 859 606; x_wconf 79' lang='lat' dir='ltr'>commodum</span> <span class='ocrx_word' id='word_1_68' title='bbox 888 561 1177 615; x_wconf 74' lang='lat' dir='ltr'>exspectet?</span> <span class='ocrx_word' id='word_1_69' title='bbox 1234 565 1387 605; x_wconf 86' lang='lat' dir='ltr'>Habes</span> <span class='ocrx_word' id='word_1_70' title='bbox 1426 562 1568 616; x_wconf 82' lang='lat' dir='ltr'>igitur</span> <span class='ocrx_word' id='word_1_71' title='bbox 1606 578 1687 614; x_wconf 79' lang='grc' dir='ltr'>φα-</span> 
     </span>
     <span class='ocr_line' id='line_1_10' title="bbox 160 618 1686 672; baseline -0.002 -11"><span class='ocrx_word' id='word_1_72' title='bbox 160 619 399 672; x_wconf 74' lang='grc' dir='ltr'><strong><em>4λάκρωμα,</em></strong></span> <span class='ocrx_word' id='word_1_73' title='bbox 437 618 797 660; x_wconf 88' lang='lat' dir='ltr'>inimicissimum</span> <span class='ocrx_word' id='word_1_74' title='bbox 829 619 926 671; x_wconf 78' lang='lat' dir='ltr'>otii,</span> <span class='ocrx_word' id='word_1_75' title='bbox 967 620 1128 671; x_wconf 79' lang='lat' dir='ltr'>idest,</span> <span class='ocrx_word' id='word_1_76' title='bbox 1168 618 1311 660; x_wconf 87' lang='lat' dir='ltr'><strong>Bruti.</strong></span> <span class='ocrx_word' id='word_1_77' title='bbox 1369 619 1424 658; x_wconf 88' lang='lat' dir='ltr'>In</span> <span class='ocrx_word' id='word_1_78' title='bbox 1464 618 1686 660; x_wconf 84' lang='lat' dir='ltr'>Tuscula-</span> 
     </span>
     <span class='ocr_line' id='line_1_11' title="bbox 197 674 1687 729; baseline -0.001 -13"><span class='ocrx_word' id='word_1_79' title='bbox 197 690 302 716; x_wconf 89' lang='lat' dir='ltr'>num</span> <span class='ocrx_word' id='word_1_80' title='bbox 330 674 495 723; x_wconf 83' lang='lat' dir='ltr'>hodie;</span> <span class='ocrx_word' id='word_1_81' title='bbox 524 674 720 716; x_wconf 84' lang='lat' dir='ltr'>Lanuvii</span> <span class='ocrx_word' id='word_1_82' title='bbox 751 688 876 723; x_wconf 76' lang='lat' dir='ltr'>eras3</span> <span class='ocrx_word' id='word_1_83' title='bbox 917 674 1023 715; x_wconf 88' lang='lat' dir='ltr'>inde</span> <span class='ocrx_word' id='word_1_84' title='bbox 1057 676 1246 716; x_wconf 81' lang='lat' dir='ltr'>Asturae</span> <span class='ocrx_word' id='word_1_85' title='bbox 1277 675 1545 729; x_wconf 82' lang='lat' dir='ltr'>cogitabam.</span> <span class='ocrx_word' id='word_1_86' title='bbox 1605 674 1687 715; x_wconf 81' lang='lat' dir='ltr'>Pi-</span> 
     </span>
     <span class='ocr_line' id='line_1_12' title="bbox 196 730 1687 786; baseline -0.003 -13"><span class='ocrx_word' id='word_1_87' title='bbox 196 732 285 773; x_wconf 86' lang='lat' dir='ltr'>liae</span> <span class='ocrx_word' id='word_1_88' title='bbox 313 734 517 786; x_wconf 81' lang='lat' dir='ltr'>paratum</span> <span class='ocrx_word' id='word_1_89' title='bbox 547 735 616 771; x_wconf 89' lang='lat' dir='ltr'>est</span> <span class='ocrx_word' id='word_1_90' title='bbox 644 730 914 784; x_wconf 86' lang='lat' dir='ltr'>hospitium:</span> <span class='ocrx_word' id='word_1_91' title='bbox 961 730 1041 771; x_wconf 81' lang='lat' dir='ltr'>sed</span> <span class='ocrx_word' id='word_1_92' title='bbox 1071 731 1236 771; x_wconf 83' lang='lat' dir='ltr'>vellem</span> <span class='ocrx_word' id='word_1_93' title='bbox 1268 732 1485 772; x_wconf 79' lang='lat' dir='ltr'>Atticam:</span> <span class='ocrx_word' id='word_1_94' title='bbox 1532 744 1687 771; x_wconf 83' lang='lat' dir='ltr'>verum</span> 
     </span>
     <span class='ocr_line' id='line_1_13' title="bbox 197 786 1190 842; baseline -0.004 -14"><span class='ocrx_word' id='word_1_95' title='bbox 197 788 282 829; x_wconf 86' lang='lat' dir='ltr'>tibi</span> <span class='ocrx_word' id='word_1_96' title='bbox 311 789 525 842; x_wconf 78' lang='lat' dir='ltr'>ignosc05</span> <span class='ocrx_word' id='word_1_97' title='bbox 556 798 744 841; x_wconf 86' lang='lat' dir='ltr'>quarum</span> <span class='ocrx_word' id='word_1_98' title='bbox 775 786 954 841; x_wconf 83' lang='lat' dir='ltr'>utrique</span> <span class='ocrx_word' id='word_1_99' title='bbox 984 787 1190 827; x_wconf 77' lang='lat' dir='ltr'>salutem.</span> 
     </span>
    </p>
   </div>
   <div class='ocr_carea' id='block_1_3' title="bbox 152 998 1688 2480">
    <p class='ocr_par' dir='ltr' id='par_1_3' title="bbox 197 998 1688 1142">
     <span class='ocr_line' id='line_1_14' title="bbox 293 998 1688 1047; baseline -0.003 -11"><span class='ocrx_word' id='word_1_100' title='bbox 293 1003 328 1037; x_wconf 89' lang='lat'>2.</span> <span class='ocrx_word' id='word_1_101' title='bbox 379 1002 422 1035; x_wconf 79' lang='lat' dir='ltr'>de</span> <span class='ocrx_word' id='word_1_102' title='bbox 451 1001 625 1043; x_wconf 74' lang='lat' dir='ltr'>IWadaro,</span> <span class='ocrx_word' id='word_1_103' title='bbox 670 998 848 1047; x_wconf 78' lang='grc' dir='ltr'><em>Μαδαρῷ,</em></span> <span class='ocrx_word' id='word_1_104' title='bbox 895 1001 1104 1046; x_wconf 78' lang='lat' dir='ltr'>Kahlkops,</span> <span class='ocrx_word' id='word_1_105' title='bbox 1145 1001 1321 1043; x_wconf 64' lang='lat' dir='ltr'>Calvoma,</span> <span class='ocrx_word' id='word_1_106' title='bbox 1364 1000 1497 1035; x_wconf 82' lang='lat' dir='ltr'>womit</span> <span class='ocrx_word' id='word_1_107' title='bbox 1534 998 1688 1046; x_wconf 45' lang='lat' dir='ltr'>erglen</span> 
     </span>
     <span class='ocr_line' id='line_1_15' title="bbox 198 1047 1688 1094; baseline -0.003 -10"><span class='ocrx_word' id='word_1_108' title='bbox 198 1049 332 1084; x_wconf 82' lang='lat' dir='ltr'>Matius</span> <span class='ocrx_word' id='word_1_109' title='bbox 365 1049 599 1084; x_wconf 84' lang='lat' dir='ltr'>bezeichnet.</span> <span class='ocrx_word' id='word_1_110' title='bbox 649 1048 685 1083; x_wconf 88' lang='lat' dir='ltr'>S.</span> <span class='ocrx_word' id='word_1_111' title='bbox 724 1061 780 1094; x_wconf 87' lang='lat' dir='ltr'>ep.</span> <span class='ocrx_word' id='word_1_112' title='bbox 818 1050 899 1091; x_wconf 75' lang='lat'>684,</span> <span class='ocrx_word' id='word_1_113' title='bbox 934 1053 962 1084; x_wconf 79' lang='lat' dir='ltr'>l.</span> <span class='ocrx_word' id='word_1_114' title='bbox 990 1051 1059 1084; x_wconf 75' lang='lat'>689</span> <span class='ocrx_word' id='word_1_115' title='bbox 1094 1061 1155 1083; x_wconf 82' lang='lat' dir='ltr'>am</span> <span class='ocrx_word' id='word_1_116' title='bbox 1181 1049 1288 1083; x_wconf 85' lang='lat' dir='ltr'>Ende</span> <span class='ocrx_word' id='word_1_117' title='bbox 1321 1060 1359 1083; x_wconf 79' lang='lat' dir='ltr'>u.</span> <span class='ocrx_word' id='word_1_118' title='bbox 1393 1050 1535 1091; x_wconf 84' lang='grc'><strong>770,1.</strong></span> <span class='ocrx_word' id='word_1_119' title='bbox 1585 1047 1688 1082; x_wconf 82' lang='lat' dir='ltr'>Uber</span> 
     </span>
     <span class='ocr_line' id='line_1_16' title="bbox 197 1096 1687 1142; baseline -0.002 -11"><span class='ocrx_word' id='word_1_120' title='bbox 197 1098 328 1131; x_wconf 85' lang='lat' dir='ltr'>diesen</span> <span class='ocrx_word' id='word_1_121' title='bbox 353 1099 393 1132; x_wconf 80' lang='lat' dir='ltr'>C.</span> <span class='ocrx_word' id='word_1_122' title='bbox 423 1099 568 1135; x_wconf 83' lang='lat' dir='ltr'>Matius,</span> <span class='ocrx_word' id='word_1_123' title='bbox 594 1096 706 1131; x_wconf 87' lang='lat' dir='ltr'>einen</span> <span class='ocrx_word' id='word_1_124' title='bbox 732 1098 888 1131; x_wconf 80' lang='lat' dir='ltr'>Freund</span> <span class='ocrx_word' id='word_1_125' title='bbox 914 1098 977 1131; x_wconf 82' lang='lat' dir='ltr'>des</span> <span class='ocrx_word' id='word_1_126' title='bbox 1002 1097 1146 1138; x_wconf 53' lang='lat' dir='ltr'>casam,</span> <span class='ocrx_word' id='word_1_127' title='bbox 1172 1110 1198 1130; x_wconf 85' lang='lat' dir='ltr'>s.</span> <span class='ocrx_word' id='word_1_128' title='bbox 1227 1110 1274 1130; x_wconf 85' lang='lat' dir='ltr'>zu</span> <span class='ocrx_word' id='word_1_129' title='bbox 1300 1108 1361 1142; x_wconf 87' lang='lat' dir='ltr'>ep.</span> <span class='ocrx_word' id='word_1_130' title='bbox 1388 1099 1468 1132; x_wconf 82' lang='lat'>356.</span> <span class='ocrx_word' id='word_1_131' title='bbox 1498 1097 1578 1131; x_wconf 81' lang='lat'>172.</span> <span class='ocrx_word' id='word_1_132' title='bbox 1605 1097 1687 1131; x_wconf 79' lang='lat'>352.</span> 
     </span>
    </p>

    <p class='ocr_par' dir='ltr' id='par_1_4' title="bbox 152 1141 1688 1660">
     <span class='ocr_line' id='line_1_17' title="bbox 152 1141 1687 1190; baseline -0.003 -9"><span class='ocrx_word' id='word_1_133' title='bbox 152 1184 159 1185; x_wconf 17' lang='grc' dir='ltr'><strong><em>ἶ</em></strong></span> <span class='ocrx_word' id='word_1_134' title='bbox 197 1148 279 1184; x_wconf 85' lang='lat'><strong>709,</strong></span> <span class='ocrx_word' id='word_1_135' title='bbox 304 1147 339 1179; x_wconf 83' lang='lat'>3.</span> <span class='ocrx_word' id='word_1_136' title='bbox 366 1146 447 1180; x_wconf 79' lang='lat'>514.</span> <span class='ocrx_word' id='word_1_137' title='bbox 476 1147 558 1186; x_wconf 82' lang='lat'><strong>637,</strong></span> <span class='ocrx_word' id='word_1_138' title='bbox 585 1146 618 1178; x_wconf 82' lang='lat'>4.</span> <span class='ocrx_word' id='word_1_139' title='bbox 653 1145 732 1180; x_wconf 85' lang='lat'>716.</span> <span class='ocrx_word' id='word_1_140' title='bbox 759 1148 839 1180; x_wconf 90' lang='grc'><strong>717.</strong></span> <span class='ocrx_word' id='word_1_141' title='bbox 866 1147 948 1181; x_wconf 78' lang='lat'>807.</span> <span class='ocrx_word' id='word_1_142' title='bbox 996 1163 1035 1168; x_wconf 87' lang='lat'><strong>—</strong></span> <span class='ocrx_word' id='word_1_143' title='bbox 1076 1146 1176 1190; x_wconf 81' lang='lat' dir='ltr'>apud</span> <span class='ocrx_word' id='word_1_144' title='bbox 1199 1156 1230 1188; x_wconf 86' lang='lat' dir='ltr'>q.</span> <span class='ocrx_word' id='word_1_145' title='bbox 1256 1155 1289 1178; x_wconf 78' lang='grc' dir='ltr'>η.</span> <span class='ocrx_word' id='word_1_146' title='bbox 1326 1141 1687 1187; x_wconf 81' lang='grc' dir='ltr'><strong><em>σαλακώνισμα,</em></strong></span> 
     </span>
     <span class='ocr_line' id='line_1_18' title="bbox 197 1191 1687 1235; baseline -0.001 -9"><span class='ocrx_word' id='word_1_147' title='bbox 197 1194 257 1227; x_wconf 88' lang='lat' dir='ltr'>bei</span> <span class='ocrx_word' id='word_1_148' title='bbox 275 1193 467 1227; x_wconf 73' lang='lat' dir='ltr'>welchem</span> <span class='ocrx_word' id='word_1_149' title='bbox 493 1192 557 1226; x_wconf 77' lang='lat' dir='ltr'>ich</span> <span class='ocrx_word' id='word_1_150' title='bbox 584 1192 719 1226; x_wconf 86' lang='lat' dir='ltr'>iedoch</span> <span class='ocrx_word' id='word_1_151' title='bbox 744 1192 836 1226; x_wconf 89' lang='lat' dir='ltr'>kein</span> <span class='ocrx_word' id='word_1_152' title='bbox 863 1192 1168 1235; x_wconf 82' lang='lat' dir='ltr'>Vornehmthun‚</span> <span class='ocrx_word' id='word_1_153' title='bbox 1194 1193 1269 1227; x_wconf 86' lang='lat' dir='ltr'>wie</span> <span class='ocrx_word' id='word_1_154' title='bbox 1296 1194 1356 1228; x_wconf 90' lang='lat' dir='ltr'>Du</span> <span class='ocrx_word' id='word_1_155' title='bbox 1382 1193 1532 1231; x_wconf 85' lang='lat' dir='ltr'>meinst,</span> <span class='ocrx_word' id='word_1_156' title='bbox 1557 1191 1687 1226; x_wconf 81' lang='lat' dir='ltr'>wahr-</span> 
     </span>
     <span class='ocr_line' id='line_1_19' title="bbox 197 1240 1687 1289; baseline -0.003 -13"><span class='ocrx_word' id='word_1_157' title='bbox 197 1252 425 1289; x_wconf 81' lang='lat' dir='ltr'>genommen</span> <span class='ocrx_word' id='word_1_158' title='bbox 450 1240 570 1282; x_wconf 77' lang='lat' dir='ltr'>habe3</span> <span class='ocrx_word' id='word_1_159' title='bbox 604 1241 703 1286; x_wconf 82' lang='lat' dir='ltr'>apud</span> <span class='ocrx_word' id='word_1_160' title='bbox 730 1253 842 1286; x_wconf 87' lang='lat' dir='ltr'>quem</span> <span class='ocrx_word' id='word_1_161' title='bbox 868 1253 943 1276; x_wconf 90' lang='lat' dir='ltr'>non</span> <span class='ocrx_word' id='word_1_162' title='bbox 970 1248 1147 1287; x_wconf 86' lang='lat' dir='ltr'>exceptus</span> <span class='ocrx_word' id='word_1_163' title='bbox 1185 1252 1267 1275; x_wconf 88' lang='lat' dir='ltr'>sum</span> <span class='ocrx_word' id='word_1_164' title='bbox 1301 1241 1475 1275; x_wconf 87' lang='lat' dir='ltr'>molliter</span> <span class='ocrx_word' id='word_1_165' title='bbox 1508 1246 1547 1274; x_wconf 89' lang='lat' dir='ltr'>et</span> <span class='ocrx_word' id='word_1_166' title='bbox 1575 1240 1687 1273; x_wconf 74' lang='lat' dir='ltr'>luxu=</span> 
     </span>
     <span class='ocr_line' id='line_1_20' title="bbox 197 1287 1688 1334; baseline -0.001 -11"><span class='ocrx_word' id='word_1_167' title='bbox 197 1290 310 1332; x_wconf 85' lang='lat' dir='ltr'>riose,</span> <span class='ocrx_word' id='word_1_168' title='bbox 349 1296 389 1323; x_wconf 88' lang='lat' dir='ltr'>ut</span> <span class='ocrx_word' id='word_1_169' title='bbox 415 1289 458 1321; x_wconf 83' lang='lat' dir='ltr'>ab</span> <span class='ocrx_word' id='word_1_170' title='bbox 485 1295 714 1323; x_wconf 81' lang='lat' dir='ltr'>ostentatore</span> <span class='ocrx_word' id='word_1_171' title='bbox 740 1291 921 1334; x_wconf 82' lang='lat' dir='ltr'>pecuniae</span> <span class='ocrx_word' id='word_1_172' title='bbox 954 1296 991 1324; x_wconf 86' lang='lat' dir='ltr'>et</span> <span class='ocrx_word' id='word_1_173' title='bbox 1028 1290 1277 1324; x_wconf 80' lang='lat' dir='ltr'>lautitiarum.</span> <span class='ocrx_word' id='word_1_174' title='bbox 1317 1289 1426 1323; x_wconf 84' lang='lat' dir='ltr'>SCH.</span> <span class='ocrx_word' id='word_1_175' title='bbox 1477 1287 1541 1322; x_wconf 88' lang='lat' dir='ltr'>Sic</span> <span class='ocrx_word' id='word_1_176' title='bbox 1576 1288 1622 1322; x_wconf 86' lang='lat' dir='ltr'>de</span> <span class='ocrx_word' id='word_1_177' title='bbox 1658 1288 1688 1321; x_wconf 84' lang='grc' dir='ltr'>Ι.</span> 
     </span>
     <span class='ocr_line' id='line_1_21' title="bbox 197 1334 1688 1381; baseline -0.001 -10"><span class='ocrx_word' id='word_1_178' title='bbox 197 1337 238 1371; x_wconf 80' lang='lat' dir='ltr'>F.</span> <span class='ocrx_word' id='word_1_179' title='bbox 266 1337 451 1371; x_wconf 77' lang='lat' dir='ltr'>Gronovii</span> <span class='ocrx_word' id='word_1_180' title='bbox 485 1347 584 1381; x_wconf 87' lang='lat' dir='ltr'>susp.</span> <span class='ocrx_word' id='word_1_181' title='bbox 623 1336 711 1370; x_wconf 87' lang='lat' dir='ltr'>Sch.</span> <span class='ocrx_word' id='word_1_182' title='bbox 747 1338 842 1370; x_wconf 84' lang='lat' dir='ltr'>Liin.</span> <span class='ocrx_word' id='word_1_183' title='bbox 888 1334 1146 1381; x_wconf 79' lang='grc' dir='ltr'><strong><em>σαλάκωμα</em></strong></span> <span class='ocrx_word' id='word_1_184' title='bbox 1178 1337 1284 1379; x_wconf 84' lang='lat' dir='ltr'>(Md.)</span> <span class='ocrx_word' id='word_1_185' title='bbox 1322 1337 1439 1372; x_wconf 79' lang='lat' dir='ltr'>Oxon.</span> <span class='ocrx_word' id='word_1_186' title='bbox 1465 1339 1499 1372; x_wconf 87' lang='lat'>2.</span> <span class='ocrx_word' id='word_1_187' title='bbox 1540 1336 1626 1371; x_wconf 87' lang='lat' dir='ltr'>Asc.</span> <span class='ocrx_word' id='word_1_188' title='bbox 1655 1338 1688 1370; x_wconf 81' lang='lat'>1.</span> 
     </span>
     <span class='ocr_line' id='line_1_22' title="bbox 198 1382 1684 1431; baseline -0.001 -12"><span class='ocrx_word' id='word_1_189' title='bbox 198 1386 299 1420; x_wconf 75' lang='lat' dir='ltr'>Crat.</span> <span class='ocrx_word' id='word_1_190' title='bbox 326 1386 424 1419; x_wconf 78' lang='lat' dir='ltr'>Vict.</span> <span class='ocrx_word' id='word_1_191' title='bbox 454 1388 483 1419; x_wconf 87' lang='lat' dir='ltr'>l.</span> <span class='ocrx_word' id='word_1_192' title='bbox 511 1387 608 1418; x_wconf 79' lang='lat' dir='ltr'>Man.</span> <span class='ocrx_word' id='word_1_193' title='bbox 654 1382 890 1420; x_wconf 78' lang='grc' dir='ltr'><strong><em>σαλάκωνα</em></strong></span> <span class='ocrx_word' id='word_1_194' title='bbox 924 1387 1054 1420; x_wconf 79' lang='lat' dir='ltr'>Lamb.</span> <span class='ocrx_word' id='word_1_195' title='bbox 1091 1382 1377 1431; x_wconf 79' lang='grc' dir='ltr'><em>φαλάκρωμα</em></span> <span class='ocrx_word' id='word_1_196' title='bbox 1414 1385 1511 1418; x_wconf 86' lang='lat' dir='ltr'>Vict.</span> <span class='ocrx_word' id='word_1_197' title='bbox 1537 1386 1568 1420; x_wconf 90' lang='lat'>2.</span> <span class='ocrx_word' id='word_1_198' title='bbox 1603 1385 1684 1419; x_wconf 53' lang='lat' dir='ltr'>Bos.</span> 
     </span>
     <span class='ocr_line' id='line_1_23' title="bbox 197 1432 1688 1477; baseline -0.001 -10"><span class='ocrx_word' id='word_1_199' title='bbox 197 1433 335 1468; x_wconf 81' lang='lat' dir='ltr'>Graev.</span> <span class='ocrx_word' id='word_1_200' title='bbox 359 1434 453 1466; x_wconf 80' lang='lat' dir='ltr'>Ern.</span> <span class='ocrx_word' id='word_1_201' title='bbox 489 1432 691 1467; x_wconf 87' lang='lat' dir='ltr'><em>ORELLI.</em></span> <span class='ocrx_word' id='word_1_202' title='bbox 721 1452 762 1457; x_wconf 94' lang='lat'>—</span> <span class='ocrx_word' id='word_1_203' title='bbox 790 1434 960 1468; x_wconf 72' lang='lat' dir='ltr'>Processi</span> <span class='ocrx_word' id='word_1_204' title='bbox 986 1460 993 1466; x_wconf 97' lang='lat'>.</span> <span class='ocrx_word' id='word_1_205' title='bbox 1020 1460 1028 1466; x_wconf 91' lang='lat'>.</span> <span class='ocrx_word' id='word_1_206' title='bbox 1056 1435 1189 1477; x_wconf 76' lang='lat' dir='ltr'>minus,</span> <span class='ocrx_word' id='word_1_207' title='bbox 1228 1435 1337 1468; x_wconf 87' lang='lat' dir='ltr'>Denn</span> <span class='ocrx_word' id='word_1_208' title='bbox 1372 1432 1437 1467; x_wconf 86' lang='lat' dir='ltr'>ich</span> <span class='ocrx_word' id='word_1_209' title='bbox 1469 1432 1688 1473; x_wconf 71' lang='lat' dir='ltr'>verweihe,</span> 
     </span>
     <span class='ocr_line' id='line_1_24' title="bbox 196 1480 1686 1528; baseline -0.001 -13"><span class='ocrx_word' id='word_1_210' title='bbox 196 1480 354 1516; x_wconf 84' lang='lat' dir='ltr'>obwohl</span> <span class='ocrx_word' id='word_1_211' title='bbox 381 1481 490 1515; x_wconf 86' lang='lat' dir='ltr'>nicht</span> <span class='ocrx_word' id='word_1_212' title='bbox 514 1492 623 1528; x_wconf 82' lang='lat' dir='ltr'>ganz,</span> <span class='ocrx_word' id='word_1_213' title='bbox 650 1481 705 1514; x_wconf 85' lang='lat' dir='ltr'>bis</span> <span class='ocrx_word' id='word_1_214' title='bbox 733 1493 820 1515; x_wconf 85' lang='lat' dir='ltr'>zum</span> <span class='ocrx_word' id='word_1_215' title='bbox 846 1484 965 1517; x_wconf 82' lang='lat' dir='ltr'>Essen</span> <span class='ocrx_word' id='word_1_216' title='bbox 991 1482 1052 1516; x_wconf 87' lang='lat' dir='ltr'>bei</span> <span class='ocrx_word' id='word_1_217' title='bbox 1080 1481 1173 1518; x_wconf 73' lang='lat' dir='ltr'>ihm.</span> <span class='ocrx_word' id='word_1_218' title='bbox 1225 1483 1311 1516; x_wconf 90' lang='lat' dir='ltr'>Non</span> <span class='ocrx_word' id='word_1_219' title='bbox 1345 1481 1452 1526; x_wconf 79' lang='lat' dir='ltr'>potui</span> <span class='ocrx_word' id='word_1_220' title='bbox 1485 1480 1584 1526; x_wconf 85' lang='lat' dir='ltr'>apud</span> <span class='ocrx_word' id='word_1_221' title='bbox 1609 1482 1686 1514; x_wconf 82' lang='lat' dir='ltr'>Ma·</span> 
     </span>
     <span class='ocr_line' id='line_1_25' title="bbox 196 1528 1686 1571; baseline -0.001 -8"><span class='ocrx_word' id='word_1_222' title='bbox 196 1530 293 1564; x_wconf 87' lang='lat' dir='ltr'>tium</span> <span class='ocrx_word' id='word_1_223' title='bbox 320 1540 476 1571; x_wconf 78' lang='lat' dir='ltr'>cenare3</span> <span class='ocrx_word' id='word_1_224' title='bbox 503 1528 629 1562; x_wconf 79' lang='lat' dir='ltr'>statim</span> <span class='ocrx_word' id='word_1_225' title='bbox 658 1530 760 1563; x_wconf 84' lang='lat' dir='ltr'>enim</span> <span class='ocrx_word' id='word_1_226' title='bbox 787 1542 964 1565; x_wconf 85' lang='lat' dir='ltr'>sermone</span> <span class='ocrx_word' id='word_1_227' title='bbox 991 1530 1061 1563; x_wconf 87' lang='lat' dir='ltr'>illo</span> <span class='ocrx_word' id='word_1_228' title='bbox 1089 1541 1175 1563; x_wconf 89' lang='lat' dir='ltr'>cum</span> <span class='ocrx_word' id='word_1_229' title='bbox 1212 1540 1255 1563; x_wconf 88' lang='lat' dir='ltr'>eo</span> <span class='ocrx_word' id='word_1_230' title='bbox 1288 1528 1418 1563; x_wconf 83' lang='lat' dir='ltr'>habito</span> <span class='ocrx_word' id='word_1_231' title='bbox 1452 1529 1496 1562; x_wconf 88' lang='lat' dir='ltr'>ab</span> <span class='ocrx_word' id='word_1_232' title='bbox 1534 1539 1578 1563; x_wconf 83' lang='lat' dir='ltr'>eo</span> <span class='ocrx_word' id='word_1_233' title='bbox 1610 1528 1686 1561; x_wconf 66' lang='lat' dir='ltr'>dis-2</span> 
     </span>
     <span class='ocr_line' id='line_1_26' title="bbox 195 1576 1685 1623; baseline 0 -11"><span class='ocrx_word' id='word_1_234' title='bbox 195 1578 310 1620; x_wconf 76' lang='lat' dir='ltr'>cessi3</span> <span class='ocrx_word' id='word_1_235' title='bbox 337 1578 462 1612; x_wconf 88' lang='lat' dir='ltr'>minus</span> <span class='ocrx_word' id='word_1_236' title='bbox 487 1584 615 1611; x_wconf 82' lang='lat' dir='ltr'>tamen</span> <span class='ocrx_word' id='word_1_237' title='bbox 642 1588 753 1622; x_wconf 84' lang='lat' dir='ltr'>quam</span> <span class='ocrx_word' id='word_1_238' title='bbox 780 1580 923 1614; x_wconf 85' lang='lat' dir='ltr'>vellem</span> <span class='ocrx_word' id='word_1_239' title='bbox 956 1579 997 1613; x_wconf 86' lang='lat' dir='ltr'>in</span> <span class='ocrx_word' id='word_1_240' title='bbox 1024 1578 1164 1612; x_wconf 81' lang='lat' dir='ltr'>itinere</span> <span class='ocrx_word' id='word_1_241' title='bbox 1196 1577 1382 1623; x_wconf 80' lang='lat' dir='ltr'>processi,</span> <span class='ocrx_word' id='word_1_242' title='bbox 1426 1577 1568 1611; x_wconf 85' lang='lat' dir='ltr'>diutius</span> <span class='ocrx_word' id='word_1_243' title='bbox 1601 1576 1685 1612; x_wconf 82' lang='lat' dir='ltr'>scil.</span> 
     </span>
     <span class='ocr_line' id='line_1_27' title="bbox 195 1626 677 1660; baseline 0 -1"><span class='ocrx_word' id='word_1_244' title='bbox 195 1626 269 1660; x_wconf 90' lang='lat' dir='ltr'>illo</span> <span class='ocrx_word' id='word_1_245' title='bbox 295 1637 470 1660; x_wconf 80' lang='lat' dir='ltr'>sermone</span> <span class='ocrx_word' id='word_1_246' title='bbox 497 1632 677 1660; x_wconf 81' lang='lat' dir='ltr'>retentus.</span> 
     </span>
    </p>

    <p class='ocr_par' dir='ltr' id='par_1_5' title="bbox 190 1672 1687 2156">
     <span class='ocr_line' id='line_1_28' title="bbox 291 1672 1687 1718; baseline -0.001 -11"><span class='ocrx_word' id='word_1_247' title='bbox 291 1676 324 1711; x_wconf 91' lang='lat'>3.</span> <span class='ocrx_word' id='word_1_248' title='bbox 379 1675 480 1709; x_wconf 79' lang='lat' dir='ltr'>Quod</span> <span class='ocrx_word' id='word_1_249' title='bbox 504 1699 512 1707; x_wconf 87' lang='lat'>.</span> <span class='ocrx_word' id='word_1_250' title='bbox 540 1699 548 1707; x_wconf 92' lang='lat'>.</span> <span class='ocrx_word' id='word_1_251' title='bbox 574 1675 798 1718; x_wconf 81' lang='lat' dir='ltr'>scripseram</span> <span class='ocrx_word' id='word_1_252' title='bbox 824 1674 977 1708; x_wconf 82' lang='lat' dir='ltr'>bezieht</span> <span class='ocrx_word' id='word_1_253' title='bbox 1001 1674 1086 1708; x_wconf 88' lang='lat' dir='ltr'>sich</span> <span class='ocrx_word' id='word_1_254' title='bbox 1119 1675 1187 1707; x_wconf 80' lang='lat' dir='ltr'>aus</span> <span class='ocrx_word' id='word_1_255' title='bbox 1210 1674 1281 1708; x_wconf 80' lang='lat' dir='ltr'>den</span> <span class='ocrx_word' id='word_1_256' title='bbox 1316 1674 1403 1707; x_wconf 91' lang='lat' dir='ltr'>Ans.</span> <span class='ocrx_word' id='word_1_257' title='bbox 1433 1685 1468 1707; x_wconf 87' lang='lat' dir='ltr'>u.</span> <span class='ocrx_word' id='word_1_258' title='bbox 1497 1674 1528 1708; x_wconf 88' lang='lat'>2.</span> <span class='ocrx_word' id='word_1_259' title='bbox 1557 1675 1587 1718; x_wconf 80' lang='lat'>§.</span> <span class='ocrx_word' id='word_1_260' title='bbox 1621 1672 1687 1706; x_wconf 79' lang='lat' dir='ltr'>des</span> 
     </span>
     <span class='ocr_line' id='line_1_29' title="bbox 194 1721 1681 1771; baseline -0.001 -15"><span class='ocrx_word' id='word_1_261' title='bbox 194 1722 317 1771; x_wconf 68' lang='lat' dir='ltr'>vox-ig.</span> <span class='ocrx_word' id='word_1_262' title='bbox 345 1723 408 1756; x_wconf 90' lang='lat' dir='ltr'>Br.</span> <span class='ocrx_word' id='word_1_263' title='bbox 437 1740 479 1747; x_wconf 92' lang='lat'>--</span> <span class='ocrx_word' id='word_1_264' title='bbox 517 1725 594 1755; x_wconf 81' lang='lat' dir='ltr'>tam</span> <span class='ocrx_word' id='word_1_265' title='bbox 611 1723 776 1765; x_wconf 75' lang='lat' dir='ltr'>facilem</span> <span class='ocrx_word' id='word_1_266' title='bbox 802 1725 856 1765; x_wconf 84' lang='lat' dir='ltr'>(so</span> <span class='ocrx_word' id='word_1_267' title='bbox 883 1723 1094 1771; x_wconf 72' lang='lat' dir='ltr'>gestilligen</span> <span class='ocrx_word' id='word_1_268' title='bbox 1120 1724 1250 1766; x_wconf 79' lang='lat' dir='ltr'>Manu)</span> <span class='ocrx_word' id='word_1_269' title='bbox 1281 1722 1422 1756; x_wconf 82' lang='lat' dir='ltr'>Mureti</span> <span class='ocrx_word' id='word_1_270' title='bbox 1459 1732 1559 1766; x_wconf 83' lang='lat' dir='ltr'>susp.</span> <span class='ocrx_word' id='word_1_271' title='bbox 1608 1721 1681 1755; x_wconf 78' lang='lat' dir='ltr'>OR-</span> 
     </span>
     <span class='ocr_line' id='line_1_30' title="bbox 196 1768 1686 1819; baseline -0.002 -15"><span class='ocrx_word' id='word_1_272' title='bbox 196 1788 239 1794; x_wconf 89' lang='lat'>—</span> <span class='ocrx_word' id='word_1_273' title='bbox 264 1781 380 1804; x_wconf 80' lang='lat' dir='ltr'>meum</span> <span class='ocrx_word' id='word_1_274' title='bbox 406 1769 577 1804; x_wconf 82' lang='lat' dir='ltr'>commod.</span> <span class='ocrx_word' id='word_1_275' title='bbox 604 1781 715 1814; x_wconf 62' lang='lat' dir='ltr'>exsp„</span> <span class='ocrx_word' id='word_1_276' title='bbox 743 1781 783 1804; x_wconf 90' lang='lat' dir='ltr'>so</span> <span class='ocrx_word' id='word_1_277' title='bbox 810 1771 924 1819; x_wconf 81' lang='lat' dir='ltr'>lange</span> <span class='ocrx_word' id='word_1_278' title='bbox 951 1770 1099 1805; x_wconf 81' lang='lat' dir='ltr'>sitzend</span> <span class='ocrx_word' id='word_1_279' title='bbox 1122 1777 1269 1805; x_wconf 76' lang='lat' dir='ltr'>war-ten</span> <span class='ocrx_word' id='word_1_280' title='bbox 1295 1781 1410 1810; x_wconf 86' lang='lat' dir='ltr'>muss,</span> <span class='ocrx_word' id='word_1_281' title='bbox 1444 1768 1501 1802; x_wconf 91' lang='lat' dir='ltr'>bis</span> <span class='ocrx_word' id='word_1_282' title='bbox 1534 1780 1571 1801; x_wconf 83' lang='lat' dir='ltr'>es</span> <span class='ocrx_word' id='word_1_283' title='bbox 1610 1768 1686 1802; x_wconf 88' lang='lat' dir='ltr'>mir</span> 
     </span>
     <span class='ocr_line' id='line_1_31' title="bbox 222 1815 1685 1866; baseline -0.002 -14"><span class='ocrx_word' id='word_1_284' title='bbox 222 1818 359 1866; x_wconf 83' lang='lat' dir='ltr'>elegen</span> <span class='ocrx_word' id='word_1_285' title='bbox 385 1818 436 1852; x_wconf 81' lang='lat' dir='ltr'>ist</span> <span class='ocrx_word' id='word_1_286' title='bbox 461 1817 544 1851; x_wconf 87' lang='lat' dir='ltr'>ihm</span> <span class='ocrx_word' id='word_1_287' title='bbox 571 1817 703 1852; x_wconf 67' lang='lat' dir='ltr'>Gehor</span> <span class='ocrx_word' id='word_1_288' title='bbox 727 1831 774 1852; x_wconf 92' lang='lat' dir='ltr'>zu</span> <span class='ocrx_word' id='word_1_289' title='bbox 800 1819 931 1865; x_wconf 82' lang='lat' dir='ltr'>geben.</span> <span class='ocrx_word' id='word_1_290' title='bbox 973 1837 1016 1844; x_wconf 86' lang='lat'>-—</span> <span class='ocrx_word' id='word_1_291' title='bbox 1064 1819 1187 1853; x_wconf 77' lang='lat' dir='ltr'>Habes</span> <span class='ocrx_word' id='word_1_292' title='bbox 1214 1844 1221 1852; x_wconf 90' lang='lat'>.</span> <span class='ocrx_word' id='word_1_293' title='bbox 1251 1844 1258 1851; x_wconf 95' lang='lat'>.</span> <span class='ocrx_word' id='word_1_294' title='bbox 1285 1815 1454 1864; x_wconf 78' lang='grc' dir='ltr'><strong><em>φαλάκρ.,</em></strong></span> <span class='ocrx_word' id='word_1_295' title='bbox 1491 1816 1615 1859; x_wconf 77' lang='lat' dir='ltr'>„sieh&#39;</span> <span class='ocrx_word' id='word_1_296' title='bbox 1640 1816 1685 1850; x_wconf 80' lang='lat' dir='ltr'>da</span> 
     </span>
     <span class='ocr_line' id='line_1_32' title="bbox 192 1831 1683 1916; baseline -0.002 -16"><span class='ocrx_word' id='word_1_297' title='bbox 192 1831 278 1900; x_wconf 55' lang='lat' dir='ltr'>{ast</span> <span class='ocrx_word' id='word_1_298' title='bbox 303 1868 362 1901; x_wconf 92' lang='lat' dir='ltr'>Du</span> <span class='ocrx_word' id='word_1_299' title='bbox 385 1866 457 1901; x_wconf 86' lang='lat' dir='ltr'>den</span> <span class='ocrx_word' id='word_1_300' title='bbox 484 1865 685 1912; x_wconf 82' lang='lat' dir='ltr'>Kahlkopf</span> <span class='ocrx_word' id='word_1_301' title='bbox 707 1867 761 1900; x_wconf 83' lang='lat' dir='ltr'>als</span> <span class='ocrx_word' id='word_1_302' title='bbox 801 1868 875 1900; x_wconf 83' lang='lat' dir='ltr'>den</span> <span class='ocrx_word' id='word_1_303' title='bbox 908 1866 1245 1916; x_wconf 79' lang='lat' dir='ltr'>geschworensten</span> <span class='ocrx_word' id='word_1_304' title='bbox 1278 1866 1398 1899; x_wconf 85' lang='lat' dir='ltr'>Feind</span> <span class='ocrx_word' id='word_1_305' title='bbox 1429 1865 1497 1898; x_wconf 80' lang='lat' dir='ltr'>der</span> <span class='ocrx_word' id='word_1_306' title='bbox 1529 1864 1683 1898; x_wconf 84' lang='lat' dir='ltr'>Ruhe.“</span> 
     </span>
     <span class='ocr_line' id='line_1_33' title="bbox 191 1913 1685 1963; baseline 0.001 -17"><span class='ocrx_word' id='word_1_307' title='bbox 191 1915 271 1950; x_wconf 86' lang='lat' dir='ltr'>Vor</span> <span class='ocrx_word' id='word_1_308' title='bbox 296 1914 419 1948; x_wconf 80' lang='lat' dir='ltr'>Habes</span> <span class='ocrx_word' id='word_1_309' title='bbox 444 1926 546 1959; x_wconf 64' lang='lat' dir='ltr'>rpuss</span> <span class='ocrx_word' id='word_1_310' title='bbox 572 1915 645 1948; x_wconf 83' lang='lat' dir='ltr'>Das</span> <span class='ocrx_word' id='word_1_311' title='bbox 671 1916 904 1963; x_wconf 79' lang='lat' dir='ltr'>ausgefallen</span> <span class='ocrx_word' id='word_1_312' title='bbox 930 1916 1022 1956; x_wconf 83' lang='lat' dir='ltr'>sein,</span> <span class='ocrx_word' id='word_1_313' title='bbox 1048 1927 1126 1949; x_wconf 82' lang='lat' dir='ltr'>was</span> <span class='ocrx_word' id='word_1_314' title='bbox 1154 1915 1286 1948; x_wconf 83' lang='lat' dir='ltr'>Cicero</span> <span class='ocrx_word' id='word_1_315' title='bbox 1313 1914 1366 1947; x_wconf 88' lang='lat' dir='ltr'>im</span> <span class='ocrx_word' id='word_1_316' title='bbox 1384 1913 1546 1961; x_wconf 77' lang='lat' dir='ltr'>vorigen</span> <span class='ocrx_word' id='word_1_317' title='bbox 1557 1913 1685 1947; x_wconf 81' lang='lat' dir='ltr'>Briefe</span> 
     </span>
     <span class='ocr_line' id='line_1_34' title="bbox 191 1961 1685 2010; baseline -0.001 -14"><span class='ocrx_word' id='word_1_318' title='bbox 191 1973 269 1996; x_wconf 84' lang='lat' dir='ltr'>von</span> <span class='ocrx_word' id='word_1_319' title='bbox 296 1963 423 1996; x_wconf 63' lang='lat' dir='ltr'>Ci‘isars</span> <span class='ocrx_word' id='word_1_320' title='bbox 448 1962 672 2010; x_wconf 78' lang='lat' dir='ltr'>Ausserung</span> <span class='ocrx_word' id='word_1_321' title='bbox 697 1963 791 1996; x_wconf 79' lang='lat' dir='ltr'>iiber</span> <span class='ocrx_word' id='word_1_322' title='bbox 816 1965 952 1997; x_wconf 80' lang='lat' dir='ltr'>Brutus</span> <span class='ocrx_word' id='word_1_323' title='bbox 978 1963 1144 1997; x_wconf 80' lang='lat' dir='ltr'>schrieb.</span> <span class='ocrx_word' id='word_1_324' title='bbox 1206 1961 1319 1996; x_wconf 84' lang='lat' dir='ltr'>Sonst</span> <span class='ocrx_word' id='word_1_325' title='bbox 1342 1961 1445 1995; x_wconf 83' lang='lat' dir='ltr'>fehlt</span> <span class='ocrx_word' id='word_1_326' title='bbox 1471 1972 1508 1995; x_wconf 86' lang='lat' dir='ltr'>es</span> <span class='ocrx_word' id='word_1_327' title='bbox 1533 1973 1580 1994; x_wconf 83' lang='lat' dir='ltr'>an</span> <span class='ocrx_word' id='word_1_328' title='bbox 1606 1962 1685 1994; x_wconf 87' lang='lat' dir='ltr'>zu-</span> 
     </span>
     <span class='ocr_line' id='line_1_35' title="bbox 192 2009 1684 2059; baseline -0.001 -15"><span class='ocrx_word' id='word_1_329' title='bbox 192 2010 465 2057; x_wconf 84' lang='lat' dir='ltr'>sammenhang·</span> <span class='ocrx_word' id='word_1_330' title='bbox 506 2010 578 2043; x_wconf 86' lang='lat' dir='ltr'>mit</span> <span class='ocrx_word' id='word_1_331' title='bbox 622 2010 709 2044; x_wconf 87' lang='lat' dir='ltr'>dem</span> <span class='ocrx_word' id='word_1_332' title='bbox 756 2011 989 2059; x_wconf 81' lang='lat' dir='ltr'>Folgenden.</span> <span class='ocrx_word' id='word_1_333' title='bbox 1061 2010 1266 2046; x_wconf 75' lang='lat' dir='ltr'>Wirklich</span> <span class='ocrx_word' id='word_1_334' title='bbox 1310 2010 1508 2056; x_wconf 80' lang='lat' dir='ltr'>verlangte</span> <span class='ocrx_word' id='word_1_335' title='bbox 1551 2009 1684 2044; x_wconf 83' lang='lat' dir='ltr'>Matius</span> 
     </span>
     <span class='ocr_line' id='line_1_36' title="bbox 190 2056 1683 2105; baseline -0.001 -13"><span class='ocrx_word' id='word_1_336' title='bbox 190 2058 370 2093; x_wconf 72' lang='lat' dir='ltr'>scheulos</span> <span class='ocrx_word' id='word_1_337' title='bbox 405 2058 536 2092; x_wconf 51' lang='lat' dir='ltr'>essars</span> <span class='ocrx_word' id='word_1_338' title='bbox 564 2057 646 2091; x_wconf 79' lang='lat' dir='ltr'>&#39;rod</span> <span class='ocrx_word' id='word_1_339' title='bbox 680 2058 842 2105; x_wconf 82' lang='lat' dir='ltr'>ger‘a&#39;cht</span> <span class='ocrx_word' id='word_1_340' title='bbox 875 2072 922 2093; x_wconf 90' lang='lat' dir='ltr'>zu</span> <span class='ocrx_word' id='word_1_341' title='bbox 958 2058 1074 2093; x_wconf 81' lang='lat' dir='ltr'>sehen</span> <span class='ocrx_word' id='word_1_342' title='bbox 1106 2059 1183 2092; x_wconf 82' lang='lat' dir='ltr'>und</span> <span class='ocrx_word' id='word_1_343' title='bbox 1215 2057 1415 2092; x_wconf 85' lang='lat' dir='ltr'>wiinschte</span> <span class='ocrx_word' id='word_1_344' title='bbox 1450 2056 1570 2091; x_wconf 83' lang='lat' dir='ltr'>daher</span> <span class='ocrx_word' id='word_1_345' title='bbox 1609 2057 1683 2091; x_wconf 89' lang='lat' dir='ltr'>den</span> 
     </span>
     <span class='ocr_line' id='line_1_37' title="bbox 192 2105 1680 2156; baseline -0.001 -17"><span class='ocrx_word' id='word_1_346' title='bbox 192 2106 331 2151; x_wconf 76' lang='lat' dir='ltr'>Krieg3</span> <span class='ocrx_word' id='word_1_347' title='bbox 376 2117 498 2156; x_wconf 69' lang='lat' dir='ltr'>geg-en</span> <span class='ocrx_word' id='word_1_348' title='bbox 523 2105 658 2141; x_wconf 84' lang='lat' dir='ltr'>Wen?</span> <span class='ocrx_word' id='word_1_349' title='bbox 695 2118 819 2155; x_wconf 78' lang='lat' dir='ltr'>gegen</span> <span class='ocrx_word' id='word_1_350' title='bbox 851 2109 1001 2142; x_wconf 80' lang='lat' dir='ltr'>Brutus.</span> <span class='ocrx_word' id='word_1_351' title='bbox 1030 2108 1072 2141; x_wconf 85' lang='lat' dir='ltr'>V.</span> <span class='ocrx_word' id='word_1_352' title='bbox 1118 2106 1159 2139; x_wconf 72' lang='lat' dir='ltr'>id</span> <span class='ocrx_word' id='word_1_353' title='bbox 1197 2110 1261 2149; x_wconf 84' lang='lat' dir='ltr'>est,</span> <span class='ocrx_word' id='word_1_354' title='bbox 1299 2106 1411 2141; x_wconf 66' lang='lat' dir='ltr'>Bruti</span> <span class='ocrx_word' id='word_1_355' title='bbox 1445 2117 1545 2151; x_wconf 89' lang='lat' dir='ltr'>susp.</span> <span class='ocrx_word' id='word_1_356' title='bbox 1586 2105 1680 2138; x_wconf 67' lang='grc' dir='ltr'>ΕΠ).</span> 
     </span>
    </p>

    <p class='ocr_par' dir='ltr' id='par_1_6' title="bbox 187 2201 1682 2480">
     <span class='ocr_line' id='line_1_38' title="bbox 286 2201 1682 2250; baseline -0.003 -13"><span class='ocrx_word' id='word_1_357' title='bbox 286 2204 320 2237; x_wconf 81' lang='grc'>4.</span> <span class='ocrx_word' id='word_1_358' title='bbox 371 2202 479 2237; x_wconf 82' lang='lat' dir='ltr'>hodie</span> <span class='ocrx_word' id='word_1_359' title='bbox 514 2201 651 2250; x_wconf 82' lang='lat' dir='ltr'>cogito.</span> <span class='ocrx_word' id='word_1_360' title='bbox 691 2221 733 2227; x_wconf 80' lang='lat'>—</span> <span class='ocrx_word' id='word_1_361' title='bbox 777 2212 862 2235; x_wconf 77' lang='lat' dir='ltr'>cras</span> <span class='ocrx_word' id='word_1_362' title='bbox 895 2212 971 2236; x_wconf 84' lang='lat' dir='ltr'>ero.</span> <span class='ocrx_word' id='word_1_363' title='bbox 1026 2202 1159 2236; x_wconf 82' lang='lat' dir='ltr'>Cicero</span> <span class='ocrx_word' id='word_1_364' title='bbox 1186 2202 1291 2236; x_wconf 75' lang='lat' dir='ltr'>hatte</span> <span class='ocrx_word' id='word_1_365' title='bbox 1319 2201 1378 2235; x_wconf 85' lang='lat' dir='ltr'>bei</span> <span class='ocrx_word' id='word_1_366' title='bbox 1403 2201 1616 2234; x_wconf 87' lang='lat' dir='ltr'>Lanuvium</span> <span class='ocrx_word' id='word_1_367' title='bbox 1642 2201 1682 2233; x_wconf 88' lang='lat' dir='ltr'>in</span> 
     </span>
     <span class='ocr_line' id='line_1_39' title="bbox 190 2248 1681 2298; baseline -0.001 -15"><span class='ocrx_word' id='word_1_368' title='bbox 190 2250 341 2284; x_wconf 81' lang='lat' dir='ltr'>Latium</span> <span class='ocrx_word' id='word_1_369' title='bbox 369 2250 555 2286; x_wconf 82' lang='lat' dir='ltr'>ebensalls</span> <span class='ocrx_word' id='word_1_370' title='bbox 583 2250 646 2284; x_wconf 85' lang='lat' dir='ltr'>ein</span> <span class='ocrx_word' id='word_1_371' title='bbox 672 2249 861 2298; x_wconf 83' lang='lat' dir='ltr'>Landgut.</span> <span class='ocrx_word' id='word_1_372' title='bbox 889 2268 931 2274; x_wconf 89' lang='lat'>—</span> <span class='ocrx_word' id='word_1_373' title='bbox 959 2251 1137 2284; x_wconf 76' lang='lat' dir='ltr'>Asturam</span> <span class='ocrx_word' id='word_1_374' title='bbox 1157 2251 1282 2284; x_wconf 79' lang='lat' dir='ltr'>Lamb.</span> <span class='ocrx_word' id='word_1_375' title='bbox 1321 2270 1361 2276; x_wconf 94' lang='grc'><strong>-</strong></span> <span class='ocrx_word' id='word_1_376' title='bbox 1397 2249 1534 2291; x_wconf 82' lang='lat' dir='ltr'>Piliae,</span> <span class='ocrx_word' id='word_1_377' title='bbox 1560 2248 1681 2283; x_wconf 75' lang='lat' dir='ltr'>Attici</span> 
     </span>
     <span class='ocr_line' id='line_1_40' title="bbox 189 2296 1680 2342; baseline 0 -12"><span class='ocrx_word' id='word_1_378' title='bbox 189 2299 314 2334; x_wconf 84' lang='lat' dir='ltr'>uxori.</span> <span class='ocrx_word' id='word_1_379' title='bbox 354 2317 397 2324; x_wconf 89' lang='lat'><strong>—</strong></span> <span class='ocrx_word' id='word_1_380' title='bbox 437 2299 503 2333; x_wconf 82' lang='lat' dir='ltr'>sed</span> <span class='ocrx_word' id='word_1_381' title='bbox 525 2298 655 2331; x_wconf 79' lang='lat' dir='ltr'>vellem</span> <span class='ocrx_word' id='word_1_382' title='bbox 679 2299 858 2342; x_wconf 76' lang='lat' dir='ltr'>Atticam,</span> <span class='ocrx_word' id='word_1_383' title='bbox 885 2298 973 2333; x_wconf 84' lang='lat' dir='ltr'>aber</span> <span class='ocrx_word' id='word_1_384' title='bbox 1000 2298 1065 2332; x_wconf 85' lang='lat' dir='ltr'>ich</span> <span class='ocrx_word' id='word_1_385' title='bbox 1092 2298 1304 2340; x_wconf 82' lang='lat' dir='ltr'>wiinschte‚</span> <span class='ocrx_word' id='word_1_386' title='bbox 1331 2297 1384 2332; x_wconf 88' lang='lat' dir='ltr'>sie</span> <span class='ocrx_word' id='word_1_387' title='bbox 1410 2297 1568 2331; x_wconf 53' lang='lat' dir='ltr'>brbichte</span> <span class='ocrx_word' id='word_1_388' title='bbox 1594 2296 1680 2330; x_wconf 78' lang='lat' dir='ltr'>ihre</span> 
     </span>
     <span class='ocr_line' id='line_1_41' title="bbox 188 2344 1680 2389; baseline -0.002 -9"><span class='ocrx_word' id='word_1_389' title='bbox 188 2344 360 2381; x_wconf 81' lang='lat' dir='ltr'>Tochter</span> <span class='ocrx_word' id='word_1_390' title='bbox 385 2348 466 2382; x_wconf 82' lang='lat' dir='ltr'>mit.</span> <span class='ocrx_word' id='word_1_391' title='bbox 494 2365 537 2371; x_wconf 87' lang='lat'>—-</span> <span class='ocrx_word' id='word_1_392' title='bbox 565 2346 635 2380; x_wconf 73' lang='lat' dir='ltr'>tibi</span> <span class='ocrx_word' id='word_1_393' title='bbox 660 2346 830 2389; x_wconf 76' lang='lat' dir='ltr'>ignosco,</span> <span class='ocrx_word' id='word_1_394' title='bbox 855 2346 944 2381; x_wconf 74' lang='lat' dir='ltr'>aber</span> <span class='ocrx_word' id='word_1_395' title='bbox 967 2347 1032 2380; x_wconf 85' lang='lat' dir='ltr'>ich</span> <span class='ocrx_word' id='word_1_396' title='bbox 1058 2347 1252 2382; x_wconf 82' lang='lat' dir='ltr'>verdenke</span> <span class='ocrx_word' id='word_1_397' title='bbox 1278 2347 1349 2382; x_wconf 85' lang='lat' dir='ltr'>Dix·</span> <span class='ocrx_word' id='word_1_398' title='bbox 1377 2357 1416 2380; x_wconf 89' lang='lat' dir='ltr'>es</span> <span class='ocrx_word' id='word_1_399' title='bbox 1444 2345 1566 2389; x_wconf 84' lang='lat' dir='ltr'>nicht,</span> <span class='ocrx_word' id='word_1_400' title='bbox 1599 2345 1680 2379; x_wconf 82' lang='lat' dir='ltr'>dass</span> 
     </span>
     <span class='ocr_line' id='line_1_42' title="bbox 188 2393 1679 2444; baseline 0 -17"><span class='ocrx_word' id='word_1_401' title='bbox 188 2394 248 2427; x_wconf 87' lang='lat' dir='ltr'>Du</span> <span class='ocrx_word' id='word_1_402' title='bbox 282 2395 517 2444; x_wconf 80' lang='lat' dir='ltr'>wenigstens</span> <span class='ocrx_word' id='word_1_403' title='bbox 552 2394 614 2428; x_wconf 81' lang='lat' dir='ltr'>die</span> <span class='ocrx_word' id='word_1_404' title='bbox 649 2393 822 2429; x_wconf 71' lang='lat' dir='ltr'>Tochtor</span> <span class='ocrx_word' id='word_1_405' title='bbox 858 2394 919 2428; x_wconf 89' lang='lat' dir='ltr'>bei</span> <span class='ocrx_word' id='word_1_406' title='bbox 954 2395 1026 2429; x_wconf 83' lang='lat' dir='ltr'>Dir</span> <span class='ocrx_word' id='word_1_407' title='bbox 1063 2395 1241 2431; x_wconf 80' lang='lat' dir='ltr'>behalten</span> <span class='ocrx_word' id='word_1_408' title='bbox 1276 2394 1424 2439; x_wconf 81' lang='lat' dir='ltr'>Willst3</span> <span class='ocrx_word' id='word_1_409' title='bbox 1470 2394 1534 2440; x_wconf 89' lang='lat' dir='ltr'>qui</span> <span class='ocrx_word' id='word_1_410' title='bbox 1569 2393 1679 2427; x_wconf 83' lang='lat' dir='ltr'>illam</span> 
     </span>
     <span class='ocr_line' id='line_1_43' title="bbox 187 2441 793 2480; baseline 0 -5"><span class='ocrx_word' id='word_1_411' title='bbox 187 2448 312 2478; x_wconf 66' lang='lat' dir='ltr'>tecum</span> <span class='ocrx_word' id='word_1_412' title='bbox 340 2455 417 2479; x_wconf 84' lang='lat' dir='ltr'>esse</span> <span class='ocrx_word' id='word_1_413' title='bbox 444 2443 553 2480; x_wconf 82' lang='lat' dir='ltr'>velis.</span> <span class='ocrx_word' id='word_1_414' title='bbox 596 2441 793 2477; x_wconf 76' lang='lat' dir='ltr'>MANUT.</span> 
     </span>
    </p>
   </div>
  </div>
 </body>
</html>
