1795 3086
201 96 264 145 48
480 99 538 142 Μ.
571 99 625 142 Τ.
661 97 1004 142 CICERONIS
1036 98 1412 144 EPISTULAE.

201 216 272 252 tre
312 211 492 252 missas·
535 212 695 266 quibus
735 213 782 251 in
821 212 1035 253 extremis
1077 217 1174 254 erat
1211 214 1299 255 sibi
1339 212 1531 254 insidias
1563 212 1690 255 fieri.

200 281 249 309 se
293 266 343 308 id
382 268 520 309 emtis
535 227 819 308 qauctoribus
849 267 1134 323 comperisse.
1204 269 1307 310 Hoc
1335 282 1420 309 nec
1449 268 1563 309 mihi
1591 270 1689 324 pla-

200 324 331 364 cebat
367 327 413 363 et
450 323 593 363 multo
634 322 708 363 illi
746 321 904 364 minus.
962 322 1169 378 Reginae
1198 324 1306 379 fuga
1334 323 1451 365 mihi
1480 338 1567 366 non
1596 338 1689 366 mo-

201 380 316 420 lesta
345 383 426 419 est.
484 377 576 419 Sed
605 377 770 420 Clodia
808 377 922 434 quid
948 381 1107 435 egerit,
1147 380 1318 422 scribas
1348 380 1407 422 ad
1436 393 1506 421 me
1535 380 1689 422 velim.

198 435 270 476 De
297 434 540 489 Byzantiis
570 435 748 476 curabis
778 440 828 477 ut
856 441 1029 486 cete1a3
1059 441 1106 478 et
1134 436 1350 491 Pelopem
1380 435 1438 477 ad
1467 439 1511 476 te
1542 449 1690 477 alces-

197 504 282 532 ses.
339 483 465 554 Ego,
485 495 535 531 ut
563 492 780 554 postulas,
820 491 991 532 Baiana
1020 493 1204 547 negotia
1233 492 1512 546 chorumque
1541 490 1690 542 illum,

197 547 255 587 de
285 560 373 600 quo
403 545 520 588 scire
545 547 630 593 vis,
659 561 794 601 quum
818 561 1109 602 pelspexero,
1139 553 1233 589 tum
1253 548 1470 596 scribam3
1500 560 1556 588 ne
1579 546 1690 601 quid

198 603 393 657 ignolffles
479 601 603 653 Quid
646 602 787 649 Galli,
827 604 939 657 quid
969 603 1180 659 Hispani,
1222 603 1333 658 quid
1372 603 1534 644 Sextus
1574 607 1691 657 agat,

196 657 486 700 vehementer
514 664 739 713 exspecto.
798 659 869 700 Ea
898 659 1077 701 scilicet
1115 663 1165 700 tu
1194 659 1463 712 declarabis,
1502 658 1581 714 qui
1621 671 1690 699 ce-

196 720 307 756 tera.
375 713 652 755 Nauseolam
693 714 777 756 tibi
817 720 938 756 tuam
980 728 1161 756 causam
1201 715 1285 756 otii
1323 715 1501 756 dedisse
1548 713 1688 769 facile

196 770 412 826 patiebar.
485 770 718 812 Videbare
758 770 877 811 enim
917 770 1033 811 mihi
1074 771 1244 824 legenti
1283 774 1383 812 tuas
1421 772 1578 811 literas
1619 783 1689 811 re·-

195 827 373 891 quiesse
401 827 663 891 paullisper.
723 827 795 867 De
824 826 966 868 Biuto
1005 840 1181 881 semper
1218 826 1277 867 ad
1306 841 1376 867 me
1406 827 1558 867 omnia
1589 838 1688 880 pei-

194 882 401 946 scribito‚
438 881 516 923 ubi
555 884 630 933 sit,
670 883 782 937 quid
820 884 1017 938 cogitet:
1057 896 1212 946 quem
1231 881 1413 937 quidem
1443 895 1527 935 ego
1557 894 1688 936 speie

194 938 286 980 iam
326 942 423 980 tuto
469 938 543 980 vel
581 939 729 980 solum
771 943 866 981 tota
877 917 1016 980 O'ulbe
1057 937 1217 994 vagari
1246 952 1390 994 posse.
1449 937 1688 980 Verumta-

194 1009 295 1037 men
325 1027 334 1037 .
369 1026 379 1036 .
412 999 454 1036 ‚l

194 1161 261 1203 dit,
289 1161 356 1195 hat
381 1160 459 1194 mir
485 1160 562 1201 (bei
581 1159 906 1194 seinemBesuche
926 1171 997 1195 vor
1023 1160 1340 1209 2oder3Tag-en)
1366 1160 1616 1207 mitgetheilt.
1644 1177 1687 1183 --

194 1210 415 1252 afratvelll.
426 1209 583 1254 Lepido.
610 1207 646 1242 S.
662 1219 720 1253 ep
732 1211 857 1250 687,1.
875 1228 916 1233 -
947 1209 1132 1250 πῖν’-,877775
1152 1221 1199 1242 an
1212 1189 1346 1243 dessen
1359 1208 1517 1242 Schluss
1537 1215 1687 1255 ersagt.

194 1275 238 1281 -
266 1258 341 1301 illi,
367 1258 494 1291 Bruto.
546 1258 655 1291 Denn
672 1257 754 1290 dass
776 1257 940 1302 Lepidus
964 1257 1122 1291 solehen
1140 1256 1422 1291 Oh1enbl'asern
1448 1256 1581 1291 Gehor
1604 1257 1686 1303 gab,

194 1306 359 1348 bewies,
396 1305 471 1341 wie
504 1305 635 1353 wenig
671 1316 714 1338 er
748 1304 821 1338 den
852 1306 991 1339 Brutus
1028 1305 1106 1339 und
1140 1305 1202 1339 die
1228 1305 1392 1349 iibrigen
1416 1305 1591 1339 Freunde
1617 1305 1688 1339 der

194 1330 389 1400 Republi'k
424 1353 586 1397 kannte,
609 1333 702 1386 t³und
736 1364 819 1387 war
853 1364 928 1387 von
972 1354 1087 1387 b'osen
1121 1354 1469 1401 Vorbedeutungen
1509 1355 1573 1386 fiir
1618 1354 1685 1388 sie.

195 1395 410 1437 GRATER.
453 1422 495 1427 —
548 1402 714 1443 Regmcce
746 1401 980 1446 Cleops-ntiae.
1030 1402 1145 1436 Diese
1172 1402 1368 1450 Koniginn
1401 1412 1478 1435 von
1505 1393 1558 1434 A⁰
1539 1408 1686 1446 gypten

191 1451 297 1485 hatte
323 1450 408 1483 dem
435 1450 549 1483 C'asar
574 1451 686 1484 einen
712 1449 855 1483 Besuch
882 1461 929 1483 zu
954 1450 1051 1484 Rom
1078 1449 1258 1498 gemacht
1272 1431 1366 1482 Ζἰιηᾶ
1398 1461 1482 1484 war
1508 1450 1607 1483 noch
1633 1451 1686 1484 ei-

191 1500 283 1547 nige
315 1498 496 1534 Woehen
529 1497 629 1531 nach
664 1498 749 1531 dem
786 1500 841 1532 15.
869 1500 971 1531 M'arz
1003 1490 1167 1531 daselbst
1167 1497 1424 1580 2gebli'eben,
1466 1497 1567 1531 dann
1598 1497 1687 1532 aber

192 1546 422 1582 entwichen.
473 1545 512 1581 S.
540 1558 596 1591 ep.
623 1547 706 1589 704,
735 1548 757 1581 2
795 1557 855 1578 am
881 1544 1005 1588 Eride,
1058 1547 1189 1585 728,2
1193 1572 1201 1579 .
1250 1547 1330 1585 729,
1357 1547 1391 1581 2.
1428 1545 1506 1579 und
1540 1557 1598 1591 ep.
1628 1547 1687 1582 92

192 1595 346 1631 Sueten.
375 1606 406 1628 c.
434 1596 491 1630 52.
544 1614 588 1619 -
641 1594 786 1634 Clodia,
813 1594 872 1627 die
899 1593 1142 1648 beriiehtigte
1169 1593 1390 1628 Schwester
1414 1594 1478 1627 des
1504 1593 1687 1628 Todfein-

191 1645 256 1678 des
293 1654 381 1678 vom
416 1643 563 1677 Cicero.
613 1643 671 1676 Er
703 1643 865 1682 meinte,
901 1654 978 1677 was
1011 1644 1076 1676 fiir
1109 1642 1194 1677 eine
1225 1642 1334 1676 Rolle
1371 1642 1424 1676 sie
1458 1642 1529 1676 seit
1556 1642 1686 1677 Ciisars

192 1692 295 1727 'rode
322 1691 491 1739 gespielt
516 1690 623 1727 habe.
652 1712 695 1716 —
730 1690 912 1735 Pelopem.
947 1691 1027 1725 Hoc
1053 1691 1329 1735 Byzantiorum
1354 1691 1549 1738 negotium
1576 1691 1685 1735 quale

192 1741 325 1783 fuerit,
352 1750 427 1773 non
454 1739 592 1783 liquet.
645 1739 778 1795 Pelops
812 1745 937 1772 autem
971 1740 1179 1783 Byzantius
1215 1739 1283 1773 ille
1310 1745 1376 1776 est,
1410 1739 1455 1772 ad
1481 1750 1594 1784 quem
1621 1739 1686 1773 Ci-

192 1800 294 1831 cero,
320 1794 416 1823 teste
443 1787 649 1822 Plutarcho
676 1788 717 1821 in
743 1788 822 1821 eius
849 1788 942 1828 vita,
969 1787 1114 1821 Graece
1140 1787 1306 1833 scripsit.
1331 1786 1438 1821 SCH.
1466 1805 1509 1811 -
1537 1787 1685 1821 Baiana

191 1837 354 1881 negotia,
380 1836 458 1871 wie
485 1847 522 1870 es
548 1848 596 1870 zu
620 1836 731 1870 Baiae
758 1835 935 1881 hergeht.
986 1836 1076 1884 vgl.
1103 1848 1151 1869 zu
1176 1847 1233 1881 ep.
1260 1836 1340 1871 650
1379 1853 1422 1860 -
1473 1834 1686 1880 chorumque

193 1886 300 1920 illum
325 1885 349 1918 i.
379 1895 409 1918 e.
437 1885 601 1924 turbam,
629 1896 725 1930 quae
748 1885 835 1917 illie
861 1889 1036 1918 versatm
1061 1883 1272 1928 voluptatis
1300 1894 1419 1921 causa
1470 1883 1568 1916 Nam
1594 1883 1686 1918 cho-

192 1946 257 1968 rus
282 1933 443 1979 proprie
469 1933 835 1978 symphoniacoium
871 1939 934 1966 aut
965 1932 1186 1966 saltantium
1218 1932 1259 1964 in
1285 1931 1418 1965 sacris.
1465 1931 1602 1966 GROR
1605 1933 1684 1967 01

192 1981 383 2017 Antonius
411 1981 488 2015 und
526 1981 658 2015 dessen
683 1981 832 2015 Briider
867 1980 946 2014 und
983 1980 1235 2014 Schwestern
1270 1979 1420 2013 trieben
1452 1990 1490 2013 es
1522 1979 1611 2014 hier
1644 1980 1684 2014 in

190 2031 261 2065 der
287 2029 632 2077 Leiehtfertigkeit
657 2028 927 2063 vex-muthlich
951 2029 1026 2063 toll
1054 2038 1209 2083 genug;
1231 2028 1307 2061 und
1333 2027 1470 2062 Cicero
1495 2040 1578 2062 war
1604 2028 1685 2062 die-

191 2090 272 2113 sem
298 2058 637 2112 Bacchantenchor
663 2077 762 2112 nahe
788 2088 928 2125 genug‚
955 2088 1019 2110 um
1047 2077 1176 2110 seinen
1197 2075 1350 2110 Freund
1375 2076 1448 2110 mit
1472 2076 1684 2125 Neuigkei-

190 2134 255 2162 ten
280 2137 355 2162 von
382 2126 427 2160 da
452 2138 500 2160 zu
526 2126 729 2161 bedienen.

288 2200 322 2235 2.
375 2198 538 2241 Hispanz
564 2205 691 2246 agant,
720 2198 947 2243 moliantur,
974 2209 1066 2231 num
1095 2196 1243 2231 bellum
1270 2197 1376 2231 nobis
1403 2197 1549 2233 inferre
1575 2198 1684 2246 cogi-

190 2253 285 2282 tent.
311 2246 516 2281 MANUT.
567 2227 609 2281 S.
633 2247 741 2293 epist.
769 2249 851 2288 680,
878 2249 908 2281 1.
935 2248 1018 2290 683,
1046 2249 1078 2281 1.
1121 2246 1221 2280 Sext.
1250 2246 1459 2291 Pompeius.
1512 2245 1548 2280 S.
1575 2248 1683 2291 epist.

191 2298 275 2339 68⁰,
300 2296 334 2331 2
374 2296 519 2335 683,1.
572 2314 615 2320 —-
668 2296 729 2339 qui
754 2300 877 2329 cetera
901 2293 1126 2334 declarabis,
1163 2293 1208 2327 da
1232 2295 1292 2328 Du
1318 2293 1418 2328 doch
1451 2293 1515 2327 das
1538 2259 1683 2340 Ubi-ige

190 2344 269 2378 mir
293 2343 493 2378 aufkl'aren
519 2343 642 2377 wirst.
679 2363 723 2367 —
775 2343 966 2387 requiesse.
1018 2342 1211 2377 Sententia
1237 2348 1311 2376 est:
1339 2349 1376 2376 te
1401 2342 1554 2377 fastidio
1579 2343 1683 2376 cibo-

192 2403 278 2427 rum
305 2398 342 2426 et
365 2392 626 2447 propensione
659 2391 705 2425 ad
730 2392 916 2426 vomitum
951 2391 1093 2425 leviter
1117 2396 1304 2425 tentatum
1329 2390 1553 2424 abstinuisse
1589 2402 1682 2436 pro-

191 2447 327 2486 pterea
358 2452 380 2474 a
405 2440 571 2495 negotiis
609 2446 647 2474 et
674 2440 833 2486 corpori
870 2440 1033 2473 curando
1066 2450 1215 2473 vacasse
1248 2449 1326 2472 non
1350 2450 1468 2487 aegre
1499 2439 1682 2473 ferebam.

191 2489 357 2524 Videbar
382 2488 484 2523 enim
511 2487 610 2521 mihi
636 2498 840 2543 agnoscere
872 2488 913 2521 in
949 2488 1025 2522 tuis
1061 2487 1202 2528 literis,
1236 2492 1273 2521 te
1299 2497 1395 2521 novo
1422 2487 1583 2531 quodam
1609 2487 1682 2520 im-

190 2543 284 2583 petu
308 2543 395 2583 post
420 2543 592 2591 receptas
617 2537 721 2570 vi1es
747 2535 794 2570 ad
819 2536 1062 2570 scribendum
1088 2535 1248 2569 venisse.
1278 2535 1498 2569 GRONOV.
1537 2554 1580 2560 -
1616 2546 1683 2569 va-

191 2585 285 2629 gari
307 2596 426 2640 posse,
453 2585 524 2619 etsi
548 2585 656 2629 prius
683 2584 892 2630 parietibus
920 2583 1183 2618 continebatur
1219 2584 1272 2625 (v.
1299 2583 1410 2629 epist.
1438 2585 1535 2626 684).
1586 2582 1680 2629 Spe-

191 2633 299 2667 rabat
325 2634 426 2666 enim
453 2633 600 2676 Cicero,
637 2632 736 2677 quod
761 2632 946 2667 Antonius
980 2639 1018 2667 et
1042 2631 1243 2666 Dolabella
1269 2631 1442 2666 consules
1469 2642 1599 2665 curam
1624 2631 1681 2665 rei

190 2681 366 2728 publicae
399 2681 630 2716 videbantur
663 2681 884 2726 suscepisse,
919 2681 984 2725 qui
1010 2680 1171 2714 Marium
1207 2679 1321 2712 illum
1358 2680 1456 2714 falso
1491 2679 1681 2714 creditum

192 2730 237 2764 de
263 2736 413 2764 senatus
440 2729 551 2765 caede
578 2730 808 2779 comitantem
834 2729 1069 2763 occidissent
1097 2728 1304 2763 MANUT.
1343 2748 1386 2754 —
1428 2727 1684 2762 Verumtamen
1747 2729 1754 2735 ”

192 2778 273 2816 scil,
302 2789 349 2813 ne
376 2778 490 2814 nimis
516 2761 645 2814 fidat!
667 2776 1072 2822 GRON01„Doch
1098 2783 1196 2819 trau,
1223 2776 1354 2820 schau,
1380 2775 1438 2814 W
1441 2775 1556 2812 em!“
1607 2776 1682 2810 Um
