1795 3086
227 95 322 144 332
521 99 582 141 M.
614 98 668 141 T.
701 96 1044 141 CICERONIS
1074 97 1446 143 EPISTOLAE.

161 215 190 254 2
226 213 363 263 metu,
391 210 537 252 fracto
566 210 730 262 animo,
761 210 927 265 fugisse
957 211 1210 252 Antonium.
1271 211 1364 261 Qui
1395 212 1434 252 si
1463 210 1527 252 ita
1556 225 1604 252 se
1635 209 1713 254 ha-

226 269 316 319 bet,
358 271 420 312 ut,
457 266 829 320 quemadmodum
867 266 1100 308 audiebam
1143 267 1198 308 de
1240 267 1478 318 Graeceio,
1528 267 1714 322 confligi

223 337 324 365 cum
355 336 407 362 eo
436 322 531 362 sine
559 322 761 376 periculo
791 336 878 363 non
907 324 1074 376 possit:
1120 337 1207 363 non
1239 323 1320 363 ille
1349 322 1460 362 mihi
1489 322 1660 376 fugisse
1690 336 1713 363 a

224 377 397 419 Mutina
427 377 623 429 videtur,
653 377 734 418 sed
763 377 910 420 locum
940 379 1048 418 belli
1078 379 1266 433 gerendi
1289 382 1495 419 mutasse.
1556 378 1714 432 Itaque

222 433 427 476 homines
457 433 538 474 alii
569 433 680 475 sacti
709 436 833 474 sunt:
884 435 1087 474 nonnulli
1128 435 1261 476 etiam
1301 436 1558 488 queruntur,
1595 434 1713 486 quod

222 488 446 544 persecuti
475 502 563 530 non
594 489 716 530 sitis:
747 489 938 543 opprimi
967 491 1177 543 potuisse,
1207 491 1246 531 si
1277 491 1487 531 celeritas
1508 488 1713 530 adhibita

221 549 359 590 esset,
388 545 666 586 existimant.
747 544 940 585 Omnino
971 549 1039 586 est
1088 545 1176 586 hoc
1221 546 1375 600 populi
1428 545 1712 599 maximeque

220 601 384 653 nostri,
422 600 469 641 in
506 614 560 641 eo
588 599 868 655 potissimum
912 600 1034 641 abuti
1075 600 1300 653 libertate,
1337 615 1418 657 per
1460 614 1590 655 quem
1617 614 1711 640 eam

222 660 486 699 consecutus
525 657 600 698 sit.
679 656 767 698 Sed
816 660 963 697 tamen
1002 657 1329 710 providendum
1370 660 1452 709 est,
1506 670 1561 696 ne
1598 669 1712 709 quae

222 713 344 754 iusta
370 713 554 767 querela
592 725 687 754 esse
728 712 882 766 possit.
940 710 1033 752 Res
1072 724 1120 752 se
1160 713 1227 753 sic
1266 712 1423 753 habet:
1471 712 1509 753 is
1549 712 1711 752 bellum

223 768 481 820 confecerit,
510 768 587 823 qui
615 767 859 809 Antonium
889 767 1173 822 oppresserit.
1223 768 1325 808 Hoc
1353 782 1484 822 quum
1515 767 1604 809 vim
1634 768 1714 810 ha=

222 826 342 876 beat,
373 827 418 866 te
448 823 704 866 existimare
733 825 851 865 malo
883 837 1014 879 quam
1043 836 1112 865 me
1141 824 1337 878 apertius
1365 823 1578 871 scribere.>

350 1025 669 1067 EPISTOLA
700 1025 1105 1068 DCCCXXXIV.
1165 1025 1241 1078 (ad
1272 1026 1377 1068 Div.
1407 1024 1465 1066 X.
1494 1025 1582 1075 33.)

254 1100 339 1135 Ser.
366 1101 406 1134 in
432 1101 617 1145 Hispania
642 1101 828 1135 ulteriore
855 1112 985 1134 mense
1011 1101 1108 1134 Maio
1134 1100 1177 1135 A.
1206 1102 1251 1135 U.
1279 1101 1318 1135 c.
1347 1102 1428 1135 711.
1455 1101 1504 1141 (a.
1532 1100 1571 1134 c,
1599 1100 1673 1140 4323·

219 1168 406 1214 Deplorat
430 1173 624 1212 acceptam
661 1167 810 1213 proelio
835 1167 1041 1202 Mutinensi
1075 1168 1133 1201 rei
1160 1167 1331 1213 publicae
1363 1167 1616 1200 calamitatem
1650 1179 1706 1201 ξολ

331 1227 404 1261 que
427 1216 617 1250 communi
644 1216 822 1250 incendio
850 1227 1055 1250 occurrere
1082 1223 1253 1262 paratum
1280 1215 1458 1250 ostendit.
1486 1217 1587 1250 1—5.

686 1287 858 1322 POLLIO
883 1288 1120 1324 CICERONI
1147 1287 1184 1322 S.
1214 1290 1252 1323 P.

332 1355 376 1397 S.
408 1356 464 1397 V.
495 1355 546 1397 B.
586 1355 637 1396 E.
668 1355 721 1396 Ε.
764 1354 819 1405 Q.
861 1355 918 1395 V.
979 1355 1082 1405 Quo
1121 1355 1294 1396 tardius
1343 1355 1513 1396 certior
1551 1355 1706 1396 fierem

221 1412 278 1454 de
316 1412 503 1467 proeliis
542 1411 658 1466 apud
696 1410 919 1451 Mutinam
969 1410 1119 1462 factis,
1170 1411 1371 1465 Lepidus
1415 1411 1580 1463 effecit,
1627 1411 1705 1466 qui

218 1482 343 1510 meos
373 1468 634 1509 tabellarios
662 1480 820 1508 novem
850 1466 945 1507 dies
978 1466 1186 1516 retinuit3
1227 1467 1404 1508 tametsi
1434 1471 1602 1508 tantam
1633 1481 1703 1508 ca-

218 1525 465 1564 lamitatem
496 1524 563 1564 rei
593 1524 800 1578 publicae
830 1536 959 1576 quam
989 1522 1247 1563 tardissime
1277 1523 1434 1564 audire
1464 1523 1704 1577 optandum

219 1584 314 1628 est3
345 1580 423 1621 sed
453 1579 566 1631 illis,
598 1578 675 1633 qui
712 1578 926 1632 prodesse
965 1578 1080 1619 nihil
1118 1583 1302 1633 possunt
1338 1593 1479 1633 neque
1518 1579 1702 1619 mederi.=

218 1635 366 1691 Atque
397 1636 567 1676 utinam
605 1635 761 1676 eodem
798 1638 977 1675 senatus
1017 1635 1233 1680 consulto,
1281 1649 1368 1689 quo
1409 1636 1628 1676 Plancum
1660 1640 1702 1676 ct

217 1692 440 1747 Lepidum
471 1692 518 1731 in
547 1691 732 1732 Italiam
761 1690 1028 1743 arcessistis,
1057 1705 1125 1731 me
1155 1704 1329 1745 quoque
1358 1691 1599 1732 iussissetis
1628 1705 1702 1733 ve-

217 1749 336 1791 nire!
385 1747 587 1803 profecto
637 1761 724 1788 non
772 1747 1018 1801 accepisset
1066 1760 1137 1788 res
1181 1748 1361 1801 publica
1399 1747 1487 1788 hoc
1534 1747 1702 1788 vulnus.

218 1806 322 1855 Quo
379 1805 419 1845 si
476 1805 555 1858 qui
614 1804 841 1844 laetantur
891 1803 939 1843 in
995 1804 1268 1858 praesentia,
1335 1804 1440 1857 quia
1495 1803 1704 1845 videntur

217 1866 264 1902 et
294 1861 430 1901 duces
471 1864 517 1901 et
554 1859 756 1901 veterani
786 1860 996 1900 Caesaris
1038 1858 1231 1915 partium
1275 1858 1514 1905 interiisse,
1555 1862 1702 1900 tamen

216 1917 453 1972 postmodo
482 1930 662 1957 necesse
703 1919 771 1956 est
813 1914 1004 1962 doleant,
1055 1930 1188 1969 quum
1235 1916 1491 1957 vastitatem
1540 1914 1702 1955 Italiac

217 1972 504 2028 respexerint.
561 1972 677 2013 Nam
707 1976 751 2013 et
792 1973 928 2012 robur
967 1976 1012 2012 ct
1050 1973 1228 2012 suboles
1267 1971 1462 2012 militum
1502 1970 1702 2020 interiit3

216 2029 257 2071 si
304 2029 499 2084 quidem,
548 2042 661 2084 quae
713 2027 985 2081 nuntiantur,
1030 2028 1123 2068 ulla
1172 2041 1230 2068 ex
1271 2032 1399 2081 parte
1437 2041 1546 2069 vera
1585 2031 1699 2067 suntv

310 2159 344 2194 2.
393 2158 574 2201 persecuti
598 2168 668 2190 non
695 2156 777 2190 sitis
803 2156 1023 2191 Antonium.
1051 2175 1097 2181 -
1125 2155 1291 2198 Omnino,
1319 2155 1440 2188 allein
1467 2155 1519 2188 im
1546 2156 1700 2189 Ganzen

214 2216 444 2255 genommen
471 2206 522 2239 ist
554 2217 591 2239 es
616 2205 701 2239 dem
728 2205 849 2239 Volke
883 2205 960 2238 und
994 2216 1063 2238 vor
1097 2205 1197 2237 allen
1230 2204 1313 2236 dem
1353 2202 1543 2250 uns'rigen
1576 2204 1698 2251 eigen*

216 2275 259 2279 —-
283 2254 543 2298 providendum
568 2253 616 2286 sit
648 2254 745 2287 vict.
774 2256 807 2288 1.
850 2264 869 2285 e
903 2253 1034 2298 script.
1082 2252 1154 2285 Md.
1192 2252 1290 2284 Viet.
1316 2253 1350 2286 2.
1398 2252 1699 2295 providendumst.

212 2301 409 2337 ORELLI.
437 2320 477 2326 —
506 2302 587 2334 Hoc
612 2313 717 2345 quam
743 2301 814 2334 rim
840 2300 981 2342 habeat,
1015 2300 1090 2333 wie
1115 2299 1201 2334 Viel
1228 2299 1345 2333 damit
1371 2300 1597 2347 augedeutet
1622 2301 1698 2343 sei3

211 2352 352 2387 welch*
377 2349 440 2384 ein
466 2349 559 2383 Sinn
586 2349 695 2383 dax-in
723 2350 836 2398 liege.
864 2368 906 2374 —
935 2349 1162 2391 existimare,
1191 2358 1397 2382 ermessen.

356 2422 551 2460 POLLIO,
592 2421 629 2456 S.
656 2434 705 2456 zu
731 2433 790 2468 ep.
817 2423 899 2457 799.
927 2421 980 2454 im
1006 2422 1094 2456 Ans.

309 2493 342 2525 1.
395 2491 472 2525 Quo
497 2489 640 2523 tardius
664 2502 713 2520 z:
738 2495 780 2521 ut
807 2499 848 2522 eo
873 2488 1030 2529 tardius,
1057 2488 1137 2521 dass
1164 2487 1229 2521 ich
1256 2494 1334 2522 erst
1360 2498 1400 2522 so
1423 2489 1514 2533 sp'ait.
1543 2507 1585 2513 —-
1614 2490 1699 2532 effe-

211 2540 274 2583 cit,
299 2539 414 2572 ‹lar-an
442 2539 490 2572 ist
516 2537 680 2582 Lepidus
707 2536 863 2570 Schuld.
898 2556 945 2561 —
980 2547 1087 2581 quam
1113 2537 1224 2577 ἰατά,
1264 2548 1304 2570 so
1330 2539 1411 2582 sp'a't
1436 2537 1490 2571 als
1516 2538 1697 2586 moglich.

213 2607 253 2614 —
284 2589 480 2621 laetantur.
527 2585 655 2621 Wohl
681 2586 741 2619 ein
768 2585 964 2632 gelieimer
990 2584 1099 2618 Stich
1125 2586 1189 2618 fur
1213 2585 1367 2619 Cicero!
1412 2603 1454 2608 —
1494 2587 1697 2629 postmodo,

210 2635 468 2673 hinterdrein,
509 2636 649 2679 spiiter.
700 2633 762 2667 Sic
799 2634 873 2666 Md.
907 2635 1037 2679 Margo
1071 2633 1170 2669 Crat.
1203 2635 1428 2676 postmodum
1462 2633 1556 2666 Cett.
1593 2636 1695 2674 (Mox

210 2685 352 2718 suboles
376 2684 564 2729 scriptura
591 2689 648 2716 est
672 2681 781 2724 Md).
819 2682 1014 2714 ORELLI.
1067 2699 1109 2704 —-
1158 2682 1314 2723 suboles,
1346 2681 1416 2714 der
1439 2682 1694 2723 Nachwuchs,

211 2735 368 2767 tirones.
421 2750 464 2756 -—
515 2732 593 2765 ulla
619 2742 661 2764 ez
685 2735 802 2775 parte,
839 2731 890 2761 im
918 2729 1140 2763 Mindesten.
1184 2731 1396 2762 nuntiantur
1419 2729 1487 2762 illa
1513 2741 1555 2762 ez
1578 2734 1697 2773 parte.

211 2792 301 2815 cera
326 2785 407 2814 sunt
431 2780 529 2816 coni.
558 2780 689 2814 Dresd.
715 2785 802 2813 tert.
826 2778 998 2814 VVeiskc.
1040 2776 1113 2812 Sed
1139 2779 1209 2812 cfr,
1237 2777 1357 2813 Rostii
1391 2788 1484 2821 spec.
1512 2780 1543 2811 4.
1571 2790 1610 2823 p.
1642 2781 1695 2813 10.
