1795 3086
209 60 293 105 172
470 62 533 102 M.
567 61 622 103 T.
654 56 991 103 CICERONIS
1020 60 1388 104 EPISTOLAE.

201 187 302 215 cere
332 187 430 215 eum
460 177 503 214 et
531 172 753 226 agripetas
783 172 948 213 eiectos
980 186 1005 212 a
1032 171 1299 213 Buthrotiis.
1360 171 1528 215 Macte!
1574 173 1661 216 Sed

200 231 352 271 amabo
381 233 440 279 tc,
469 230 696 282 perscribe
724 227 836 268 mihi
866 233 1007 269 totum
1037 229 1277 283 negotium.

345 441 658 486 EPISTOLA
686 441 1011 485 DCCXLVII.
1072 443 1147 494 (ad
1176 443 1281 484 Div.
1310 443 1395 484 XI.
1428 444 1515 493 29.)

339 522 419 557 Sor.
446 522 556 557 initio
582 522 721 556 mensis
747 521 942 564 Quintilis.
969 522 1012 556 A.
1038 523 1082 557 U.
1112 522 1151 556 C.
1179 524 1258 558 710.
1299 524 1349 564 (a.
1378 523 1418 557 C.
1445 525 1523 566 11⁴1.)

292 595 529 628 Profecturus
557 595 595 627 in
623 593 819 628 Graeciam
847 604 906 626 res
933 605 1013 627 suas
1041 593 1161 638 Oppio
1187 594 1430 629 commendat.
1468 597 1570 630 1-3.

693 664 867 699 CICERO
895 664 1029 698 OPPIO
1056 664 1092 698 S.
1120 666 1166 701 D.

302 738 539 780 Dubitanti
579 737 692 778 mihi
732 760 785 769 —
823 737 942 792 quod
979 737 1066 778 scit
1092 737 1268 779 Atticus
1305 741 1473 789 noster,
1514 763 1564 769 —
1604 739 1658 780 dc

192 794 280 835 hoc
309 799 402 835 toto
433 794 624 835 consilio
654 793 959 848 profectionis,
998 793 1117 847 quod
1156 793 1202 833 in
1230 797 1459 848 utramque
1489 797 1658 848 partem

193 849 237 890 in
266 855 458 891 mentem
487 850 625 890 multa
653 850 906 899 veniebant,
945 862 1152 902 magnum
1182 849 1351 904 pondus
1383 850 1572 890 accessit
1601 849 1657 890 ad

190 906 435 947 tollendam
481 906 801 946 dubitationem
856 903 1073 945 iudicium
1127 908 1172 944 et
1229 903 1462 946 consilium
1522 908 1656 944 tuum.

189 961 304 1002 Nam
333 966 377 1003 et
405 961 624 1015 scripsisti
655 965 820 1016 aperte,
859 960 966 1014 quid
1004 959 1089 1000 tibi
1126 959 1370 1012 videretur,
1411 964 1454 1001 et
1481 960 1658 1001 Atticus

187 1018 245 1058 ad
275 1032 345 1059 me
374 1030 621 1058 sermonem
650 1022 773 1058 tuum
802 1016 1000 1069 pertulit.
1066 1014 1248 1070 Semper
1292 1015 1491 1058 iudicavi
1530 1017 1577 1055 in
1616 1019 1660 1056 te

188 1075 308 1114 etin
338 1073 555 1126 capiendo
595 1072 782 1112 consilio
821 1069 1105 1125 prudentiam
1142 1084 1355 1112 summam
1392 1085 1488 1112 esse
1527 1075 1572 1112 et
1610 1071 1657 1110 in

189 1129 336 1169 dando
363 1127 521 1168 fidem:
562 1129 843 1181 maximeque
878 1140 974 1168 sum
1003 1130 1229 1180 expertus,
1266 1141 1400 1181 quum
1430 1126 1562 1167 initio
1593 1127 1657 1166 ci—

187 1184 295 1225 vilis
325 1183 435 1224 belli
464 1197 543 1238 per
572 1183 727 1224 literas
751 1187 796 1224 te
825 1181 1159 1234 consuluissem⁷
1199 1183 1309 1237 quid
1346 1181 1462 1222 mihi
1490 1180 1655 1222 facien-

186 1241 292 1280 dum
320 1253 415 1281 esse
446 1253 673 1280 censeres:
713 1238 959 1279 eundumne
989 1238 1045 1278 ad
1074 1238 1352 1292 Pompeium,
1390 1251 1445 1278 an
1481 1251 1657 1278 manen-

187 1296 291 1336 dum
320 1296 368 1335 in
397 1294 544 1335 Italia.
603 1293 818 1345 Suasisti‚
859 1298 908 1335 ut
949 1294 1224 1334 consulerem
1261 1292 1473 1347 dignitati
1511 1306 1656 1334 meae:

187 1365 245 1392 ex
276 1365 376 1408 quo,
416 1350 525 1404 quid
565 1351 766 1401 sentires,
807 1350 1006 1390 intellexi
1046 1354 1091 1390 et
1119 1363 1214 1390 sum
1244 1348 1489 1390 admiratus
1518 1349 1653 1389 fidem

185 1411 306 1447 tuam
335 1411 380 1447 et
407 1405 453 1446 in
484 1407 676 1447 consilio
705 1405 854 1446 dando
884 1405 1170 1460 religionem3
1206 1405 1340 1459 quod,
1370 1418 1503 1459 quum
1533 1404 1655 1446 aliud

188 1463 322 1503 malle
351 1461 668 1503 amicissimum
696 1464 818 1502 tuum
847 1464 1041 1515 putares,
1082 1462 1309 1515 antiquius
1337 1460 1423 1501 tibi
1452 1461 1655 1501 officium

185 1532 345 1571 meum,
374 1531 506 1572 quam
536 1518 659 1558 illius
689 1517 896 1560 voluntas
926 1516 1025 1557 fuit.
1092 1516 1312 1570 Equidem
1351 1519 1396 1557 et
1437 1519 1538 1556 ante
1567 1515 1655 1556 hoc

185 1579 356 1629 tempus
387 1579 431 1615 te
462 1573 609 1614 dilexi
640 1576 685 1614 et
705 1586 879 1628 semper
906 1586 975 1613 me
999 1585 1024 1612 a
1042 1575 1084 1613 te
1104 1572 1239 1627 diligi
1261 1571 1394 1613 sensi.
1442 1571 1503 1613 Et
1523 1585 1653 1626 quum

185 1757 245 1780 am
272 1745 435 1780 liebsten
459 1756 533 1779 aus.
570 1763 613 1769 —
649 1744 854 1788 agripetas,
881 1743 954 1787 die,
981 1742 1129 1778 welche
1155 1743 1221 1776 auf
1243 1742 1304 1775 die
1330 1741 1563 1775 Landereien
1589 1740 1655 1775 der

186 1794 391 1828 Buthroter
416 1793 561 1827 liistern
585 1794 727 1827 w'ziren.
755 1812 792 1818 —
826 1792 965 1826 eiectos.
1012 1793 1102 1826 Dass
1130 1791 1223 1824 diess
1242 1790 1413 1824 Geriicht
1436 1789 1561 1823 falsch
1587 1801 1653 1838 ge-

186 1853 313 1876 wesen
338 1842 405 1881 sei,
433 1841 559 1889 erg-ibt
585 1840 669 1875 sich
695 1852 757 1875 aus
783 1840 867 1875 dem
891 1842 970 1876 751.
994 1839 1185 1874 Briefe.-
1213 1838 1359 1873 Macte!
1383 1838 1436 1871 sei
1454 1840 1651 1886 gesegnet!

183 1890 313 1924 Gliick
337 1891 402 1922 auf
426 1889 537 1923 dazu!

283 1958 439 1991 OPPIO.
491 1957 530 1990 C.
558 1956 698 2004 Oppius
731 1956 835 1992 hatte
871 1968 908 1990 es
940 1956 994 1989 im
1018 1952 1297 2003 Biirgerkriege
1332 1955 1404 1989 mit
1429 1955 1513 1989 dem
1540 1958 1653 1993 C‘zisar

184 2005 366 2053 gehalten
391 2004 466 2038 und
490 2017 574 2040 war
598 2007 718 2053 Legat
744 2005 937 2039 desselben
962 2005 1002 2037 in
1027 2004 1156 2037 Africa
1183 2014 1368 2050 gewesen.
1405 2003 1441 2038 S.
1470 2005 1577 2040 Auct.
1606 2007 1651 2043 de

184 2056 223 2088 Β.
250 2054 368 2088 Afric.
395 2064 425 2087 c.
453 2055 508 2088 68.
534 2053 579 2086 ad
604 2053 720 2088 Attio.
747 2053 811 2096 lx,
836 2055 868 2088 8.
894 2052 1047 2099 Beilage
1074 2051 1115 2085 C.
1144 2052 1259 2094 (347).

282 2104 312 2135 1.
335 2102 494 2145 profect.
522 2101 562 2133 in
587 2101 797 2136 Graeciam.
827 2100 911 2135 Vid.
937 2099 983 2133 ad
1007 2099 1156 2134 Divers.
1183 2099 1267 2142 XII,
1291 2100 1349 2135 25.
1374 2099 1418 2141 X,
1448 2102 1478 2135 1.
1513 2115 1560 2126 ·-
1611 2103 1651 2136 in

182 2155 375 2193 utramque
406 2152 573 2192 partem,
604 2157 734 2183 utrum
767 2155 864 2183 esset
900 2146 1214 2193 proficiscendum
1251 2159 1298 2180 an
1329 2148 1567 2183 manendum.
1606 2170 1648 2176 -

179 2198 329 2243 pondus,
368 2203 614 2237 momentum,
648 2197 801 2230 accessit
834 2196 858 2228 i.
884 2207 914 2228 e.
950 2201 1014 2228 tuo
1040 2194 1181 2228 iudicio
1216 2201 1253 2228 et
1278 2195 1437 2229 consilio
1462 2196 1560 2229 mihi
1587 2209 1649 2231 ex-

183 2245 332 2279 cussisti
353 2255 502 2279 omnem
526 2244 794 2279 dubitationem
820 2253 1020 2286 meumque
1045 2242 1209 2275 animum
1227 2243 1469 2280 confirmasti,
1498 2263 1540 2268 —
1563 2257 1650 2289 per-

184 2294 267 2327 tulit
292 2293 316 2328 i.
346 2304 375 2326 e.
405 2304 449 2326 ex
475 2291 599 2326 Attico
624 2295 755 2336 accepi
779 2298 882 2325 tuam
910 2290 1144 2324 sententiam.
1179 2309 1223 2314 —
1272 2291 1310 2323 in
1336 2302 1417 2334 cap.
1445 2303 1540 2326 cons.
1567 2294 1591 2327 i.
1619 2306 1648 2327 e.

184 2343 225 2376 in
250 2339 508 2375 consultando.
555 2359 598 2364 -—
647 2341 872 2384 mazimeque
895 2338 934 2371 id
959 2349 1036 2371 sum
1062 2349 1141 2382 exp.
1181 2358 1224 2364 --
1273 2339 1405 2381 dignit.
1431 2342 1651 2384 praestando

184 2389 357 2426 officium
390 2387 565 2433 Pompeio
599 2387 779 2422 debitum.
830 2406 873 2411 —
917 2385 1043 2426 fidem,
1080 2386 1350 2428 integritatem,
1393 2387 1649 2423 Redlichkeit.

185 2438 252 2472 Als
277 2438 497 2472 Vertrauter
530 2435 594 2470 des
629 2435 758 2470 essars
797 2434 938 2469 konnte
975 2446 1018 2468 er
1042 2434 1126 2467 dem
1153 2434 1286 2468 Cicero
1320 2434 1428 2469 nicht
1454 2436 1648 2476 abrathen,

185 2487 314 2520 C'zisars
338 2484 468 2519 Fahne
493 2495 542 2517 zu
566 2484 711 2530 folgen,
734 2482 810 2516 und
834 2482 1005 2530 dag-egen
1029 2482 1082 2516 als
1108 2481 1419 2529 gewisserhafter
1438 2485 1547 2517 Mann
1574 2484 1649 2517 und

184 2533 339 2568 Freund
363 2532 446 2566 ihm
472 2531 581 2565 nicht
605 2530 801 2573 zurathen,
828 2530 951 2564 durch
966 2530 1194 2577 Verlassung
1219 2530 1282 2563 des
1295 2530 1491 2576 Pompeius
1520 2532 1648 2565 seinen

186 2581 399 2616 Charakter
438 2579 673 2614 zweifelhaft
706 2591 753 2612 zu
784 2579 954 2612 machen.
1006 2596 1048 2602 -—
1098 2588 1200 2621 quum
1236 2592 1284 2609 z:
1318 2580 1557 2627 ungeachtet.
1605 2598 1647 2604 —

185 2630 292 2663 amic.
319 2633 358 2670 t.‚
393 2628 604 2669 Gaesarem,
638 2627 703 2671 qui
728 2627 769 2659 in
794 2627 918 2660 literis
945 2626 1141 2672 (epistolae
1167 2626 1213 2659 ad
1239 2626 1351 2661 Attio.
1379 2628 1448 2662 374
1483 2627 1649 2670 insertis)

187 2677 361 2711 Ciceroni
386 2676 556 2709 omnibus
582 2676 699 2709 modis
725 2675 951 2720 persuadere
977 2674 1160 2719 cupiebat.
1196 2680 1236 2707 ut
1268 2686 1286 2707 a
1323 2675 1430 2709 civili
1458 2675 1560 2709 bello
1585 2676 1648 2708 ab—

188 2732 283 2760 esset
309 2731 343 2760 et
369 2731 541 2759 neutram
567 2730 714 2769 partem
739 2729 970 2768 sequeretur.
999 2723 1103 2758 8011.
1134 2742 1173 2747 ——
1214 2723 1406 2768 antiquius,
1432 2722 1598 2758 theurcr.

1765 194 1773 393 Ἣ...
1764 143 1769 179 -.-
1763 0 1771 138 *uam-
