1795 3086
18 373 23 438 {1

16 463 22 562 ἓ

16 639 22 733 Ξ

14 738 21 822 ἑ,

491 68 801 113 EPISTULA
834 69 1181 112 DCCLXX1V‚
1487 67 1575 114 231

552 181 626 229 (ad
656 181 791 220 Attio.
820 179 950 219 XVI.
983 182 1045 222 13.
1079 180 1135 230 c.)

600 256 791 299 {CICERO
820 256 1000 290 ATTICO
1026 257 1079 299 S.]

221 321 362 359 Amh·
409 326 525 358 tuum
567 318 798 357 consilium
838 321 1064 370 exspecto.
1123 320 1300 371 Timeo,
1338 332 1390 358 ne
1420 318 1574 364 absim,

112 390 240 430 quum
272 376 427 415 adesse
456 387 523 413 nic
553 374 611 413 sit
641 372 893 413 honestius:
934 376 1097 412 temere
1127 374 1278 415 venire
1306 388 1392 415 non
1421 372 1574 413 audeo.

115 433 183 472 Dc
214 430 397 470 Antonii
431 429 663 469 itineribus
695 427 845 468 nescio
875 427 981 481 quid
1014 427 1146 468 aliter
1175 430 1323 481 audio,
1363 432 1496 482 atque
1526 430 1576 467 ut

114 487 170 527 ud
202 491 243 527 tc
273 486 529 526 scribebam.
588 483 748 524 Omnia
779 483 917 535 igitur
947 483 1080 523 velim
1110 484 1308 537 explices
1346 488 1391 525 et
1420 483 1476 524 ad
1506 496 1573 522 me

114 547 234 581 certa
265 543 426 580 mittas.
486 539 553 579 Dc
594 539 762 593 reliquo
801 538 909 592 quid
952 537 1033 578 tibi
1078 552 1160 592 ego
1198 538 1369 579 dicam?
1427 538 1574 578 Ardeo

113 598 261 637 studio
293 595 507 636 historiae
540 617 588 623 -—-
620 594 950 634 incredibiliter
978 592 1094 633 enim
1125 607 1193 633 me
1223 598 1470 634 commovet
1498 597 1574 634 tua

113 652 364 693 cohortatio
396 670 447 677 —-
490 663 603 702 quae
632 649 813 703 quidem
844 663 925 689 nec
955 648 1128 688 institui
1169 662 1250 689 nec
1279 649 1400 689 ess'ici
1434 653 1576 703 potest

113 710 208 748 sine
239 711 313 747 tua
341 720 435 759 ope.
495 706 655 745 Coram
686 706 829 759 igitur
857 704 944 745 hoc
972 703 1151 758 quidem
1175 703 1467 744 conferemus.
1523 705 1576 743 ln

112 763 363 816 praesentia
393 761 503 801 mihi
535 761 671 800 velim
701 760 888 811 scribas,
917 761 1072 815 quibus
1104 760 1359 800 consulibus
1390 759 1440 799 C.
1463 759 1575 800 Fan—

110 819 209 858 nius
239 817 300 857 M.
330 818 381 858 F.
413 817 614 857 tribunus
645 816 704 869 pl.
736 815 886 855 suerit.
957 815 1133 855 Videor
1169 814 1278 856 mihi
1317 815 1492 856 audisse
1522 815 1573 855 Pv

114 873 340 918 Africano,
370 872 421 912 L.
453 871 667 911 Mummio
697 871 964 911 censoribus.
1023 869 1077 911 Id
1107 871 1249 924 igitur
1271 884 1448 925 quaero.
1505 871 1579 911 Tu

112 928 222 968 mihi
260 928 315 968 de
355 929 411 968 iis
451 928 594 976 rebus,
634 938 745 980 quae
782 930 1027 978 novantur,
1067 926 1217 967 onmia
1257 931 1402 979 certa,
1444 926 1577 967 clara„

112 999 172 1024 ιιι.
203 984 271 1024 Id.
304 997 361 1024 ex
391 981 610 1036 Arpinati.

110 1101 238 1139 suerit,
262 1105 341 1132 tum
367 1098 478 1133 latius
506 1097 669 1132 manabit
695 1099 888 1145 negotium
923 1105 960 1133 et
994 1099 1040 1132 ad
1074 1111 1140 1134 nos
1167 1111 1315 1144 quoque
1347 1098 1466 1146 magis
1493 1109 1578 1142 per-

111 1148 257 1183 tinebit.
283 1147 391 1182 SCH.
444 1165 486 1172 —
537 1146 771 1180 communiter
806 1146 1114 1188 deliberabimus,
1150 1148 1240 1193 quid
1266 1147 1372 1182 nobis
1394 1146 1579 1195 agendum

113 1202 172 1231 sit.

208 1246 237 1277 l.
292 1242 419 1276 Aside.
470 1243 593 1275 Novae
621 1242 800 1286 epistolae
826 1242 978 1276 initium
1004 1242 1097 1277 hinc
1122 1243 1265 1277 faciunt
1290 1243 1379 1277 Gdd.
1415 1240 1515 1276 Bosii
1542 1240 1582 1272 in

114 1291 205 1324 Add.
232 1297 267 1324 ct
293 1291 393 1324 Crat.
424 1290 498 1323 OR.
526 1308 569 1313 —
622 1291 755 1331 Timeo,
781 1300 823 1322 ne
848 1291 974 1329 absim,
999 1291 1062 1323 ich
1089 1291 1224 1324 scheue
1251 1291 1355 1324 mich
1380 1287 1582 1323 abwesend

111 1351 158 1372 zu
185 1339 282 1380 sein3
308 1337 475 1371 n'cimlich
501 1349 572 1371 von
598 1337 704 1372 Rom.
730 1356 775 1362 —-
802 1342 945 1380 temere,
971 1339 1066 1372 auf’s
1092 1338 1379 1373 Gen-athewohl.
1423 1337 1487 1371 Sic
1514 1335 1580 1369 Cd.

111 1388 194 1420 Bos.
229 1386 269 1418 in
293 1385 384 1419 Add.
422 1385 550 1418 hamb.
585 1386 708 1419 timere
738 1384 811 1418 Md.
856 1385 930 1419 Sed
955 1387 1083 1420 timere
1105 1386 1205 1420 linea
1229 1392 1407 1420 notatum.
1436 1385 1511 1418 OR.
1540 1402 1583 1408 —

111 1439 217 1477 atque
242 1437 291 1467 ut.
335 1433 397 1468 Sic
423 1433 496 1467 Md.
531 1433 614 1467 Asc.
644 1435 674 1467 l.
710 1433 813 1468 Crat.
849 1434 945 1468 Vict.
972 1436 1005 1468 1.
1032 1436 1063 1470 2.
1099 1436 1196 1468 Man.
1229 1433 1337 1479 prob.
1364 1431 1512 1466 Handio
1538 1431 1584 1463 ad

116 1482 309 1525 IVopkerzs.
338 1492 373 1525 p.
404 1483 471 1515 119
508 1488 545 1515 et
581 1480 738 1515 Tursell.
772 1494 807 1526 p.
829 1481 909 1516 471.
938 1492 1011 1516 om.
1038 1486 1077 1515 ut
1102 1482 1227 1516 hamb.
1256 1483 1334 1516 Bos.
1361 1480 1473 1525 Seqq.
1508 1480 1579 1513 ΟΒ.

112 1529 195 1574 Vgl.
222 1530 344 1562 Moser
370 1541 416 1561 zu
443 1528 594 1562 Tuscul.
625 1529 693 1570 111,
718 1530 777 1569 30,
804 1531 861 1563 73.
891 1549 932 1554 —
958 1530 1158 1563 scribebam
1184 1541 1241 1576 ep.
1269 1531 1349 1569 768,
1376 1530 1409 1565 2.
1438 1547 1480 1553 —
1518 1538 1581 1561 ‘’I‘-

109 1578 212 1620 plia,
237 1576 351 1609 suche
371 1576 497 1610 Allem
523 1577 589 1610 auf
612 1576 684 1610 den
701 1575 835 1609 Grund
862 1589 908 1610 zu
934 1577 1123 1612 kommen.

207 1626 241 1659 2.
293 1624 349 1656 De
378 1625 528 1667 reliquo,
557 1624 651 1658 iiber
676 1624 747 1656 den
773 1623 927 1658 Schluss
954 1626 1090 1659 Deines
1114 1625 1249 1659 Briefs.
1288 1643 1328 1649 —
1379 1621 1498 1657 studio
1526 1621 1582 1656 102*-

110 1671 264 1712 storiae,
290 1682 361 1705 vor
383 1671 568 1718 Begierde
595 1672 656 1706 ein
681 1671 929 1705 historisches
950 1673 1080 1708 Werk
1105 1685 1152 1707 zu
1178 1672 1316 1707 Stande
1340 1684 1388 1706 zu
1409 1671 1494 1705 brin
1525 1682 1581 1704 en.

113 1720 201 1755 Sein
215 1719 296 1753 Tod
322 1719 435 1752 kaum
461 1719 689 1754 12Monathe
713 1731 787 1754 von
813 1719 907 1754 ietzt
932 1720 1109 1755 hinderte
1134 1721 1204 1754 ihn
1230 1721 1355 1755 daran.
1383 1738 1425 1744 —
1452 1729 1582 1752 cotor-

111 1768 217 1810 tatio,
242 1766 318 1800 wie
342 1767 388 1800 de
409 1767 524 1814 Legg.
550 1768 580 1809 Ι,
599 1769 630 1803 2.
658 1786 699 1790 -
725 1767 878 1810 institui,
903 1768 1094 1817 ang-elegt,
1121 1768 1236 1811 effici,
1262 1766 1457 1801 vollendet
1482 1777 1583 1800 wer-

110 1815 193 1849 den.
228 1834 270 1839 —
322 1815 478 1856 constr„
504 1815 579 1848 wir
602 1815 748 1850 wollen
775 1814 1023 1860 besprechen.
1058 1834 1100 1840 -—
1151 1816 1279 1860 quibus
1304 1814 1510 1849 consulibus
1533 1828 1582 1845 z

111 1874 184 1907 quo
209 1873 317 1896 anno.
344 1862 427 1897 Vid.
454 1862 563 1909 Pigh.
591 1864 725 1896 Αηηαί.
754 1875 784 1896 a.
811 1875 846 1896 u.
873 1874 903 1896 c.
930 1865 998 1898 611
1024 1875 1060 1909 p.
1085 1865 1164 1899 477.
1193 1882 1234 1889 -
1275 1863 1316 1897 C.
1344 1862 1502 1897 Fannius
1527 1862 1579 1895 Μ,

112 1912 151 1944 κ’.
177 1911 224 1944 ist
248 1909 359 1943 nicht
385 1922 431 1943 zu
457 1910 721 1944 verwechseln
757 1910 827 1945 mit
863 1911 904 1945 C.
932 1911 1095 1945 Fannius
1122 1912 1162 1946 C.
1188 1912 1242 1954 R,
1273 1911 1344 1944 der
1368 1909 1467 1943 nach
1500 1910 1583 1942 frii-

111 1958 208 1992 hern
235 1958 388 1991 Briefen
414 1958 468 1991 als
495 1958 770 1993 Befeblshaber
795 1958 891 1992 nach
918 1958 1077 1993 Sicilien
1102 1958 1301 2007 geschickt
1327 1957 1472 1993 wurde.
1525 1957 1582 1990 Ie‘

109 2017 192 2047 ner,
227 2005 389 2040 wonach
423 2006 554 2040 Cicero
587 2007 702 2054 fragt,
741 2006 801 2041 ein
827 2006 1113 2040 Tochtermann
1148 2007 1213 2042 des
1240 2007 1280 2044 C.
1306 2005 1468 2046 caelius,
1500 2015 1583 2039 war

111 2054 172 2087 ein
202 2064 241 2087 so
275 2053 533 2100 angesehener
566 2054 799 2097 Historiker‚
831 2054 912 2088 dass
947 2057 997 2089 M.
1032 2056 1168 2089 Brutus
1199 2066 1263 2088 aus
1297 2055 1421 2089 einem
1458 2053 1583 2087 seiner

110 2101 258 2136 Werke
291 2101 402 2135 einen
434 2102 588 2149 Auszug
620 2101 784 2136 machte.
843 2101 882 2137 S.
918 2113 975 2148 ep.
1009 2102 1055 2136 ad
1088 2102 1202 2137 Attic.
1234 2103 1297 2144 IV,
1332 2104 1387 2138 16.
1429 2102 1513 2142 XII,
1545 2101 1581 2136 5.

111 2150 214 2183 Brut.
240 2150 297 2184 26.
324 2161 359 2183 u.
381 2149 437 2184 21.
463 2162 499 2183 u.
526 2151 583 2186 87.
622 2150 722 2184 Orat.
751 2150 802 2191 11,
827 2151 884 2186 67.
919 2150 1073 2184 Tuscul.
1100 2151 1143 2190 V,
1171 2153 1224 2186 17.
1275 2151 1322 2185 de
1348 2151 1466 2197 Legg.
1490 2150 1522 2191 1,
1548 2150 1580 2184 2.

112 2216 155 2221 —
186 2196 406 2236 censoribus,
441 2197 561 2238 nicht,
593 2197 670 2232 wie
695 2197 836 2244 Einige
861 2198 997 2246 geben,
1034 2199 1254 2242 consulibus,
1292 2198 1391 2232 denn
1417 2197 1583 2232 Consuln

110 2255 239 2278 waren
263 2244 317 2278 sie
342 2244 450 2278 nicht
474 2244 664 2291 zugleich.
727 2246 898 2280 Permira
923 2257 1073 2291 semper
1098 2246 1172 2281 erit
1197 2246 1382 2291 quaestio,
1420 2245 1582 2289 „quibus

113 2291 327 2325 censoribus
353 2292 492 2338 aliquis
518 2293 635 2326 fuerit
659 2293 832 2327 tribunus
858 2293 1043 2339 plebis?“
1094 2294 1232 2328 Contra
1259 2294 1403 2328 audisse
1428 2293 1500 2327 sibi
1526 2291 1582 2325 vi-

112 2351 171 2372 sus
197 2345 278 2373 erat
303 2339 468 2383 Tullius,
501 2340 689 2374 Fannium
714 2341 907 2375 tribunum
934 2342 989 2387 pl.
1015 2342 1142 2377 nescio
1168 2343 1258 2388 quid
1283 2342 1403 2390 egisse
1428 2341 1467 2373 in
1493 2351 1581 2373 cen—

113 2397 199 2420 sura
223 2387 258 2420 P.
284 2387 466 2429 Africani,
492 2389 535 2421 L.
560 2388 751 2422 Mummii:
779 2389 993 2438 ambigebat
1017 2397 1157 2433 autem,
1182 2397 1309 2425 utrum
1336 2401 1365 2422 a.
1394 2401 1428 2422 u.
1454 2399 1486 2421 c.
1511 2388 1583 2422 610

112 2435 210 2472 (611.
243 2434 366 2477 Varr.)
408 2447 455 2468 an
493 2438 562 2472 611
599 2437 686 2478 (612
717 2436 869 2481 Varr.)?
924 2438 998 2472 ΟΒ.
1050 2439 1196 2484 Nempe
1229 2447 1407 2472 censurae
1433 2442 1582 2479 tempus

112 2481 246 2514 XVIII.
272 2483 457 2517 mensium
483 2483 691 2531 attingebat
724 2483 796 2519 duo
822 2485 1016 2519 consulum
1044 2487 1161 2531 paria.
1212 2486 1390 2520 Ceterum
1415 2485 1450 2517 Ρ.
1477 2482 1581 2517 Afri-

112 2539 222 2562 canus
257 2534 294 2562 et
325 2530 364 2562 1..
400 2532 599 2565 Mummius
634 2542 810 2566 censores
841 2533 1003 2567 lustrum
1038 2534 1286 2569 condiderunt
1321 2544 1351 2564 a.
1377 2543 1414 2565 u.
1439 2542 1471 2564 c.
1498 2532 1580 2566 611.

115 2595 154 2601 —
186 2577 228 2609 de
252 2576 311 2617 iis,
337 2577 410 2610 Md.
436 2578 518 2612 Asc.
546 2581 576 2613 1.
605 2579 705 2613 Crat.
730 2579 826 2613 Vict.
854 2582 884 2614 1.
910 2581 953 2615 de
978 2580 1043 2615 his.
1096 2601 1135 2607 —
1189 2591 1278 2625 quae
1301 2582 1494 2621 novantur,
1519 2578 1580 2612 die

114 2636 160 2657 zu
185 2623 258 2657 den
284 2635 406 2658 neuen
432 2625 762 2674 Umwandlungen
788 2627 969 2674 gehb'ren,
998 2647 1038 2654 -·
1066 2631 1173 2664 clara
1198 2628 1245 2663 ad
1270 2638 1331 2661 me
1356 2627 1508 2662 scribes.
1540 2645 1581 2652 -δ

117 2682 173 2705 ιιι.
202 2672 273 2714 ld„
298 2684 357 2706 am
386 2674 441 2708 11.
470 2674 697 2709 November.
