1795 3086
276 68 592 113 EPISTOLA
623 67 979 113 DCCXXVIII.
1011 69 1326 113 DCCXXIX.
1448 69 1536 116 143

64 180 173 223 nihil
210 180 360 225 datum
401 195 514 223 esses
559 180 641 221 tibi
683 193 764 234 pro
800 184 874 222 tua
909 185 1063 229 natura
1100 195 1273 237 semper
1314 182 1533 236 placuisse

18 263 21 276 ι
65 242 192 291 teque
220 237 494 279 existimasse
522 235 568 276 id
597 236 730 278 etiarn
758 235 815 277 ad
844 237 1101 291 dignitatem
1130 251 1271 279 meam
1300 238 1533 293 pertinere,

19 298 21 331 A
63 305 160 332 eum
188 305 274 334 non
303 294 436 335 modo
463 292 710 334 liberaliter
738 305 765 333 a
793 292 943 344 nobis,
987 294 1066 334 sed
1103 294 1234 335 etiam
1270 297 1425 335 ornate
1461 308 1535 334 cu-

20 354 22 392 l
62 348 310 404 mulateque
337 347 535 390 tractari.
602 348 754 398 Quare
781 347 914 389 velim
937 361 1069 398 *cures
1096 373 1149 379 ——
1177 363 1257 391 nec
1284 351 1367 392 tibi
1395 363 1536 392 essem

63 404 295 456 molestus,
332 405 372 446 si
408 418 486 459 per
521 403 654 444 alium
683 403 768 445 hoc
796 416 928 457 agere
955 416 1127 458 possem
1155 430 1209 436 —
1246 409 1293 447 ut
1320 409 1536 461 permute-

62 463 136 499 tur
172 460 384 512 Athenas,
422 459 538 515 quod
576 460 635 501 sit
672 460 719 501 in
757 472 947 500 annuum
985 463 1203 512 sumptum
1241 463 1294 502 ei.
1326 462 1537 504 ·Scilicet

62 514 179 556 Eros
209 516 466 557 numerabit.
523 514 635 556 Eius
665 516 731 557 rei
761 529 891 556 causa
921 515 1135 557 Tironem
1166 515 1278 556 misi.
1347 518 1535 560 Curabis

64 570 198 623 igitur
228 576 271 614 et
299 571 355 613 ad
383 586 473 624 me,
502 571 676 626 siquid
704 571 787 614 tibi
818 571 872 613 de
903 585 955 613 eo
985 571 1227 623 videbitur,
1256 574 1434 616 scribes.

21 793 24 856 ᾗ
207 793 524 837 EPISTOLA
560 793 873 836 DCCXXIX.
932 795 1010 845 (ad
1039 796 1130 836 Att.
1161 792 1271 837 XV.
1303 795 1389 843 17.)

20 860 24 895 i
60 865 139 902 Ser.
176 868 215 901 in
256 870 347 904 vina
390 869 436 903 ad
474 867 955 957 Lucrinum(xx(⁷311.¹⁴13al.
997 867 1155 910 Quintil.
1194 871 1238 903 A.
1276 869 1324 904 U.
1377 871 1418 906 C.
1452 872 1535 907 71⁰.

22 932 24 941 ι
706 927 737 948 a.
798 941 806 948 .
862 924 889 947 ’.

356 982 507 1016 Duabus
541 981 657 1016 Attici
691 982 859 1027 epistolis
896 983 1107 1028 respondet.
1143 986 1234 1020 1-2.

566 1049 747 1085 CICERO
781 1048 964 1085 ATTICO
991 1051 1026 1084 S.

22 1155 23 1159 ,
168 1116 292 1158 Duas
331 1116 483 1171 accepi
520 1116 739 1169 postridie
778 1116 910 1168 Idus,
949 1117 1131 1158 alteram
1171 1132 1223 1159 eo
1262 1119 1334 1160 die
1372 1120 1534 1173 datam,

22 1166 26 1200 ἶ
58 1174 239 1215 alteram
270 1172 434 1213 Idibus.
491 1172 625 1213 Prius
654 1173 793 1226 igitur
820 1172 1054 1226 superiori.
1096 1174 1181 1215 ‚De
1209 1173 1374 1227 Bruto,
1403 1190 1534 1231 quum

24 1246 27 1266 ι
59 1231 186 1271 scies.
244 1228 314 1269 De
344 1229 573 1269 consulum
600 1227 706 1269 ficto
725 1229 885 1270 timore
906 1241 1210 1282 cognoveram.
1269 1229 1400 1272 Sicca
1420 1233 1533 1273 enim

23 1267 27 1332 i
59 1284 325 1336 φιλοστόργως
360 1285 434 1325 ille
473 1283 674 1338 quidem,
722 1284 800 1326 sed
837 1284 1142 1325 tumultuosius
1181 1284 1236 1324 ad
1282 1300 1352 1328 me
1400 1289 1533 1328 etiam

23 1333 28 1386 ἶ
58 1341 182 1382 illam
209 1339 504 1394 suspicionem
534 1339 725 1394 pertulit.
784 1339 906 1389 Quid
945 1343 993 1380 tu
1032 1340 1199 1381 autem?
1237 1345 1290 1379 τοὶ
1324 1343 1396 1390 μὲν
1433 1343 1533 1383 διδό-

23 1390 28 1459 3¹
56 1397 179 1446 uevoc?
216 1395 397 1438 Nullum
426 1396 541 1437 enim
570 1395 751 1438 verbum
782 1408 806 1436 a
844 1395 1032 1450 Siregio.
1071 1395 1200 1437 ’Non
1238 1397 1395 1450 placet.
1463 1399 1534 1440 De

24 1548 29 1586 i
57 1550 200 1593 datum,
228 1549 459 1595 ausgezahlt.
487 1570 531 1576 -—-
557 1551 632 1584 tibi.
684 1552 778 1585 Ante
804 1551 903 1590 hanc
928 1563 1062 1586 vocem
1087 1553 1172 1596 Ego
1192 1565 1279 1587 vero
1304 1556 1450 1589 memini
1473 1557 1534 1591 vel

24 1605 29 1633 Α
57 1598 181 1633 simile
207 1598 401 1644 quidpiam
427 1598 608 1632 excidisse
633 1609 719 1633 cum
745 1600 955 1646 Mongaltio
990 1607 1118 1635 censet
1142 1601 1227 1635 Sch.
1265 1602 1462 1641 ORELLI.
1490 1625 1531 1631 —

57 1647 107 1680 ad
131 1647 263 1688 dignit.
289 1647 323 1681 S.
351 1657 407 1691 ep.
437 1648 520 1686 699,
548 1647 580 1680 4.
609 1665 650 1670 —
679 1648 910 1690 liberaliter,
936 1649 1011 1682 also
1029 1649 1109 1683 dass
1126 1661 1168 1684 er
1183 1650 1253 1684 mit
1268 1652 1390 1686 einem
1407 1652 1534 1686 reich-

25 1717 30 1730 x
57 1693 186 1728 lichen
212 1694 455 1743 Iahrgehalte
481 1694 664 1729 versehen
698 1697 836 1743 werde.
866 1713 907 1721 -
945 1702 1088 1740 ornate,
1123 1699 1196 1731 mit
1227 1699 1350 1733 einem
1384 1700 1535 1734 Ehren-

55 1742 248 1788 pfenning.
279 1761 318 1768 —
347 1743 545 1786 cumulate,
569 1743 639 1776 mit
663 1743 786 1778 einem
802 1744 1030 1778 Uberscliuss
1046 1757 1093 1778 zu
1118 1746 1329 1793 beliebiger
1349 1748 1533 1782 Verwen-

55 1790 170 1835 dung.
198 1808 242 1814 —
269 1801 332 1823 nec
356 1796 492 1824 tamen.
520 1809 563 1816 -—
597 1801 728 1833 agere,
764 1791 991 1826 ausrichten.
1034 1811 1078 1818 -—-
1111 1797 1149 1826 ut
1172 1798 1395 1837 permutetur
1419 1795 1532 1829 Athe-

26 1838 30 1863 f
56 1848 122 1872 nas
148 1844 239 1878 cet,
271 1837 353 1872 ihm
379 1840 506 1872 seinen
531 1839 753 1886 Iahrgehalt
777 1839 873 1873 nach
901 1839 1024 1874 Athen
1058 1842 1301 1875 anzuweisen.
1338 1862 1379 1868 —
1414 1854 1531 1877 nume-

27 1846 31 1940 1
57 1886 152 1920 rabie
178 1886 259 1933 tibi,
276 1887 373 1922 Eros
400 1887 566 1921 n'a'mlich
593 1887 696 1922 zahlt
720 1888 793 1922 Dir
818 1889 889 1923 den
913 1889 1113 1923 VVechsel.
1142 1909 1183 1914 —
1212 1891 1255 1923 de
1280 1901 1331 1932 eo,
1357 1891 1532 1927 daruber.

29 1943 32 1991 Ξ
151 1956 183 1988 1.
204 1958 317 1997 postr.
343 1954 400 1989 Id.
428 1955 528 1997 lun„
554 1965 614 1987 am
644 1955 698 1989 14.
725 1955 862 1989 Iunius.
892 1976 933 1981 —
960 1957 1146 1999 superiori
1170 1958 1349 2003 epistolae
1376 1970 1529 2005 respon-

28 1998 160 2049 ldebo.
187 2020 231 2026 --
256 2003 313 2036 De
337 2002 457 2036 Bruto
482 2002 630 2036 scribas.
665 2006 699 2036 S.
726 2004 833 2037 Ende
866 2004 928 2037 des
959 2015 1039 2038 vor.
1067 2006 1129 2038 ΒΓ.
1163 2026 1206 2032 —
1241 2006 1299 2039 De
1331 2008 1530 2048 consulum,

31 2059 33 2084 ἰ
55 2049 210 2083 Antonii
235 2055 272 2084 et
297 2051 531 2089 Dolabellae,
552 2050 642 2090 ficto
669 2052 813 2086 timore.
866 2052 1047 2085 Antonius
1081 2054 1183 2096 enim
1219 2054 1382 2090 barbaris
1416 2056 1529 2101 stipa-

28 2103 114 2130 ltus
146 2099 394 2142 procedebat,
429 2110 544 2143 quum
578 2098 647 2132 sibi
680 2100 846 2147 fingeret
877 2100 1035 2140 timere,
1073 2101 1156 2135 aliis
1188 2113 1317 2136 revera
1350 2104 1529 2138 timorem

28 2100 224 2184 iincutere
250 2147 377 2181 vellet.
404 2147 511 2181 SGH.
540 2166 582 2171 -—
607 2147 723 2181 Sicca.
750 2151 785 2182 S.
813 2158 870 2193 ep.
897 2149 978 2184 548.
1005 2149 1083 2184 556.
1110 2166 1154 2173 —
1190 2147 1530 2197 φιλοστόργως,

30 2185 315 2238 {peramanter5
355 2206 418 2228 aus
451 2196 598 2229 wahrer
629 2196 743 2229 Liebe
778 2208 827 2229 zu
859 2195 943 2229 mir.
978 2215 1020 2220 -—
1053 2198 1196 2232 tumult.
1234 2211 1278 2233 zu
1310 2200 1530 2241 stiirmisch,

30 2241 250 2285 giingstlich.
279 2261 323 2267 —-
349 2244 482 2286 suspic.
510 2244 704 2278 consulum
732 2249 775 2277 st.
803 2244 976 2278 nuntium
1009 2245 1054 2278 de
1087 2247 1298 2291 suspicione
1332 2249 1529 2282 consulum

29 2290 226 2333 *pei-tulit.
254 2309 297 2337 .-
328 2292 421 2327 Quid
445 2296 482 2325 tu
515 2291 655 2325 autem?
695 2292 796 2325 Was
830 2298 928 2340 sag-st
962 2293 1021 2326 Du
1057 2293 1146 2327 aber
1177 2295 1297 2329 dazu?
1331 2314 1376 2320 —
1411 2294 1459 2330 τὰ
1490 2308 1528 2339 μ.

30 2316 206 2386 jeddu.
251 2332 354 2374 Uber
385 2339 480 2374 diess
514 2339 753 2385 Sprichwort
786 2352 812 2373 s.
849 2352 894 2374 zu
928 2351 986 2385 ep.
1022 2342 1102 2381 269,
1141 2345 1172 2377 1.
1220 2343 1360 2385 „Wie
1394 2346 1529 2378 man's

31 2390 137 2455 iun·
161 2385 239 2432 gib
252 2392 289 2428 t,
316 2398 361 2421 so
387 2399 487 2421 muss
513 2389 630 2421 man’s
654 2387 844 2421 nehmen?
877 2389 987 2421 Denn
1012 2388 1102 2421 kein
1129 2392 1254 2424 WVort
1278 2392 1464 2425 verlautet
1489 2391 1528 2424 in

53 2431 209 2466 Deinem
234 2434 360 2469 Briefe
385 2435 552 2469 abseiten
586 2436 648 2470 des
672 2435 878 2480 Siragius.“
936 2437 993 2470 Er
1023 2436 1179 2485 beklagt
1212 2437 1291 2472 sich
1325 2440 1402 2472 also
1435 2439 1529 2473 iiber

53 2478 114 2513 die
138 2481 278 2522 Kiirze,
314 2484 447 2518 womit
469 2483 619 2518 Attikus
650 2483 731 2517 ihm
757 2484 1003 2531 geschrieben
1030 2485 1145 2520 hatte.
1172 2498 1195 2520 α
1220 2487 1317 2521 Sara
1343 2486 1448 2527 regio
1476 2487 1535 2528 (v.

51 2535 112 2572 ep.
141 2529 222 2568 728,
249 2530 303 2572 2.)
335 2531 380 2565 de
413 2533 442 2566 1.
479 2534 519 2567 F.
554 2532 723 2567 Gronov.
758 2532 853 2566 coni.
913 2533 968 2567 Da
1001 2532 1124 2567 dieser
1155 2535 1226 2567 mit
1258 2535 1341 2566 dem
1376 2534 1527 2568 Attikus

51 2574 148 2609 nach
174 2575 259 2610 dem
284 2578 401 2624 vorig.
429 2580 554 2614 Briefe
580 2579 682 2614 hatte
709 2580 893 2625 sprechen
926 2581 1065 2614 wollen
1099 2583 1177 2615 und
1208 2580 1527 2616 wahrscheinlich

33 2621 152 2674 [noch
177 2634 248 2658 vor
274 2624 435 2661 Kurzem
461 2629 530 2662 mit
554 2627 637 2661 ihm
662 2627 896 2675 gesprochen
921 2627 1048 2671 hatte;
1081 2640 1119 2663 so
1153 2640 1232 2662 war
1266 2630 1398 2663 Cicero
1435 2641 1525 2663 neu-

33 2670 190 2717 miei-ig,
227 2683 302 2706 was
328 2674 449 2710 dieser
472 2688 517 2710 zu
547 2675 629 2710 ihm
663 2681 804 2724 gesagt.
869 2676 1070 2710 Vielleicht
1108 2675 1347 2710 befurchtete
1379 2677 1524 2714 Cicero.

34 2699 132 2752 Idan
162 2729 205 2753 er
235 2719 318 2754 sich
354 2723 407 2757 im
433 2724 596 2772 Gefolge
622 2725 685 2759 des
709 2723 893 2760 Antonius
918 2724 1090 2758 bestinde.
1126 2726 1160 2758 5.
1185 2725 1257 2758 den
1282 2725 1374 2773 folg.
1402 2726 1519 2760 Bries.

14 2846 25 2924 i

13 2925 28 3086 ἰ
