1795 3086
186 51 274 98 10⁴
456 51 519 92 Μ.
549 51 603 94 Τ.
635 50 977 96 CICERONIS
1007 50 1377 98 EPIS'I'OLAE.

116 168 143 206 2
182 160 434 217 diligentia,
463 162 611 217 gratia
639 162 812 229 perfici.
871 161 1004 213 Quod
1035 164 1196 207 scribis
1234 168 1278 205 te
1316 163 1506 212 nescire,
1547 162 1656 217 quid

182 218 350 263 nostris
379 218 639 261 faciundum
669 218 751 261 sit.
789 219 876 263 iam
917 219 1091 274 pridem
1129 233 1201 261 me
1236 219 1320 261 illa
1348 219 1498 270 ἀπορία
1526 219 1655 261 solli-

183 274 526 328 citat.1taque
569 274 706 320 stulta
746 274 835 319 iam
875 274 1039 317 Iduum
1078 274 1350 317 Martiarum
1392 279 1461 316 est
1499 287 1655 316 conso-

183 330 308 371 latio.
366 330 539 371 Animis
570 329 687 371 enim
726 330 795 372 usi
827 344 975 373 sumus
1003 330 1237 381 virilibus;
1286 329 1506 377 consiliis,
1543 328 1657 371 mihi

185 385 343 437 crede,
382 385 639 440 puerilibus.
707 386 879 429 Excisa
917 386 1033 429 enim
1068 390 1136 429 est
1175 387 1330 433 arbor,
1369 399 1457 429 non
1494 385 1657 428 evulsa.

182 441 360 495 Itaque,
399 454 530 495 quam
557 440 812 489 fruticetm,
851 441 992 484 vides.
1050 441 1305 484 Redeamus
1343 441 1510 496 igitur,
1579 454 1657 481 uo-

183 496 303 541 niam
332 509 463 551 saepe
489 510 688 552 usurpas,
727 497 784 540 ad
823 497 1104 541 Tusculanas
1144 497 1484 552 disputationes.
1585 509 1658 538 au-

184 551 323 593 seium
350 565 431 606 per
458 556 502 594 te
532 554 737 595 celemus.
795 553 894 607 Ego
923 567 1146 607 nunquam
1168 554 1391 595 indicabo.
1451 552 1585 602 Quod
1615 555 1659 593 te

185 620 211 649 a
237 606 382 651 Bruto
410 607 600 658 scribis,
638 613 687 649 ut
725 609 896 653 certior
934 609 1077 661 fieret,
1118 622 1225 672 quo
1246 609 1320 650 die
1360 609 1407 650 in
1437 607 1660 652 Tuscula-

184 675 289 703 num
327 676 470 705 essem
499 663 702 705 futurus·
743 669 793 706 ut
833 664 890 704 ad
935 668 979 705 te
1009 669 1110 706 ante
1140 663 1313 718 scripsi,
1351 664 1571 713 v1.Kal.;
1615 667 1662 704 et

183 718 367 772 quidem
411 720 476 760 ibi
524 722 569 760 te
610 732 740 774 quam
781 721 972 774 primum
1011 733 1091 774 per
1126 719 1282 760 videre
1325 720 1475 760 velim.
1541 719 1661 760 Puto

187 773 305 819 enim
333 775 461 816 nobis
489 773 739 816 Lanuvium
769 775 973 821 eundum,
1003 781 1047 816 et
1070 774 1252 829 quidem
1282 788 1369 815 non
1399 775 1497 816 sine
1517 775 1662 816 multo
1776 812 1779 821 ,

119 830 146 870 3
184 842 396 873 sermone.
461 829 552 872 Sed
590 829 761 880 μελήσει.
828 830 986 873 Redeo
1025 831 1084 872 ad
1123 830 1425 885 superiorem.
1475 843 1535 873 ex
1575 842 1663 884 qua
1776 830 1780 881 ξ

183 889 420 940 praetereo
449 886 531 927 illa
559 885 704 951 prima
742 886 798 927 de
837 886 1118 935 Buthrotiis3
1157 900 1272 941 quae
1310 885 1423 926 mihi
1463 889 1568 926 sunt
1596 887 1664 925 in·
1776 885 1780 889 ’

183 941 311 982 clusa
338 941 572 984 medullis·
612 942 672 983 sit
700 942 859 988 modo,
897 947 947 983 ut
976 942 1158 988 scribis,
1197 942 1319 983 locus
1357 941 1534 997 agendi.
1592 940 1663 980 De

184 998 389 1038 oratione
420 997 568 1045 Bruti,
596 1011 781 1052 prorsus
812 998 1055 1044 contendis,
1085 1011 1219 1052 quum
1249 998 1414 1038 iterum
1442 1002 1532 1038 tam
1553 997 1664 1037 mul-

184 1181 231 1204 ιιι
256 1168 457 1204 verstehen
493 1170 633 1218 geben,
665 1170 741 1206 wie
767 1181 885 1218 gerne
921 1181 963 1204 ει
987 1169 1069 1204 sich
1102 1169 1165 1204 ein
1190 1169 1390 1204 Veidienst
1422 1180 1485 1202 um
1510 1168 1580 1203 ihn
1606 1181 1667 1204 ei·-

183 1217 340 1252 werben
367 1217 532 1252 m’tichte.

280 1262 531 1312 20271091'11,
558 1265 761 1308 dubitatio,
789 1265 1089 1313 Ungewissheit.
1117 1281 1160 1288 —
1194 1265 1321 1298 Iduum
1345 1265 1484 1307 Mart„
1509 1276 1554 1299 an
1570 1266 1666 1300 wel-

185 1312 298 1348 chem
323 1313 433 1346 Οὲίεπ
458 1314 652 1348 ‹er-mordet
675 1326 769 1348 war.
820 1314 856 1347 S.
885 1325 943 1358 ep.
972 1315 1052 1353 706,
1077 1315 1099 1348 2
1128 1312 1181 1346 in.
1210 1314 1291 1351 702,
1317 1313 1350 1346 4.
1377 1312 1465 1346 mal.
1515 1313 1668 1348 Friihet·

184 1367 290 1408 sagte
318 1371 361 1395 er
385 1360 447 1394 das
473 1361 718 1408 Gegentheil.
746 1379 790 1386 -
822 1362 967 1405 pueril„
993 1361 1070 1395 wie
1096 1372 1155 1406 ep.
1183 1362 1264 1400 705,
1292 1361 1327 1394 3.
1353 1361 1437 1400 694,
1464 1361 1499 1395 3.
1527 1363 1610 1401 691,
1634 1364 1666 1394 1.

185 1410 269 1451 689,
295 1410 329 1444 2.
380 1427 419 1434 --
473 1410 609 1452 emclsa,
644 1409 886 1443 entwurzelt
935 1428 983 1434 —
1033 1420 1135 1453 quam
1159 1407 1272 1451 frat„
1310 1408 1383 1441 wie
1412 1419 1454 1441 er
1479 1407 1668 1442 Schossen

186 1456 318 1490 treibe.
344 1475 392 1481 -
417 1468 586 1501 usurpaS,
612 1457 713 1491 Dich
739 1457 876 1491 darmif
899 1457 1058 1491 berufst.
1089 1456 1173 1503 vgl.
1203 1468 1259 1501 ep.
1287 1457 1370 1502 709,
1391 1456 1424 1489 4.
1450 1473 1497 1480 --
1524 1457 1668 1490 Tuscul.

185 1505 277 1548 disp.
304 1504 337 1537 d.
365 1504 389 1537 i.
417 1517 464 1540 zu
489 1505 575 1539 dem
601 1505 822 1546 Gedanken,
849 1505 932 1538 dass
959 1505 1029 1538 dex·
1054 1503 1137 1537 'rod
1161 1504 1253 1536 kein
1278 1496 1376 1538 Ubel
1402 1503 1470 1536 sei.
1500 1521 1542 1526 —
1576 1506 1668 1538 Sau-

178 1552 304 1595 feium
328 1563 395 1597 per
408 1557 442 1586 te
469 1554 634 1594 celemus,
661 1553 789 1594 „noch
814 1553 913 1587 Dein
940 1552 1111 1585 Saufeius
1137 1552 1211 1585 soll
1228 1550 1505 1598 Deinetwegen
1529 1552 1668 1585 Nichts

185 1600 305 1634 davon
338 1600 561 1634 erfahrenf
622 1601 685 1634 Sic
719 1600 783 1635 Cel.
822 1600 984 1634 Cius-eu.
1017 1600 1101 1634 Bos.
1137 1599 1228 1644 Sqq.
1259 1603 1363 1642 pete.-
1409 1599 1565 1632 celemus
1597 1599 1669 1634 Md.

186 1648 304 1682 Oxon.
332 1650 364 1683 2.
397 1648 478 1682 Asa
511 1651 540 1684 l.
577 1649 676 1683 Crat.
702 1649 798 1683 Vict.
827 1651 857 1684 1.
886 1650 919 1684 2.
952 1651 1105 1692 propter
1140 1651 1173 1680 le
1205 1646 1466 1680 c.Tunsta11i
1500 1659 1599 1693 susp.
1637 1648 1669 1681 si

185 1700 287 1739 pote,
315 1697 379 1730 cel.
407 1696 495 1731 Sch.
522 1709 608 1742 susp
613 1696 850 1733 .O.RELL1
877 1696 900 1730 i.
918 1707 949 1732 e
974 1707 1005 1728 si
1025 1695 1112 1729 fieu
1129 1699 1266 1739 potest,
1291 1694 1457 1727 celemus
1476 1694 1669 1730 Saufeium

187 1743 433 1788 Epicureum,
460 1750 509 1786 te,
537 1745 604 1790 qui
630 1745 709 1790 ipse
734 1744 856 1778 adhuc
882 1743 1041 1789 Epicuri
1068 1743 1239 1789 partibus
1266 1742 1411 1782 favisti,
1437 1742 1667 1779 Tusculana

188 1802 274 1825 rum
300 1791 399 1826 libio
424 1792 551 1837 ptimo
577 1793 771 1831 delectati,
799 1793 838 1826 in
865 1803 939 1837 quo
967 1797 1095 1826 contra
1110 1791 1322 1836 Epicureos
1349 1789 1563 1835 disputatur·
1587 1791 1669 1824 ani-

186 1849 268 1873 mos
295 1851 372 1873 esse
399 1840 904 1875 immortales.SCH.1m
929 1839 1076 1874 Scheiz
1102 1838 1230 1873 macht
1254 1838 1341 1872 Cice
1345 1848 1388 1871 ro
1415 1838 1489 1872 den
1514 1838 1669 1872 Attikus

187 1898 273 1920 zum
301 1886 467 1922 Sto'iker.
517 1881 620 1923 Uber
645 1887 814 1923 Saufeius
842 1900 869 1924 s.
899 1899 956 1934 ep.
981 1889 1014 1923 8.
1053 1887 1113 1921 34.
1147 1888 1217 1921 702
1241 1897 1301 1919 am
1326 1886 1446 1920 Ende.
1481 1889 1560 1921 711.
1588 1888 1667 1923 755.

188 1953 231 1960 -·
259 1934 381 1976 indic„
419 1936 641 1977 vex-rathen,
677 1937 858 1983 angeben.
911 1955 956 1961 —-
1005 1934 1139 1969 scribis
1164 1940 1350 1981 rog-atum.
1401 1934 1503 1976 „Vel
1530 1935 1671 1968 excidit

187 1981 253 2017 vel
283 1983 578 2031 intelligendum
614 1991 688 2019 est:
721 1985 867 2026 rogari.
902 1983 1012 2018 SCH.
1051 1981 1188 2026 requiri
1225 1981 1359 2016 scribis
1395 1983 1671 2028 suppleverunt

184 2029 337 2069 Ascens.
367 2033 396 2064 l.
425 2032 525 2066 Crat.
555 2033 658 2067 Quod
681 2033 725 2067 de
751 2033 819 2066 Ην.
844 2032 981 2067 scribis
1001 2031 1139 2065 Graev.
1166 2041 1265 2074 susp.
1287 2030 1485 2065 ORELLI.
1512 2031 1670 2064 aBruto

187 2091 237 2110 z
261 2078 426 2112 abseiten
453 2079 517 2113 des
543 2081 693 2117 Brutus.
720 2080 830 2114 Bruti
856 2079 1021 2117 nomine,
1048 2078 1160 2111 iussu.
1205 2097 1247 2102 —
1281 2077 1447 2119 futurus.
1474 2078 1566 2114 G2d.
1592 2080 1670 2112 Ma-

186 2125 280 2171 lasp.
308 2126 424 2159 Oxou.
452 2129 483 2163 l.
511 2127 638 2161 hamb.
666 2129 802 2162 Graev.
830 2132 1011 2161 venturus.
1063 2127 1134 2158 cfr.
1163 2125 1279 2160 Wolf
1309 2125 1354 2159 ad
1379 2126 1476 2160 Suet.
1505 2127 1582 2161 Oct.
1611 2128 1669 2162 16.

185 2174 223 2207 in
248 2176 621 2218 conspectumsuisse
644 2176 708 2218 (al.
733 2177 899 2217 venisse).
933 2173 1128 2209 ORELLI.
1183 2192 1224 2197 -
1277 2185 1327 2208 νι.
1362 2173 1452 2208 Καὶ.
1487 2175 1581 2215 Ιιιιι.,
1609 2186 1670 2208 am

185 2222 243 2257 27.
272 2222 356 2255 mai.
408 2221 502 2256 Scil.
529 2231 716 2258 venturus
740 2235 833 2258 sum.
860 2241 907 2248 —
938 2233 1008 2266 per
1034 2222 1155 2255 videre
1180 2221 1299 2254 velim.
1344 2221 1502 2261 Tmesis,
1531 2228 1572 2255 ut
1597 2222 1670 2266 Ep.

186 2270 256 2306 361
281 2280 348 2313 per
371 2269 462 2304 mihi
484 2276 630 2313 gratus.
680 2271 744 2306 Sic
781 2271 901 2304 divise
937 2270 981 2303 de
1018 2270 1048 2304 I.
1076 2270 1116 2302 F.
1146 2269 1331 2303 Gronovii
1362 2269 1549 2304 sententia
1574 2269 1668 2303 Ern.

187 2315 273 2350 Sch.
301 2317 395 2352 Liin.
421 2318 613 2361 pervidere
637 2320 747 2353 velim
771 2320 932 2354 Priores.
960 2317 1156 2352 ORELLI.
1193 2335 1238 2341 -—-
1279 2316 1479 2351 Lanuvium
1504 2317 1549 2351 ad
1575 2319 1670 2352 Bru-

186 2371 268 2399 tum
296 2371 333 2400 et
354 2366 523 2400 cassium
549 2368 701 2401 eundum
727 2379 815 2402 esse.
839 2385 882 2391 —
907 2376 1082 2405 sermone,
1110 2364 1330 2407 Nachrede3
1357 2366 1670 2400 Caesarianorum

187 2413 334 2447 scilicet
367 2413 413 2447 de
446 2414 563 2456 nobis,
604 2416 670 2459 qui
696 2415 742 2448 ad
767 2417 928 2450 Brutum
958 2413 1129 2448 Caesaris
1157 2413 1446 2447 interfectorem
1473 2414 1669 2448 iver-imus.

190 2461 410 2495 CORRAD.
448 2481 490 2488 —
540 2460 763 2508 μελήσει,
788 2475 899 2497 curae
926 2462 1013 2505 exit,
1039 2461 1139 2497 doch
1163 2461 1240 2495 wir
1265 2462 1412 2496 wollen
1438 2473 1476 2496 es
1502 2461 1602 2496 noch
1629 2462 1669 2497 in

187 2500 433 2558 Uberlegung
458 2511 631 2546 nehmen.

283 2559 317 2593 3.
342 2569 467 2602 super.
496 2559 705 2605 epistolam.
735 2577 776 2584 —
822 2560 892 2593 illa
915 2558 1047 2603 prima,
1076 2558 1188 2590 ienen
1216 2564 1342 2592 ersten
1363 2557 1505 2591 Punkt.
1533 2576 1575 2583 —
1613 2558 1668 2591 in-

189 2605 293 2648 clusi,
329 2605 398 2640 der
423 2608 500 2640 mir
525 2608 631 2643 tief'
620 2620 660 2642 m
686 2607 789 2641 mein
816 2608 919 2642 Hei-z
945 2605 1195 2653 geschrieben
1221 2604 1280 2639 ist.
1308 2623 1353 2630 —-
1405 2606 1507 2639 locus
1532 2607 1671 2648 agendi

186 2653 220 2686 (1.
248 2652 524 2689 i.k6nnt'ieh
551 2668 623 2690 nur
647 2656 745 2690 ohne
773 2655 921 2689 Gefahr
947 2656 987 2688 in
1014 2655 1084 2688 den
1104 2653 1216 2687 Senat
1241 2652 1368 2701 gehen
1394 2653 1469 2686 und
1495 2655 1558 2687 fiir
1577 2654 1668 2689 Dei-

187 2712 232 2735 ne
259 2701 469 2738 Buthroter
497 2705 612 2741 selbst
639 2703 848 2752 spi-echon!
902 2723 943 2729 -—
994 2713 1149 2747 prorsus
1174 2701 1373 2744 contendis,
1410 2703 1467 2735 Du
1501 2701 1650 2736 bestehs
1638 2708 1670 2736 1
