1795 3086
213 50 306 99 344
486 51 548 94 Μ.
579 50 638 94 Τ.
669 48 1012 93 CICERONIS
1045 48 1422 95 EPISTOLAE.

151 171 178 209 2
215 166 413 208 vestrum
442 160 678 204 arbitrium
720 164 865 206 essent
893 164 1075 205 collata.
1135 163 1262 205 Haec
1301 178 1435 218 quum
1473 165 1696 208 audissem

215 225 260 262 et
289 220 379 261 iam
418 220 465 259 in
495 217 658 258 itinere
687 231 842 271 essem,
885 220 1254 260 committendum
1293 221 1489 262 nondum
1528 224 1695 280 putavi,

215 275 340 332 prius
371 278 420 316 ut
448 274 586 328 Alpes
616 275 972 329 transgrederer,
1012 289 1160 331 quam,
1203 276 1313 330 quid
1342 276 1448 318 istic
1476 282 1698 333 ageretur,

216 332 391 373 scirem.
458 329 575 371 Nam
612 328 668 369 de
706 333 785 371 tuo
821 331 1051 385 periculo,
1092 331 1228 372 crede
1266 331 1404 383 mihi,
1457 332 1698 375 iactatione

216 388 452 430 verborum
482 389 527 426 et
556 385 891 427 denuntiatione
920 388 1114 441 periculi
1144 401 1325 442 sperare
1354 402 1444 435 eos,
1486 393 1531 430 te
1560 391 1700 444 perti-

217 442 427 493 mefacto,
457 442 743 482 adolescente
772 440 980 496 impulso,
1001 457 1131 498 posse
1155 457 1314 498 magna
1337 444 1552 500 consequi
1572 459 1700 500 prae·

219 499 311 539 mia
340 501 386 538 et
414 501 554 538 totam
583 497 716 538 istam
746 497 1011 539 cantilenam
1041 513 1100 540 ex
1130 499 1217 540 hoc
1246 501 1453 555 pendere,
1492 504 1541 542 ut
1570 515 1700 556 quam

218 553 462 610 plurimum
501 553 620 594 lucri
663 552 844 594 faciant.
914 554 1071 609 Neque
1111 558 1258 596 tamen
1300 570 1386 597 non
1437 562 1481 597 te
1524 561 1700 599 cautum

220 623 319 651 esse
346 610 453 650 volo
484 613 528 651 et
558 608 744 650 insidias
773 610 1012 651 vitantem:
1052 609 1169 651 nihil
1211 613 1328 653 enim
1358 617 1433 653 tua
1464 611 1578 654 mihi
1608 613 1702 655 vita

220 668 369 721 potest
407 677 502 706 esse
541 664 781 706 iucundius
822 679 963 720 neque
1004 665 1166 707 carius.
1234 667 1360 709 Illud
1402 668 1523 716 vide,
1560 683 1615 711 ne
1643 670 1701 710 ti-

219 721 382 763 mendo
412 721 552 774 magis
582 721 741 762 timere
771 734 957 775 cogare:
995 725 1052 775 et,
1091 722 1251 776 quibus
1292 725 1421 765 rebus
1450 729 1598 778 potest
1627 738 1703 766 oc-

221 776 345 818 curri
373 776 622 829 veteranis,
662 790 896 818 occurras:
935 777 1149 833 primum,
1188 779 1310 832 quod
1349 778 1607 822 desiderant
1646 781 1703 822 de

221 833 513 879 decemviris,
555 832 722 874 facias:
766 832 930 874 deinde
968 833 1023 874 de
1053 833 1287 888 praemiis,
1328 836 1369 876 si
1397 835 1484 876 tibi
1511 837 1705 883 videtur,

223 901 357 944 agros
388 901 541 929 eorum
569 889 775 941 militum,
814 888 893 943 qui
923 903 1022 931 cum
1051 889 1250 931 Antonio
1279 891 1482 932 veterani
1511 891 1704 945 fuerunt,

222 945 280 986 iis
312 944 483 985 dandos
513 957 695 986 censeas
735 946 790 985 ab
819 946 1022 1001 utrisque
1051 946 1203 987 nobis:
1242 945 1297 987 de
1335 947 1541 999 nummis,
1582 950 1704 990 lente

221 1013 276 1042 ac
306 1000 477 1041 ratione
507 999 662 1041 habita
691 1001 929 1054 pecuniae3
967 1004 1165 1042 senatum
1196 1001 1251 1043 de
1281 1016 1332 1043 ea
1364 1016 1410 1045 re
1440 1004 1705 1046 constitutu-=

224 1069 345 1097 rum:
384 1058 597 1111 quattuor
637 1055 891 1109 legionibus
935 1055 1009 1109 iis7
1045 1058 1206 1111 quibus
1237 1071 1370 1112 agros
1401 1059 1570 1102 dandos
1602 1074 1704 1102 cen-

221 1111 392 1163 suistis,
434 1111 568 1153 video
607 1111 867 1153 facultatem
907 1111 1005 1154 fore
1046 1126 1105 1154 ex
1145 1114 1266 1167 agris
1297 1113 1496 1157 Sullanis
1527 1120 1571 1157 et
1601 1130 1707 1172 agro

224 1296 392 1370 egeerlnus,
420 1293 532 1322 unter
560 1312 568 1320 .
597 1312 605 1322 .
634 1311 645 1322 .
669 1286 779 1322 nicht
805 1288 1097 1337 aufgenommen
1123 1288 1265 1322 waren.
1303 1307 1344 1314 -
1396 1288 1549 1332 collata,
1575 1298 1707 1336 ausge-

224 1342 239 1369 t
273 1336 306 1369 ei
328 1341 353 1370 t.

322 1405 354 1439 2.
381 1403 419 1437 in
444 1402 576 1438 itinere
602 1409 731 1438 contra
761 1402 976 1442 Antonium,
1015 1402 1061 1436 ad
1087 1402 1295 1437 Antonium
1320 1403 1635 1448 persequendum.
1664 1410 1706 1428 —'—

223 1451 382 1485 nondam
407 1452 430 1484 i.
459 1463 490 1486 e.
518 1452 690 1494 „interea
716 1453 832 1485 non.“
881 1451 926 1485 In
951 1452 995 1487 D.
1023 1452 1138 1485 Bruto
1173 1451 1307 1485 saltem
1335 1451 1605 1498 corrigendum
1632 1462 1708 1485 non

224 1499 389 1534 videtur.
441 1498 504 1533 Sic
537 1505 661 1533 autem
699 1499 774 1532 Md.
811 1499 894 1533 Asc.
924 1501 955 1533 1.
993 1499 1091 1532 Vict.
1123 1501 1153 1533 1.
1189 1499 1325 1533 Graev.
1362 1509 1433 1532 non
1465 1500 1581 1545 Neap.
1609 1499 1708 1534 Crat.

224 1548 323 1582 Vict.
350 1550 383 1583 2.
410 1547 539 1581 Lamb.
565 1547 659 1581 Ern.
686 1546 823 1580 Bened.
849 1546 937 1581 Sch.
966 1547 1059 1581 Liin.
1088 1545 1162 1580 OR.
1192 1567 1234 1572 -
1275 1548 1561 1590 transgrederer
1587 1554 1625 1582 et
1648 1558 1710 1582 me

225 1596 499 1644 coniungerem
526 1607 613 1630 cum
638 1595 775 1629 Planco
802 1600 840 1629 et
864 1606 1118 1640 persequerer
1143 1594 1362 1629 Antonium.
1414 1614 1459 1620 —
1509 1595 1608 1637 istic,
1648 1595 1708 1630 bei

225 1643 336 1678 Euch
362 1645 404 1677 iu
429 1644 536 1679 Rom.
565 1663 607 1668 —
634 1643 836 1677 iactatione
864 1643 975 1683 verb.‚
1002 1643 1174 1689 disperso
1201 1654 1364 1678 rumore.
1394 1662 1437 1667 —
1464 1654 1533 1687 eos,
1559 1650 1708 1678 vetera-

225 1703 305 1727 nos.
335 1712 380 1718 —
406 1693 632 1727 adolescente
659 1691 811 1726 Octavio
837 1691 1009 1736 impulso,
1037 1691 1194 1726 incitato
1222 1703 1308 1737 erga
1329 1698 1378 1734 te,
1406 1691 1533 1726 indem
1557 1692 1611 1726 sie
1637 1692 1710 1726 den
1772 1687 1774 1690 ’

224 1741 406 1789 lifingling
431 1753 555 1790 geg-en
581 1739 682 1775 Dich
707 1740 947 1774 aufreitzten.
983 1759 1027 1764 —-
1062 1741 1295 1780 cantilenam,
1332 1740 1439 1782 Lied,
1467 1741 1578 1774 istam
1602 1740 1708 1774 fabu-

223 1789 315 1832 lam,
343 1790 432 1824 istos
457 1790 564 1823 fictos
592 1799 796 1825 sermones.
848 1806 891 1812 —-
942 1799 987 1821 ex
1012 1787 1078 1822 hoc
1108 1788 1278 1833 pendere,
1313 1788 1400 1822 inde
1425 1789 1544 1832 nasci,
1578 1788 1715 1823 darauf

225 1837 501 1884 hinausgehen.
530 1855 572 1861 —-
600 1841 759 1881 cautum,
785 1838 852 1870 auf
875 1836 943 1871 der
968 1837 1058 1872 Hut.

319 1905 354 1939 3.
382 1915 426 1937 ne
452 1930 460 1939 .
489 1931 497 1939 .
527 1929 534 1937 .
561 1914 711 1947 cogare,
745 1915 793 1938 ne
818 1904 879 1937 illi
905 1909 941 1937 te
967 1904 1079 1938 valde
1106 1905 1244 1938 timere
1271 1905 1435 1939 sentiant
1461 1910 1573 1947 atque
1599 1903 1709 1938 auda-

224 1952 347 1986 ciores
372 1953 474 1987 fiant.
515 1971 558 1977 —
608 1963 798 1995 occurras,
834 1952 989 1986 komme
1017 1951 1135 1986 ihnen
1163 1959 1367 2001 entgegen,
1405 1964 1469 1985 um
1495 1953 1548 1986 sie
1575 1964 1622 1985 zu
1648 1952 1711 1985 be-

226 2001 430 2048 s'zinftigen.
463 2019 501 2026 ·—
530 2002 573 2034 de
598 2016 647 2032 Ξ
672 2001 714 2034 in
731 2000 915 2034 Hinsicht
940 2000 1018 2033 der.
1045 2020 1088 2026 --
1109 2001 1254 2044 facias,
1282 2001 1364 2035 scil.
1393 2007 1435 2035 ut
1460 2012 1521 2034 me
1550 2007 1587 2034 et
1601 2000 1710 2034 Octa-

225 2049 382 2081 vianum
408 2049 455 2082 iis
482 2048 768 2083 adscribendum
797 2060 957 2083 censeaS.
986 2049 1095 2083 SGH.
1133 2067 1175 2074 —
1226 2049 1286 2083 z'z's.
1333 2049 1400 2083 Sic
1424 2049 1540 2093 Neap.
1576 2049 1711 2082 Recte:

226 2097 298 2130 etsi
325 2097 519 2141 praecedit
546 2109 670 2131 eorum
695 2097 851 2131 militum
876 2098 902 2131 i.
932 2108 962 2130 e.
988 2098 1164 2131 aliorum.
1192 2096 1249 2131 his
1275 2097 1401 2132 Ceteri
1426 2108 1512 2130 cum
1534 2096 1606 2130 Md.
1637 2097 1711 2131 OR.

227 2145 397 2187 „nostris
431 2146 617 2180 veteranis
655 2146 721 2190 qui
756 2152 843 2179 sunt
877 2157 963 2179 cum
991 2146 1147 2179 Caesare
1185 2151 1222 2179 et
1248 2152 1373 2192 partes
1408 2151 1556 2179 senatus
1581 2145 1712 2178 defen-

226 2194 359 2228 dunt.“
375 2211 423 2218 -—
449 2194 495 2226 ab
522 2195 685 2239 utrisque
707 2194 821 2235 nobis,
848 2205 866 2227 a
893 2205 954 2226 me
980 2200 1016 2227 et
1043 2193 1255 2227 Octaviano.
1292 2194 1337 2227 ab
1363 2194 1525 2237 utrisque
1549 2191 1713 2226 nostram

227 2244 367 2276 Manut.
397 2241 441 2275 ab
466 2246 617 2285 utroque
641 2241 802 2276 nostram
826 2241 953 2274 Lamb.
1005 2241 1102 2275 Sane
1131 2241 1267 2276 Cicero
1293 2242 1373 2287 ipse
1400 2242 1449 2275 ad
1468 2241 1551 2274 Diu.
1574 2242 1710 2283 11,2l:

228 2291 273 2323 ab
299 2291 462 2335 utrisque
487 2289 666 2333 vestrstm3
693 2297 731 2324 et
755 2291 809 2323 sic
835 2291 916 2323 fere
941 2288 1097 2334 ubique:
1125 2289 1190 2324 sed
1216 2301 1415 2325 versamur
1446 2289 1484 2321 in
1509 2291 1554 2323 D.
1581 2290 1712 2323 Bruto.

228 2339 302 2373 OR.
340 2355 382 2360 —
435 2338 477 2371 de
502 2339 665 2378 nummi&
699 2350 777 2373 was
805 2338 895 2371 aber
920 2337 980 2371 die
1005 2337 1315 2382 versproehenen
1341 2337 1713 2383 Geldbelohnungen

227 2385 386 2421 betrifft.
419 2404 464 2411 --
506 2388 600 2419 lente
627 2398 724 2433 agas.
763 2404 801 2410 -
853 2386 997 2419 ratione
1022 2385 1101 2419 hab.
1126 2397 1215 2430 pec„
1241 2387 1312 2420 mit
1337 2385 1713 2432 Beriioksichtigung

227 2436 295 2469 der
319 2433 518 2469 Barschaft
542 2446 589 2467 an
616 2434 760 2477 Gelde;
797 2445 843 2466 ne
868 2440 1013 2468 temere
1040 2433 1210 2468 effundas
1236 2435 1451 2479 pecuniam.
1488 2453 1536 2458 -
1577 2434 1713 2467 consti-

246 2488 389 2516 uturum
405 2483 516 2516 dicas.
533 2501 575 2506 —
603 2483 663 2521 iis,
692 2482 766 2516 Md.
794 2482 890 2515 Vict.
904 2483 937 2517 2.
965 2482 1090 2517 hisd-
1109 2483 1335 2525 facultatem
1351 2483 1458 2525 sore,
1485 2481 1565 2515 dass
1584 2481 1714 2515 ko'nne

228 2531 327 2565 Rath
352 2530 540 2579 geschafft
565 2530 723 2564 werden
748 2541 823 2563 aus.
876 2548 923 2554 —-
973 2531 1159 2570 Sullanis,
1202 2542 1292 2574 quos
1330 2531 1537 2565 tenuissent
1568 2530 1713 2563 milites

228 2580 373 2614 Sullae.
425 2579 546 2613 Silani
572 2579 645 2613 Md.
672 2580 804 2625 Margo
832 2578 933 2611 Crat.
961 2579 1061 2615 Viet.
1091 2582 1120 2613 1.
1147 2582 1180 2614 2.
1207 2581 1340 2614 Dieser
1365 2591 1447 2613 war
1473 2578 1534 2612 ein
1558 2577 1714 2611 Anh‘an-

227 2639 298 2676 ger
321 2628 384 2661 des
411 2627 607 2669 Antonius,
637 2626 726 2660 sehr·
752 2626 861 2660 reich
886 2627 963 2660 und
981 2627 1019 2660 in
1046 2627 1106 2661 die
1125 2627 1225 2661 Acht
1251 2628 1410 2662 erkl'a'rt.
1458 2626 1600 2661 Schiitz
1627 2636 1714 2658 ver-

228 2676 378 2711 niuthet
405 2687 448 2708 ez
475 2676 585 2717 agris
611 2675 763 2708 Stellati
787 2686 923 2721 weg-en
950 2675 1117 2721 Philipp.
1145 2676 1190 2718 V,
1220 2677 1288 2719 193
1314 2676 1390 2710 also
1417 2687 1462 2710 ex
1487 2675 1591 2721 agris
1618 2673 1714 2714 illis,

228 2728 295 2772 qui
321 2724 404 2773 lege
432 2724 531 2758 Iulia
554 2723 739 2758 militibus
767 2723 841 2757 iam
867 2730 974 2758 antea
1001 2725 1151 2758 fuerant
1176 2724 1355 2773 assignati
1382 2730 1418 2759 et
1439 2734 1601 2769 quorum
1626 2733 1713 2768 pars·
