1795 3086
210 57 297 106 136
482 64 542 105 Μ.
573 65 629 107 T.
662 63 999 109 CICERONIS
1028 65 1395 110 EPISTOLAE.

207 174 332 214 terea
360 175 611 229 oportuisse
639 177 780 232 tangi,
826 178 902 219 sed
933 179 1129 219 senatum
1171 179 1334 232 vocari,
1372 180 1578 234 populum
1606 195 1676 223 ar-

208 228 387 270 dentem
426 231 575 272 studio
615 232 919 275 vehementius
959 233 1154 286 incitari,
1204 238 1340 276 totam
1377 236 1547 290 suscipi
1583 249 1676 278 rem

208 285 454 339 publicam3
485 287 707 329 exclamat
735 292 811 329 tua
839 288 1102 330 familiaris:
1158 289 1290 341 „Hoc
1328 303 1433 331 vero
1462 291 1678 333 neminem

209 353 400 393 unquam
447 341 657 384 audivi!“
712 344 811 397 Ego
859 344 1064 397 repressi.
1122 342 1211 385 Sed
1258 349 1303 386 et
1343 346 1524 387 Cassius
1567 347 1677 387 mihi

208 396 450 437 videbatur
477 397 643 439 iturus:
675 421 729 427 ——
759 399 919 439 etenim
948 399 1145 441 Servilia
1183 401 1481 454 pollicebatur
1519 415 1566 442 se
1605 415 1678 443 cu-

208 454 421 504 raturam,
466 457 516 494 ut
561 453 641 494 illa
689 453 901 495 frumenti
949 455 1121 496 curatio
1167 455 1222 496 de
1261 459 1438 498 senatus
1478 458 1678 499 consulto

208 505 463 549 tolleretur:
491 530 544 536 --
581 514 625 550 et
662 513 812 550 noster
852 509 942 550 cito
989 510 1190 551 deiectus
1230 517 1298 552 est
1337 512 1392 552 de
1438 512 1519 552 illo
1556 512 1679 554 inani

207 574 420 604 sermone.
477 562 612 605 Velle
657 565 773 605 enim
817 578 864 606 se
905 564 1096 607 dixerat.
1156 565 1402 608 Constituit
1439 568 1593 622 igitur,
1631 573 1681 609 ut

207 617 317 670 ludi,
354 619 535 660 absente
564 633 626 677 se,
677 619 836 660 fierent
878 632 958 661 suo
995 622 1184 662 nomine.
1251 622 1493 664 Proficisci
1532 626 1679 664 autem

207 672 321 713 mihi
349 673 397 714 in
426 675 578 716 Asiam
605 674 842 717 videbatur
870 676 925 716 ab
953 675 1087 717 Antio
1116 676 1246 718 velle.
1305 678 1374 720 Ne
1412 679 1575 728 mult-23
1613 679 1680 719 ni·
1741 719 1749 724 ,

206 728 274 768 hil
311 743 380 770 me
420 730 467 770 in
505 730 589 772 illo
630 730 793 771 itinere
843 735 1022 785 praeter
1068 731 1385 774 conscientiam
1425 733 1678 776 delectavit.

203 783 306 825 Non
346 785 464 826 enim
503 785 590 826 suit
628 786 1005 839 committendum,
1056 791 1105 827 ut
1148 787 1229 828 ille
1269 801 1328 829 ex
1367 788 1504 830 Italia
1541 789 1681 843 prius,

203 852 337 894 quam
366 853 394 882 a.
421 854 493 882 me
532 846 776 883 conventus
815 847 946 894 esset,
1001 841 1271 885 discederet.
1357 843 1458 885 Hoc
1505 843 1681 898 dempto

203 908 382 941 munere
413 897 576 938 amoris
606 901 735 951 atque
765 896 925 949 officii,
954 899 1232 953 sequebatur,
1260 902 1309 939 ut
1336 912 1507 940 mecum
1536 899 1654 955 ipse:

312 949 359 990 ‘H
382 954 476 1002 ὁεῦῤ
505 950 591 996 ὁδός
619 966 681 992 σοι
708 954 750 992 τί
775 951 941 992 δύναται
968 956 1050 999 νῦν,
1077 951 1308 1003 θεοπρόπες

204 1005 401 1048 Prorsus
431 1008 697 1049 dissolutum
728 1008 895 1048 offendi
925 1007 1152 1061 navigium
1192 1009 1265 1049 vel
1305 1008 1452 1062 potius
1492 1009 1681 1064 dissipa-

205 1066 312 1104 tum.
369 1061 502 1103 Nihil
533 1063 737 1112 consilio,
767 1063 883 1103 nihil
915 1062 1105 1114 ratione,
1149 1063 1266 1103 nihil
1297 1064 1467 1105 ordine.
1525 1066 1681 1120 Itaque

204 1117 289 1158 etsi
327 1124 382 1158 ne
424 1120 553 1158 antea
591 1117 774 1172 quidem
813 1117 1031 1169 dubitavi,
1079 1122 1226 1159 tamen
1265 1132 1380 1159 nunc
1430 1133 1483 1160 eo
1521 1121 1681 1172 minus,

206 1171 383 1216 evolare
411 1171 533 1226 hinc,
563 1173 698 1231 idque
728 1174 1066 1230 quamprimum,
1097 1173 1172 1214 ubi

206 1338 306 1373 chen
330 1337 445 1382 kann,
472 1337 634 1374 sondern
661 1349 697 1372 es
723 1339 817 1372 ffir’s
842 1336 956 1373 Erste
992 1336 1091 1371 heim
1115 1337 1307 1384 ingressus
1345 1348 1443 1371 muss
1476 1338 1683 1374 bewenden

206 1387 342 1421 lassen.
392 1387 496 1422 Fasst
520 1399 607 1421 man
632 1387 734 1421 diese
760 1386 879 1421 Stelle
907 1395 966 1429 so;
1001 1385 1098 1418 dann
1131 1384 1266 1418 bedarf
1297 1385 1350 1418 sie
1376 1385 1485 1420 nicht
1510 1386 1580 1421 der
1602 1387 1681 1421 An·

208 1434 344 1468 nahme
372 1435 477 1469 einer
501 1435 727 1470 Parenthese
752 1434 854 1469 noch
880 1434 949 1468 der
974 1433 1254 1480 Verbesserung
1282 1433 1512 1476 attingerem.
1547 1452 1590 1458 —
1621 1436 1685 1468 scd

208 1482 436 1531 attingerem
462 1483 543 1526 (aus
569 1483 775 1531 attingere)
801 1481 896 1516 oder
932 1481 1120 1528 attingere
1154 1480 1346 1528 ingressus
1379 1492 1509 1524 essem,
1551 1482 1685 1516 darauf

208 1531 472 1579 eingegangen
496 1543 578 1565 war
601 1530 846 1571 anzudeuten,
872 1533 1038 1563 senatum
1062 1528 1191 1561 vocari
1217 1553 1224 1561 .
1252 1553 1260 1560 .
1286 1553 1294 1561 .
1321 1529 1474 1563 incitari
1498 1554 1506 1562 .
1533 1554 1542 1562 .
1565 1559 1573 1567 .
1601 1541 1680 1564 sus-

205 1579 281 1622 cipi
306 1578 391 1613 scil.
425 1580 648 1624 oportuisse.
685 1599 727 1605 --
753 1578 902 1622 suscipi.
951 1575 1015 1610 Sic
1040 1575 1177 1621 scripsi
1204 1576 1299 1610 coni.
1334 1577 1434 1618 (scil.
1459 1589 1480 1610 a
1503 1588 1679 1625 τυραννο-

206 1623 347 1667 κτόνοις
370 1627 486 1661 totius
519 1628 577 1662 rei
603 1626 779 1673 publicae
816 1624 1080 1674 gubernandae
1112 1634 1240 1657 curam
1272 1625 1408 1669 suscipi
1440 1626 1684 1671 oportuisse),

207 1675 350 1719 suscipe
374 1675 458 1709 Asc.
485 1681 608 1721 utraq.
642 1676 697 1708 Iu.
724 1675 825 1708 Crat.
862 1673 1047 1717 suscipere
1077 1672 1149 1706 Md.
1176 1671 1270 1706 Vict.
1300 1675 1330 1706 1.
1358 1675 1389 1708 2.
1435 1673 1564 1707 Lamb.
1599 1676 1682 1709 Bos.

209 1723 347 1757 Graev.
369 1723 589 1767 susciperem
614 1722 659 1756 de
683 1723 712 1756 Ι.
738 1722 779 1756 F.
808 1721 972 1756 Gronov.
1007 1731 1106 1765 susp.
1141 1720 1234 1754 Ern.
1275 1719 1363 1754 Sch.
1394 1721 1488 1755 Liin.
1538 1721 1611 1756 Sed
1645 1722 1684 1755 id

158 1798 162 1801 .
209 1770 249 1803 h.
276 1770 303 1804 1.
356 1770 490 1805 Cicero
515 1772 561 1806 de
586 1783 624 1805 se
650 1770 777 1805 dicere
814 1770 971 1803 minime
1001 1774 1161 1814 poterat.
1207 1767 1400 1801 ORELLI.
1451 1768 1561 1812 „dass
1596 1781 1682 1803 man

209 1817 293 1852 sich
319 1817 419 1853 h‘a'tte
446 1819 514 1853 der
539 1830 683 1867 ganzen
706 1814 971 1866 Staatsgewalt
996 1815 1226 1850 bemeistern
1250 1816 1409 1850 sollen.“
1441 1836 1483 1842 --
1529 1821 1591 1851 tua
1607 1819 1681 1860 fa-

207 1866 371 1900 wiliaris
395 1866 572 1904 Servilia.
608 1888 650 1893 —
677 1867 848 1900 neminem
873 1866 1012 1908 dicere,
1037 1864 1250 1907 dicentem3
1278 1863 1435 1898 suadere.
1462 1889 1470 1897 .
1497 1889 1505 1897 .
1533 1866 1681 1899 audivi!

209 1933 256 1939 -
282 1915 452 1958 repressi,
488 1914 646 1949 brachte
671 1915 725 1948 sie
752 1926 838 1948 zum
868 1912 1107 1960 Schweigen.
1158 1929 1207 1960 —q
1249 1911 1380 1952 iturus,
1422 1923 1492 1945 zur
1524 1913 1680 1947 Abx-eise

211 1962 494 1996 entschlossen:
530 1964 600 1997 mit
626 1962 773 1997 blosser
797 1962 936 2008 legatio
967 1960 1099 1994 libera.
1151 1977 1193 1984 —
1245 1963 1280 1992 et
1310 1963 1433 1993 noster
1464 1961 1510 1993 M.
1545 1962 1682 1995 Brutus

210 2009 341 2044 omisit
365 2010 552 2051 celeriter,
587 2011 688 2055 quod
722 2017 806 2044 ante
832 2010 988 2050 dixerat,
1025 2018 1063 2041 se
1090 2007 1246 2041 Romam
1283 2007 1436 2044 iturum.
1482 2008 1588 2045 SGH.
1633 2028 1681 2035 -

212 2057 333 2094 Velle.
361 2059 460 2102 quod
485 2059 583 2092 mihi
606 2059 778 2105 placeret
804 2058 826 2090 i.
843 2069 875 2091 e.
901 2056 1001 2090 velle
1027 2054 1247 2097 concedere,
1272 2055 1506 2103 nachgeben.
1536 2075 1578 2082 -
1605 2057 1681 2092 ludi

209 2105 458 2152 Apollinares.
505 2106 541 2141 S.
569 2119 616 2140 zu
642 2119 698 2152 ep.
728 2107 818 2141 723:
844 2105 966 2138 Ludos
989 2114 1072 2137 vero
1098 2113 1167 2136 non
1184 2104 1332 2145 facere.
1588 2146 1593 2152 Ι

305 2155 339 2188 3.
390 2154 447 2188 Ne
471 2155 585 2188 multa
609 2156 810 2199 proferam,
846 2164 908 2186 um
937 2151 1047 2185 nicht
1080 2163 1127 2184 zu
1161 2150 1394 2198 weitl'auftig
1426 2163 1473 2185 zu
1504 2151 1595 2186 sein.
1642 2152 1679 2186 S.

210 2202 355 2236 Grotos.
382 2202 410 2244 §.
437 2203 518 2238 434.
543 2202 693 2236 Ramsh.
727 2202 756 2243 ἓ.
783 2202 866 2243 203,
892 2200 943 2242 11,
969 2212 1001 2239 a,
1028 2201 1059 2233 1.
1086 2201 1121 2234 2.
1152 2217 1196 2223 —
1229 2203 1347 2243 praet.
1374 2210 1502 2243 consa,
1539 2199 1678 2235 Nichts

211 2261 252 2284 so
278 2249 368 2283 sehr
392 2250 449 2283 als
485 2250 548 2283 das
573 2249 837 2291 Bewusstsein‚
873 2247 934 2282 die
967 2247 1106 2281 Pflicht
1138 2246 1202 2281 des
1236 2246 1425 2281 Freundes
1459 2248 1593 2282 erfiillt
1629 2261 1676 2282 zu
1764 2255 1775 2269 ¹

209 2298 346 2331 haben.
374 2316 416 2322 ——
451 2299 636 2341 committ.‚
661 2298 726 2330 ich
753 2297 893 2331 konnte
918 2294 1027 2329 nicht
1051 2295 1230 2342 zugeben.
1265 2312 1308 2319 -—
1349 2295 1428 2328 Hoc
1453 2295 1592 2339 dempto
1617 2307 1677 2338 m.,

210 2344 421 2393 abgesehen
447 2357 521 2380 von
548 2346 687 2380 diesem
704 2346 820 2390 Opfer
843 2356 878 2377 u.
907 2355 936 2378 s.
962 2355 1011 2378 w.
1038 2363 1081 2369 —
1106 2353 1193 2386 sequ,
1218 2347 1254 2376 ut
1278 2353 1363 2398 inec.
1390 2343 1465 2398 ipse
1488 2344 1678 2388 loquerer,

210 2395 341 2428 musst’
364 2393 429 2427 ich
454 2393 549 2427 doch
575 2394 650 2427 mir
673 2393 787 2427 selbst
812 2393 979 2426 zurufen.
1024 2410 1066 2415 —
1112 2390 1169 2424 θε
1184 2403 1299 2437 οπρο
1312 2402 1376 2432 πε,
1399 2397 1473 2425 iter
1498 2391 1572 2425 huc
1597 2404 1676 2425 sus-

210 2449 363 2486 ceptum
389 2441 451 2475 cui
476 2441 558 2475 usui
582 2441 653 2475 tibi
679 2452 779 2474 nunc
806 2446 872 2480 est,
899 2440 1027 2473 vates?
1076 2438 1248 2472 Senarius
1274 2439 1424 2474 videtur
1443 2438 1678 2483 Sophocleus

210 2489 462 2524 Valckenario
488 2490 636 2523 diatrib.
663 2489 708 2523 ad
736 2488 868 2533 Eurip.
901 2489 951 2523 fr.
978 2499 1015 2532 p.
1042 2488 1137 2525 192„
1168 2487 1271 2521 cuius
1308 2486 1421 2521 initio
1451 2486 1553 2520 infra
1588 2498 1676 2530 quo·

210 2550 283 2583 que
307 2538 430 2572 utitur
468 2537 513 2571 ad
545 2537 658 2571 Attio.
693 2537 787 2577 XVI,
812 2538 834 2571 6
860 2538 960 2579 (759,
980 2537 1032 2577 2).
1081 2535 1311 2569 Particulam
1348 2533 1414 2569 νῦν
1448 2534 1511 2568 vel
1543 2534 1677 2568 Cicero

209 2587 289 2631 ipse
314 2585 377 2620 vel
401 2585 536 2630 aliquis
563 2585 742 2618 librarius
774 2584 937 2623 infersit,
969 2583 1112 2628 opinor.
1150 2583 1257 2618 SCH.
1306 2602 1347 2608 —
1399 2582 1537 2622 dissoL,
1570 2581 1677 2625 leck;

208 2633 348 2677 dissip„
384 2644 479 2677 ganz
507 2633 548 2666 in
578 2633 756 2667 Stiicken.
804 2632 881 2665 Ein
919 2631 1027 2672 Bild,
1064 2630 1138 2666 wie
1175 2642 1232 2676 ep.
1268 2633 1348 2667 813.
1388 2641 1510 2678 geg-en
1544 2628 1676 2682 Eride-3

207 2683 267 2718 33.
288 2682 344 2717 55.
369 2681 451 2716 Liv.
477 2682 537 2724 44,
560 2683 618 2718 22.
645 2682 773 2715 Horat.
800 2680 923 2714 Carm.
949 2679 981 2721 1,
1008 2679 1061 2713 14.
1088 2697 1135 2704 --
1159 2679 1265 2714 Nihil
1286 2685 1411 2727 agunt.
1439 2697 1481 2702 —
1506 2677 1676 2717 dubitavi,

208 2729 375 2766 anstand.
406 2750 446 2756 —
474 2740 514 2764 eo
542 2730 657 2765 minus
680 2728 819 2764 dubito.
848 2749 888 2756 --
906 2728 1050 2762 evolare
1075 2724 1154 2762 hinc
1184 2738 1237 2771 eo,
1263 2728 1332 2764 ubi.
1353 2746 1393 2752 —
1412 2725 1676 2770 Ρεὶορίιῑανιιηιἰν
