1795 3086
141 617 168 656 (ἰ

216 50 306 97 170
502 50 563 92 Μ.
598 50 652 91 Τ.
688 47 1029 92 CICERONIS
1061 49 1433 94 EPISTOLAE.

205 166 307 206 «lom
346 164 524 214 malum,
569 162 615 202 in
654 160 874 203 mandatis
915 166 984 203 sat
1029 162 1212 203 abunde:
1270 162 1348 203 HS
1387 176 1528 204 Lxxn.
1579 166 1687 206 satis

206 235 320 272 esse,
349 219 520 260 affatim
549 230 756 272 prorsus3
786 217 864 258 sed
893 217 1129 259 Xenonem
1159 218 1397 272 pei-exigue
1426 224 1470 259 et
1497 221 1689 269 γλίσχρώς

205 277 431 331 praebere,
463 273 531 325 [id
560 277 641 323 est,
670 273 954 324 minutatim}
1003 274 1104 324 Quo
1133 275 1232 328 plus
1263 275 1526 328 permutasti
1555 288 1685 329 quam

205 333 262 372 ad
291 331 489 371 fructum
518 329 779 379 insularum,
810 328 858 369 id
876 329 968 370 *ille
998 343 1135 371 annus
1166 329 1339 382 habeat,
1379 330 1425 370 in
1455 343 1581 384 quem
1610 331 1685 371 iti-

205 386 326 428 neris
371 389 570 439 sumptus
619 385 816 426 accessit.
905 385 1024 426 Hinc
1070 399 1127 426 ex
1174 385 1277 426 Kal.
1324 385 1469 439 April.
1510 386 1573 434 ad,
1605 386 1684 426 HS

205 456 350 484 LXXX.
394 441 762 482 accommodetur.
827 438 956 481 Nunc
996 441 1114 482 enim
1152 440 1324 483 insulae
1362 445 1543 481 tantum.
1604 441 1687 482 Vi·
1741 476 1765 485 ,.

206 499 399 539 (lendum
430 497 544 538 enim
581 502 662 546 est,
704 494 827 552 quid,
873 509 1007 549 quum
1046 496 1217 538 Romae
1255 497 1353 538 erit.
1429 496 1531 537 Non
1572 496 1688 537 enim

205 558 312 608 puto
361 566 538 595 socrum
576 553 704 593 illam
744 550 984 593 ferendam.
1051 552 1252 594 Pindaro
1291 553 1346 593 de
1377 552 1574 592 Cumano
1615 566 1688 593 ne-

206 623 372 663 garam.
429 609 574 659 Nunc,
614 608 741 648 cuius
772 607 836 647 rei
867 620 1002 648 causa
1037 608 1324 650 tabellarium
1366 608 1577 659 miserim,
1620 621 1691 647 ac-

207 667 318 721 cipe.
378 664 434 715 Q.
466 664 588 704 filius
618 662 733 704 mihi
761 662 1001 717 pollicetur
1040 676 1087 703 se
1118 663 1344 705 Catonem.
1404 663 1516 717 Egit
1546 667 1691 704 autem

205 727 251 764 et
278 724 405 777 pater
436 724 481 761 et
509 719 648 772 filius,
678 722 728 760 ut
756 718 839 759 tibi
868 717 1159 773 sponderem:
1191 720 1268 761 sed
1297 720 1375 766 ita,
1403 723 1454 760 ut
1479 723 1571 760 tum
1593 733 1689 760 cre-

204 969 371 1011 Gulden)
397 965 531 1001 reiche
559 976 600 1000 er
625 977 700 1007 aus,
727 964 841 998 daran
867 963 962 998 habe
989 974 1031 997 er
1056 963 1179 1009 v'ollig
1206 976 1275 997 zur
1300 964 1470 1012 Geniige.
1517 982 1558 990 ·-
1604 975 1691 1008 per-

205 1019 337 1060 exigue
362 1020 393 1049 et
419 1016 644 1060 γλίσχρως
670 1027 717 1044 :z
743 1023 870 1057 parce,
897 1012 1077 1053 tenuiter,
1102 1013 1222 1054 „aber
1248 1013 1349 1047 Xeno
1375 1014 1484 1046 zahle
1509 1012 1591 1045 ihm
1618 1012 1692 1046 den

204 1064 395 1102 Wechsel
419 1064 487 1096 auf
509 1063 592 1096 eine
618 1060 783 1104 winzige
809 1059 885 1093 und
911 1059 1139 1106 knickerige
1150 1059 1221 1094 Art
1248 1060 1281 1093 d.
1307 1060 1332 1093 i.
1357 1073 1405 1094 zu
1429 1060 1585 1094 kleinen
1601 1061 1690 1094 Por-

205 1115 336 1148 lionen
381 1123 459 1144 aus.
519 1110 622 1142 Xeno
661 1108 787 1141 Attico
831 1107 1032 1141 mandante
1071 1107 1274 1152 pecuniam
1317 1108 1479 1142 Athenis
1515 1108 1691 1142 Ciceroni

205 1158 440 1195 numerabat.
493 1156 530 1190 S.
566 1168 624 1202 ep.
651 1157 734 1198 698,
760 1155 794 1189 4.
823 1156 905 1195 733,
933 1157 966 1190 2.
1018 1173 1061 1178 —
1112 1166 1181 1199 quo
1207 1155 1314 1195 (Ern.
1343 1155 1431 1189 Sch.
1457 1156 1553 1189 Liin.
1581 1157 1692 1200 quod)

204 1211 286 1255 plus
310 1205 528 1252 permutasti
553 1229 562 1237 .
591 1229 598 1236 .
627 1229 635 1238 .
664 1203 827 1242 accessit,
865 1215 928 1236 um
956 1203 1032 1237 wie
1058 1202 1137 1236 viel
1161 1202 1273 1237 mehr
1297 1203 1370 1246 Du,
1395 1204 1497 1237 mein
1522 1203 1689 1245 Attikus,

206 1270 253 1291 an
276 1254 467 1293 Wechsel
491 1252 657 1286 meinem
684 1251 812 1285 Sohne
845 1250 1065 1295 ausgestellt
1098 1250 1182 1285 hast
1214 1252 1258 1293 (s.
1285 1251 1447 1299 Madvig.
1474 1254 1506 1286 l.
1548 1262 1587 1296 p.
1616 1253 1691 1294 73),

207 1307 263 1340 als
290 1306 354 1337 eiu
378 1301 552 1337 Iahrzins
590 1300 658 1333 der
682 1298 952 1342 Inselgeb‘aude
986 1299 1150 1346 betriigt‚
1191 1300 1265 1333 Das
1298 1299 1373 1332 soll
1408 1301 1475 1333 auf
1504 1299 1566 1333 das
1596 1297 1693 1333 Iahr

209 1352 416 1388 berechnet
435 1348 604 1390 werden,
629 1347 670 1380 in
695 1347 884 1381 welchem
911 1347 972 1380 die
997 1346 1243 1392 Reisekosten
1269 1347 1362 1380 dazu
1386 1346 1535 1383 kamen.
1562 1348 1612 1381 ad
1636 1354 1693 1381 est

207 1400 368 1436 verbum
406 1396 579 1438 rationis,
608 1395 661 1428 im
686 1394 921 1428 Verh'altniss
948 1406 1009 1430 zu.
1061 1394 1165 1429 Uber
1190 1394 1250 1428 die
1276 1395 1361 1428 dem
1387 1395 1529 1442 iungen
1557 1396 1692 1429 Cicero

207 1453 442 1497 ausgesetzte
478 1444 617 1478 Miethe
654 1455 682 1476 s.
711 1455 768 1488 ep.
798 1445 879 1483 732,
906 1443 928 1476 4
960 1454 996 1475 u.
1024 1454 1052 1477 s·
1080 1453 1126 1476 w.
1170 1463 1213 1468 —
1256 1443 1353 1476 Hinc
1390 1443 1478 1483 (Hic
1508 1443 1589 1477 scil.
1627 1455 1693 1476 an-

208 1510 278 1531 nus
304 1495 379 1529 Md.
406 1493 494 1533 cet.)
530 1517 538 1525 .
567 1520 574 1528 .
602 1491 924 1533 accommodetur,
950 1489 1108 1538 kiinftig
1139 1491 1248 1537 mb'ge
1288 1490 1358 1524 der
1382 1490 1593 1538 Iahrgang,
1632 1491 1693 1525 die

208 1543 401 1578 i'zihrliche
435 1541 589 1574 Pension
622 1549 711 1572 vom
745 1540 849 1572 lsten
881 1538 995 1584 April
1028 1549 1074 1571 an
1113 1539 1180 1571 auf
1213 1539 1345 1580 80‚000
1382 1538 1591 1572 Sestertien
1628 1540 1694 1582 (Ξ

206 1595 302 1629 8000
340 1589 509 1630 Gulden)
542 1586 747 1621 berechnet
783 1585 952 1621 werden.
998 1604 1041 1609 -——
1080 1589 1217 1620 tantum
1251 1586 1275 1618 i.
1302 1597 1331 1619 e.
1367 1586 1574 1628 mercedes,
1612 1588 1692 1620 fru-

207 1649 289 1676 ctus
316 1638 526 1673 insularum
550 1641 697 1669 tantum
724 1634 912 1676 efficiunt,
939 1634 1117 1681 betragen
1145 1644 1186 1668 so
1212 1633 1362 1667 vieL—
1395 1635 1474 1670 Vid.
1502 1635 1606 1678 enim,
1633 1646 1694 1669 wo

206 1690 305 1724 enim
329 1701 379 1719 z
405 1687 446 1719 ia
479 1684 563 1718 sich
597 1684 664 1716 auf
695 1683 768 1716 den
808 1682 1093 1730 ausgelassenen
1127 1681 1351 1716 Gedanken:
1393 1682 1531 1716 Mehr
1565 1682 1694 1716 kann

208 1737 280 1771 ich
306 1735 411 1770 ihm
437 1732 571 1766 nicht
596 1737 854 1771 aussetzen,
881 1730 1052 1764 offenbar
1077 1729 1252 1772 bezieht;
1286 1729 1386 1764 ohne
1410 1730 1516 1764 Noth
1542 1732 1693 1765 verbes-

208 1791 311 1820 serte
335 1781 508 1816 desshalb
534 1779 675 1814 Schiitz
701 1779 831 1822 (Lim.)
857 1779 980 1813 etiam.
1009 1797 1053 1803 -—-
1086 1778 1182 1823 quid,
1209 1789 1311 1821 quum
1336 1779 1474 1812 Romae
1498 1779 1581 1820 erit,
1608 1779 1692 1814 scil.

208 1831 463 1868 nec-essarium
489 1828 525 1863 ei
551 1830 723 1862 futurum
750 1827 799 1860 sit
824 1827 864 1860 in
891 1833 1095 1872 sumptum.
1129 1826 1359 1860 ERNESTI.
1404 1826 1489 1874 vgl.
1527 1838 1584 1871 ep.
1612 1829 1693 1870 728,

207 1885 243 1916 3,
271 1883 305 1915 4.
336 1898 376 1904 —-
403 1888 545 1912 socrum
571 1877 678 1910 illam
697 1875 906 1918 ferendam.
956 1876 1030 1909 Hic
1067 1875 1112 1908 de
1145 1874 1270 1920 puella
1304 1873 1462 1918 quadam
1488 1873 1605 1909 divite
1633 1875 1695 1909 Ci-

209 1928 342 1963 ceroni
369 1927 451 1959 filio
477 1923 697 1959 collocanda
722 1923 859 1970 agitur.
912 1923 1072 1958 Sensus:
1107 1922 1317 1956 Videndum
1352 1923 1465 1957 etiam
1492 1929 1559 1964 est,
1596 1923 1694 1958 unde

209 1977 314 2011 filius
337 1987 445 2009 meus
471 1973 605 2007 habeat
638 1972 679 2004 in
711 1977 916 2017 sumptum,
960 1982 1076 2015 quum
1109 1971 1249 2005 Romae
1283 1970 1375 2004 erit:
1421 1982 1508 2004 nam
1543 1972 1694 2016 nuptias

208 2026 309 2066 illas,
335 2034 425 2067 quas
452 2021 564 2064 nosti,
591 2020 690 2054 haud
715 2020 880 2054 arbitror
905 2019 1064 2054 confieri
1100 2029 1226 2063 posse3
1268 2018 1339 2052 etsi
1375 2019 1476 2053 enim
1511 2018 1604 2053 bene
1630 2019 1695 2053 do-

209 2079 285 2107 iata
311 2078 366 2106 est
393 2070 460 2103 illa
488 2070 615 2117 virgo,
654 2074 781 2102 tamen
811 2068 913 2102 haud
943 2074 1034 2113 puto
1068 2073 1227 2101 matrem
1263 2067 1340 2100 eius
1377 2073 1419 2101 ut
1450 2077 1598 2100 socrum
1633 2067 1696 2102 vel

208 2121 291 2155 filio
318 2119 384 2154 vel
409 2118 508 2151 mihi
532 2116 732 2151 ferendam
756 2127 845 2150 esse.
888 2115 997 2150 SGH.
1048 2135 1091 2141 —
1143 2115 1187 2148 de
1225 2115 1393 2149 Cumano.
1438 2114 1620 2148 Pindarus
1650 2115 1696 2150 de

210 2167 368 2203 cumani
396 2164 617 2199 venditione
654 2165 748 2198 adiit
774 2163 1000 2198 Ciceronem
1033 2163 1138 2207 isque
1178 2163 1216 2196 id
1252 2162 1385 2199 venale
1418 2162 1584 2210 negavit.
1638 2163 1695 2197 Cf.

210 2229 268 2263 ep,
296 2218 378 2256 793,
406 2216 466 2250 5.“
517 2214 568 2247 Ut
593 2224 672 2254 nos,
701 2212 775 2248 Md.
802 2211 899 2244 Edd.
925 2217 1011 2244 ante
1037 2212 1117 2244 Bos.
1144 2210 1236 2244 Ern.
1263 2211 1360 2243 Lall.
1398 2221 1417 2244 e
1451 2210 1541 2244 Cdd.
1575 2211 1696 2259 Regg.

210 2265 375 2299 Pindaro
401 2263 596 2296 decumano
622 2262 702 2294 Bos.
727 2259 834 2306 prob.
863 2260 1036 2293 Gronov.
1069 2259 1207 2292 Graev.
1247 2257 1334 2292 Sch.
1362 2258 1456 2292 Liin.
1500 2259 1696 2292 ORELLI.

209 2315 405 2347 decumano
431 2310 454 2343 i.
483 2320 512 2343 e.
540 2308 752 2353 publicano,
779 2307 844 2352 qui
870 2307 1031 2341 decimas
1057 2317 1235 2354 agrorum
1260 2306 1498 2351 publicorum
1525 2307 1695 2341 redeme-

211 2369 284 2400 rat,
336 2358 517 2403 Suspicor
542 2357 744 2390 Pindarum
771 2356 1016 2389 decumanum
1041 2355 1197 2389 fortasse
1223 2355 1269 2388 de
1294 2354 1362 2388 illa
1388 2355 1515 2399 puella
1540 2355 1695 2390 Cicero-

212 2411 270 2443 nis
295 2408 377 2442 filio
404 2405 623 2441 collocanda
649 2404 694 2437 ad
720 2415 803 2436 eum
830 2403 1042 2450 delegatum
1068 2403 1198 2445 fuisse,
1234 2402 1308 2444 cui,
1343 2410 1428 2436 ante
1456 2413 1566 2447 quam
1598 2403 1697 2436 hanc

212 2457 411 2503 epistolam
441 2453 636 2495 scriberet,
671 2452 745 2485 iam
770 2458 975 2500 negaverat
1007 2451 1077 2485 sibi
1101 2451 1208 2484 illam
1241 2450 1497 2486 conditionem
1534 2451 1697 2496 placere.

213 2506 322 2541 SCH.

312 2580 345 2613 6.
395 2587 432 2610 se
461 2575 647 2616 Catonem,
678 2571 896 2618 verspricht
933 2572 994 2606 ein
1020 2572 1180 2606 zweiter
1205 2571 1293 2605 Cato
1320 2584 1365 2604 zu
1392 2570 1558 2606 werden.
1608 2570 1695 2618 vgl.

213 2638 269 2672 ep.
300 2627 380 2667 746,
406 2626 440 2660 2.
465 2624 555 2668 poll.
580 2633 618 2655 se
643 2621 703 2665 qui
734 2621 814 2654 cat.
842 2621 865 2654 i.
893 2632 923 2654 e.
949 2631 988 2654 se
1012 2621 1114 2665 sequi
1147 2620 1246 2654 Crat.
1282 2620 1365 2653 Asc.
1393 2631 1452 2665 pr.
1503 2617 1697 2651 ORELLI.

213 2674 426 2719 pollicetur
453 2683 491 2706 se
518 2671 699 2705 Catonem
732 2669 771 2701 in
798 2668 1031 2703 defendenda
1064 2668 1198 2713 populi
1236 2668 1414 2702 libertate
1446 2666 1695 2699 imitaturum.

213 2723 324 2760 5011..
355 2741 393 2745 —
424 2725 459 2753 nt
488 2719 557 2753 tibi
580 2719 718 2762 spond„
746 2717 847 2752 mich
875 2718 937 2751 fiir
964 2717 1024 2751 die
1050 2715 1260 2753 Wahrheit
1297 2717 1363 2749 dor
1396 2714 1516 2749 Sache
1544 2714 1601 2747 bei
1630 2714 1698 2749 Dir
