1795 3086
333 88 642 134 EPISTOLA
673 88 980 134 DchVIII.
1011 87 1269 132 DCCXIX.
1462 87 1549 134 125

80 206 127 243 in
158 206 356 253 nostros3
396 215 478 256 ego
519 201 626 255 quid
656 199 846 241 faciam?
895 205 969 242 aut
996 216 1083 257 quo
1111 216 1179 242 mc
1210 202 1339 256 pacto
1370 203 1546 255 geram?

81 257 199 298 Mihi
227 271 333 300 vero
363 258 652 298 deliberatum
682 259 763 307 est,
815 259 861 295 ut
900 269 1014 297 nunc
1052 258 1228 312 quidem
1266 260 1347 307 est,
1396 257 1547 298 abesse

79 327 138 354 ex
168 326 218 353 ea
246 315 369 362 urbe,
398 313 443 354 in
473 325 559 366 qua
588 325 675 352 non
703 310 836 351 modo
864 309 999 350 florui
1037 326 1136 353 cum
1166 324 1348 363 summa,
1392 324 1547 353 verum

80 369 215 409 etiam
246 369 409 411 servivi
440 381 539 408 cum
569 368 718 421 aliqua
746 365 976 419 dignitate.
1052 367 1148 408 Nec
1186 372 1275 409 tam
1313 365 1448 408 statui
1487 380 1547 408 ex

81 424 212 464 Italia
240 426 377 477 exire,
416 423 469 464 de
507 436 593 477 quo
632 427 778 464 tecum
819 420 1088 473 deliberabo,
1138 436 1267 476 quam
1306 423 1421 464 istuc
1459 436 1545 465 non

81 493 245 521 venire.
582 498 585 499 ⁷

271 731 581 774 EPISTOLA
615 732 877 774 DCCXIX.
926 732 1004 781 (ad
1034 731 1123 772 Ast.
1156 731 1265 774 XV.
1296 732 1355 783 8.)

191 806 270 840 scr.
300 807 335 839 in
362 805 572 839 Tusculano
597 807 657 838 vi.
686 806 764 839 Kal.
790 807 870 841 lun.
897 806 938 839 A.
966 805 1010 841 U.
1038 806 1076 838 c,
1103 807 1180 840 710.
1225 808 1274 849 (a.
1300 806 1340 839 c.
1366 807 1438 851 44.)

84 894 135 926 De
162 892 283 927 literis
318 892 361 926 ad
396 892 596 925 Antonium
636 891 756 925 missis
789 898 826 925 et
859 891 904 924 de
944 891 1114 936 periculo
1149 892 1232 938 agri
1269 891 1470 926 Tusculani
1508 893 1547 926 in

447 939 617 990 Gracvqeii
645 939 800 985 epistola
826 946 1043 973 memorato.
1072 940 1172 974 1-2.

581 1010 759 1045 CICERO
790 1010 972 1045 ATTICO
1006 1009 1043 1044 S.

194 1078 304 1119 Post
351 1080 472 1118 tuum
511 1076 756 1118 discessum
795 1076 921 1118 binas
971 1091 996 1117 a
1034 1076 1203 1128 Balbo;
1257 1078 1374 1120 nihil
1420 1080 1547 1121 novi:

82 1134 274 1188 itemque
304 1133 357 1174 ab
386 1132 563 1181 Hirti0;
615 1132 690 1187 qui
729 1146 776 1174 se
817 1132 976 1174 scribit
1011 1132 1298 1175 vehementer
1334 1135 1552 1176 offensum
1603 1149 1606 1154 ·

82 1203 177 1230 esse
205 1188 440 1230 veteranis.
496 1189 744 1242 Exspectat
772 1189 958 1236 animus,
990 1188 1200 1242 quidnam
1229 1202 1356 1243 agam
1378 1190 1434 1230 de
1457 1190 1549 1231 Ka-

84 1244 201 1285 lend.
243 1242 475 1295 [Martiis]
551 1244 659 1284 Misi
707 1243 846 1297 igitur
892 1243 1110 1284 Tironem
1150 1249 1194 1285 et
1241 1259 1341 1285 cum
1381 1245 1552 1286 Tirone

83 1301 248 1354 plures,
279 1299 435 1353 quibus
466 1299 666 1352 singulis,
697 1303 743 1339 ut
771 1298 962 1353 quidque
991 1299 1246 1345 accidisset,
1291 1300 1422 1341 dares
1451 1301 1550 1342 lite-

83 1369 174 1396 ras:
203 1360 335 1409 atque
367 1356 501 1395 etiam
531 1354 692 1408 scripsi
729 1354 787 1395 ad
815 1353 1053 1395 Antonium
1093 1355 1148 1395 de
1187 1355 1431 1409 legatione:
1479 1370 1549 1409 ne,

80 1412 120 1452 si
170 1411 227 1451 ad
273 1411 553 1452 Dolabellam
605 1411 745 1450 solum
791 1409 1085 1463 scripsissem,
1135 1410 1372 1452 iracundus
1416 1410 1550 1452 homo

81 1470 441 1508 conunoveretur.
519 1465 650 1515 Quod
690 1468 836 1506 autem
885 1466 1032 1507 aditus
1070 1466 1128 1506 ad
1175 1480 1274 1507 eum
1313 1466 1552 1508 difficilior

82 1536 178 1563 esse
207 1521 387 1574 dicitur⁷
416 1521 578 1574 scripsi
607 1522 665 1561 ad
694 1521 998 1575 Eutrapelum,
1028 1526 1076 1563 ut
1106 1522 1144 1562 is
1175 1522 1217 1563 ei
1244 1535 1364 1564 meas
1394 1522 1551 1564 literas

84 1578 305 1629 redderet,
343 1576 563 1631 legatione
603 1574 717 1616 mihi
756 1589 864 1630 opus
901 1590 1009 1618 esse.
1089 1576 1334 1619 Honestior
1371 1583 1438 1619 est
1477 1592 1553 1620 vo-

84 1764 124 1768 -
157 1742 407 1777 Melzi..‹1elib.
435 1747 497 1783 est,
522 1742 583 1775 bei
610 1742 684 1775 mir
709 1743 836 1777 steht's
870 1743 966 1776 nach
992 1743 1110 1776 reifer
1134 1735 1383 1791 Uberlegung
1407 1744 1493 1778 fest.
1510 1764 1552 1771 --

81 1797 118 1825 ut
146 1818 152 1825 .
182 1817 189 1824 .
215 1795 279 1833 est,
305 1791 535 1838 wenigstens
561 1790 621 1823 bei
647 1790 715 1824 der
741 1791 905 1839 ietzigen
931 1791 1031 1838 Lage
1058 1791 1127 1824 der
1150 1793 1282 1838 Dinge.
1315 1809 1355 1816 ——
1402 1792 1553 1832 servivi,

81 1840 145 1874 sub
171 1850 261 1888 rege
286 1839 377 1872 vixi.
407 1858 452 1863 —
476 1840 581 1879 istuc,
609 1838 772 1872 Romam.

178 1890 207 1921 l.
258 1886 344 1921 Post
369 1891 466 1919 tuum
491 1888 696 1920 discessum.
747 1887 891 1931 Nempe
917 1886 1050 1920 Cicero
1084 1897 1127 1919 ex
1165 1885 1304 1920 Atinati
1337 1887 1376 1919 in
1413 1886 1552 1921 Tuscu-

83 1936 207 1969 lanum
232 1941 388 1968 venerat
412 1935 474 1968 VI.
492 1934 574 1968 Kal.
600 1935 679 1967 Iun.
707 1935 776 1967 cfr.
804 1945 862 1980 ep.
889 1936 968 1969 710.
996 1934 1048 1967 ibi
1074 1934 1200 1968 statim
1229 1934 1369 1968 Atticus
1396 1935 1441 1968 ad
1466 1947 1552 1970 eum

81 1984 264 2025 accurrit3
291 1982 388 2026 quod
413 1994 450 2016 se
477 1984 664 2016 facturum
692 1982 928 2028 promiserat,
970 1988 1011 2015 ut
1044 1993 1088 2014 ex
1123 1981 1250 2015 eadem
1289 1983 1451 2027 epistola
1486 1994 1549 2017 co-

82 2031 287 2078 gnoscitur.
320 2031 428 2067 SCH.
463 2049 510 2054 —
559 2031 683 2073 offen-s.
710 2034 836 2071 veter„
858 2030 1103 2077 ausgebracht
1128 2030 1219 2063 iiber
1243 2030 1304 2064 die
1332 2031 1554 2065 Veteranen.

82 2079 226 2112 Hirtius
264 2090 309 2112 ex
334 2079 547 2112 Tusculano
591 2089 655 2112 suo
682 2084 837 2112 venerat
877 2078 916 2111 in
957 2078 1089 2112 urbem
1123 2077 1250 2121 ibique
1290 2084 1555 2112 veteranorum

83 2126 270 2172 improbos
306 2138 492 2160 sermones
528 2126 695 2159 audierat
722 2127 842 2170 iisque
878 2137 915 2159 se
942 2126 1051 2159 valde
1077 2125 1260 2160 offensum
1288 2137 1367 2160 esse
1393 2126 1553 2171 scripse-

82 2182 149 2211 rat.
181 2174 288 2208 SGH.
338 2174 374 2209 S.
401 2175 434 2208 d.
461 2174 581 2221 vorig.
607 2174 723 2208 Brief.
768 2192 810 2198 —
858 2174 985 2218 Exsp„
1013 2174 1062 2207 ist
1087 2173 1212 2208 voller
1235 2174 1482 2222 Erwartung.
1507 2193 1554 2199 —

81 2234 111 2266 q.
139 2233 262 2266 agam,
287 2233 398 2257 wozu
420 2222 484 2256 ich
509 2221 613 2254 mich
638 2234 696 2254 am
722 2222 858 2256 Ersten
886 2222 1000 2255 oder
1032 2222 1069 2254 in
1109 2221 1290 2255 Hinsicht
1324 2223 1387 2255 des
1414 2222 1553 2256 Ersten

80 2271 158 2312 (des
184 2270 354 2305 Monaths
381 2271 528 2312 Iunius)
555 2270 828 2303 enfschliessen
854 2270 946 2310 soll3
982 2276 1108 2303 utrum
1143 2281 1185 2303 eo
1218 2269 1277 2304 die
1302 2270 1454 2304 Romam
1487 2281 1554 2304 ve-

80 2319 180 2352 niam
206 2325 242 2352 et
267 2319 306 2351 in
332 2325 460 2352 senatu
493 2318 622 2360 adsim,
667 2330 711 2350 an
743 2318 866 2363 potius
901 2317 1112 2362 periculum
1148 2317 1334 2351 vitaturus
1369 2329 1460 2351 rure
1493 2329 1553 2350 me

81 2366 301 2400 contineam.
332 2387 372 2393 —
411 2366 606 2410 [Martiis]
631 2365 701 2399 del.
737 2377 822 2399 cum
860 2366 996 2411 Popma
1024 2365 1121 2399 Lall.
1149 2364 1237 2399 Sch.
1264 2366 1357 2399 Liin.
1396 2364 1552 2398 Intelli-

81 2419 222 2461 guntur
257 2414 357 2448 enim
384 2414 569 2448 Kalendae
595 2413 737 2455 Iuniae,
779 2425 872 2458 quae
903 2413 1079 2458 proxime
1117 2413 1313 2446 instabant.
1365 2433 1406 2438 --
1458 2413 1553 2446 Misi

79 2462 199 2503 igitur
222 2461 268 2494 ad
293 2468 339 2495 te.
367 2480 407 2487 -—-
431 2463 559 2505 plures
586 2472 710 2495 servos
736 2461 962 2496 tabellarios.
994 2481 1038 2486 —
1063 2466 1101 2495 ut
1129 2487 1137 2495 .
1166 2487 1173 2495 .
1201 2462 1309 2494 dares
1334 2460 1407 2498 lit„
1434 2459 1551 2493 damit

81 2509 138 2542 Du
174 2508 250 2541 mir
284 2509 403 2543 durch
437 2510 558 2550 ieden,
602 2509 696 2544 Was
727 2521 774 2542 zu
818 2509 924 2542 ieder
955 2508 1096 2543 Stunde
1134 2507 1305 2555 vorgeht,
1350 2506 1551 2542 schreiben

80 2556 253 2589 k'onnest.
297 2574 339 2580 —
385 2558 427 2590 de
454 2558 639 2600 legatione
664 2558 802 2597 votiva,
831 2557 950 2591 libera
973 2557 1070 2590 mihi
1096 2555 1342 2590 decernenda.
1380 2555 1462 2588 vid.
1490 2567 1547 2601 ep.

80 2606 149 2639 705
176 2603 241 2636 sub
267 2604 329 2636 fin.
357 2625 399 2631 -
425 2609 714 2642 commoveretur,
741 2605 780 2637 in
805 2604 993 2652 Wallung
1019 2603 1204 2652 gei-iethe.
1249 2621 1291 2626 —
1334 2602 1547 2646 difficilior,

81 2650 177 2696 quod
205 2651 384 2684 Antonius
410 2653 549 2687 multis*
565 2653 731 2700 negotiis
756 2659 954 2697 occupatus
983 2658 1072 2685 erat.
1116 2669 1156 2676 —
1202 2649 1443 2684 Volumnium
1470 2651 1545 2684 Eu-

80 2700 275 2742 trapelnm,
319 2700 471 2733 Antonii
504 2700 856 2741 familiarissimum,
901 2700 964 2744 qui
1000 2700 1114 2732 etiam
1154 2697 1214 2730 illi
1248 2698 1405 2731 amicam
1441 2710 1544 2731 suam

80 2745 324 2789 Cytheridem
352 2748 588 2782 concesserit.
624 2748 822 2781 MANUT.
876 2747 955 2780 vid.
985 2746 1148 2791 Philipp.
1176 2746 1225 2789 ΙΙ,
1250 2747 1305 2781 24.
1332 2757 1390 2791 ep.
1419 2745 1455 2780 h.
1486 2747 1541 2779 ed.
