1795 3086
474 63 789 108 EPISTOLA
827 65 1109 108 DCCXVII.
1472 65 1491 109 l
1506 65 1563 112 19

252 176 563 218 EPISTOLA
594 174 881 217 DCCXVII.
942 177 1017 229 (ad
1048 176 1154 218 Div.
1184 175 1271 217 Xl.
1303 177 1389 224 28.)

236 250 315 284 Ser.
343 252 478 286 Romae
504 257 662 285 exeunte
688 251 784 285 Maio
810 251 852 284 A.
882 251 927 283 U.
956 252 996 285 C.
1027 254 1104 288 710.
1147 254 1194 296 (a.
1222 251 1262 287 C.
1289 252 1363 292 44.)

82 317 295 363 Respondet
329 318 462 351 Matius
485 317 559 350 hac
587 317 748 362 epistola
776 316 948 362 proxime
975 318 1164 362 superiori
1189 318 1228 350 in
1255 328 1369 362 eaque
1395 328 1555 365 genero-

82 378 162 400 sum
189 366 378 411 spiritum,
413 365 609 412 ingenium
644 365 805 399 liberale
831 364 1073 408 animumque
1110 367 1316 414 ingenuum
1351 371 1387 400 et
1421 365 1552 398 huma-

413 425 503 446 num
530 412 738 447 verissimis
766 412 915 445 indiciis
941 412 1080 458 prodit.
1119 415 1219 449 1—8,

525 478 712 512 MATIUS
739 478 973 512 CICERONI
1001 477 1037 511 S.
1063 479 1107 512 D.

190 547 396 601 Magnam
424 545 692 599 voluptatem
723 560 779 587 ex
810 545 898 588 tuis
929 546 1073 587 literis
1104 547 1218 600 cepi,
1264 550 1395 601 quod,
1426 561 1554 603 quam

80 616 303 659 speraram
347 606 479 655 atque
519 606 732 656 optaram,
783 601 946 643 habere
998 607 1040 642 te
1090 601 1146 643 de
1194 616 1261 642 me
1303 604 1556 657 opinionem

80 659 281 713 cognovi.
340 657 410 697 De
439 670 527 711 qua
556 658 641 698 etsi
671 671 758 698 non
788 658 1061 709 dubitabam,
1092 662 1252 710 tamen,
1281 660 1385 712 quia
1413 660 1554 700 maxi-

79 716 140 754 mi
171 713 471 763 aestimabam,
500 717 548 753 ut
577 714 838 768 incorrupta
866 719 1078 765 maneret,
1109 713 1378 756 laborabam.
1439 715 1555 754 Con-

79 769 196 811 scius
227 773 371 810 autem
394 768 510 808 mihi
540 782 661 809 eram
690 769 799 809 nihil
830 783 856 809 a
884 783 953 809 me
983 769 1264 810 commissum
1293 782 1402 822 esse,
1437 770 1555 823 quod

79 826 183 866 boni
213 823 470 878 cuiusquam
502 824 750 865 offenderet
779 824 986 865 animum.
1044 825 1114 866 Eo
1145 826 1288 866 minus
1319 825 1553 867 credebam

80 880 280 935 plurimis
310 884 442 934 atque
482 879 660 934 optimis
698 880 868 921 artibus
908 884 1064 922 ornato
1103 881 1187 922 tibi
1227 885 1391 922 temere
1428 881 1554 936 quid-

80 949 211 991 quam
240 935 500 990 persuaderi
530 936 740 990 potuisse,
787 937 1049 990 praesertim
1086 937 1132 977 in
1162 950 1291 992 quem
1327 950 1426 978 mea
1454 951 1555 991 pro-

79 1004 216 1046 pensa
243 995 289 1032 et
317 994 527 1045 perpetua
556 990 716 1033 fuisset
745 996 876 1047 atque
907 996 1023 1033 esset
1050 992 1376 1033 benevolentia.
1420 992 1552 1043 Quod

79 1048 300 1102 quoniam,
330 1051 379 1086 ut
407 1047 547 1098 volui,
578 1048 673 1088 scio
703 1061 819 1088 esse:
851 1048 1126 1102 respondebo
1158 1049 1430 1101 criminibus,
1460 1049 1554 1104 qui—

79 1104 157 1144 bus
186 1106 234 1144 tu
263 1116 344 1157 pro
373 1116 457 1153 me,
486 1107 535 1142 ut
564 1116 645 1156 par
673 1108 771 1144 erat
798 1108 873 1144 tua
903 1104 1120 1158 singulari
1146 1105 1343 1146 bonitate
1372 1109 1416 1146 et
1447 1105 1553 1144 ami-

79 1159 191 1199 citia
217 1162 384 1208 nostra,
414 1171 545 1211 saepe
575 1159 795 1199 restitisti.
855 1159 974 1200 Nota
1003 1159 1118 1200 enim
1146 1159 1261 1200 mihi
1292 1164 1407 1212 sunt,
1439 1173 1551 1215 quae

80 1215 125 1254 in
153 1228 221 1254 me
251 1213 565 1268 postCaesaris
593 1218 778 1255 mortem
808 1215 1091 1256 contulerint.
1131 1215 1262 1256 Vitio
1291 1215 1402 1256 mihi
1432 1216 1553 1268 dant,

78 1270 196 1324 quod
226 1273 413 1311 mortem
441 1268 634 1311 hominis
663 1271 906 1311 necessarii
935 1272 1135 1323 graviter
1160 1270 1258 1312 sero
1289 1276 1419 1326 atque
1439 1285 1552 1324 eum,

78 1339 207 1379 quem
237 1325 390 1376 dilexi,
419 1326 605 1378 periisse
634 1325 856 1380 indignor.
913 1325 1049 1368 Aiunt
1079 1326 1196 1367 enim
1225 1327 1414 1380 patriam
1443 1328 1553 1368 ami-

77 1382 209 1421 citiae
256 1380 609 1435 praeponendam
656 1395 776 1422 esse:
826 1381 1011 1435 proinde
1050 1394 1103 1423 ac
1150 1382 1190 1422 si
1230 1384 1317 1423 iam
1356 1383 1551 1424 vicerint

77 1437 245 1477 obitum
285 1437 378 1476 eius
408 1437 473 1476 rei
512 1437 714 1490 publicae
753 1437 890 1478 fuisse
929 1438 1098 1479 utilem.
1167 1437 1255 1478 Sed
1296 1451 1380 1479 non
1422 1452 1549 1493 agam

79 1497 233 1533 astute.
291 1492 455 1533 Fateor
483 1505 551 1532 me
581 1493 636 1532 ad
674 1493 806 1533 istum
837 1494 1022 1547 gradum
1053 1494 1295 1547 sapientiae
1336 1508 1421 1534 non
1449 1508 1549 1549 per-

78 1549 265 1588 venisse.
321 1547 475 1602 Neque
506 1547 621 1588 enim
651 1547 887 1589 Caesarem
915 1550 961 1590 in
992 1550 1266 1591 dissensione
1297 1551 1423 1592 civili
1454 1564 1549 1590 sum

176 1716 205 1747 l.
231 1713 454 1756 incorrupta,
466 1712 788 1759 ungeschm‘eilert.
804 1732 843 1737 ——
860 1717 991 1747 temere
1015 1714 1247 1758 persuaderi,
1266 1714 1552 1761 vorgespiegelt

78 1761 240 1796 werden.
259 1780 295 1784 —
306 1761 341 1795 in
354 1772 634 1805 quemzquum
649 1760 688 1793 in
704 1767 752 1794 to.
767 1780 809 1785 ——
823 1761 999 1804 quoniam,
1011 1762 1083 1796 wie
1102 1763 1250 1806 ep 714,
1265 1764 1292 1795 1.
1306 1780 1345 1785 —
1358 1763 1433 1795 scio
1459 1773 1547 1805 esse,

76 1811 221 1844 dassDu
248 1820 286 1843 so
314 1821 389 1843 von
415 1808 492 1841 mir
518 1808 666 1848 denkst‚
694 1809 768 1843 wie
797 1808 859 1842 ich
886 1809 1093 1852 wiinsche;
1115 1809 1219 1843 illam
1247 1816 1348 1843 tuam
1375 1822 1465 1857 erga
1486 1821 1546 1845 me

77 1857 376 1892 benevolentiam
403 1868 480 1890 esse
507 1862 739 1890 constantem
776 1863 811 1890 et
839 1857 1072 1890 immutatam
1123 1878 1164 1883 —
1219 1868 1311 1902 resp.
1350 1869 1465 1901 crema,
1505 1870 1546 1892 so

76 1906 163 1940 will
190 1905 254 1938 ich
278 1906 345 1939 auf
374 1904 435 1938 die
461 1903 819 1952 Beschuldigungen
856 1909 1080 1940 antworten.
1130 1924 1176 1930 —-
1225 1910 1260 1938 ut
1283 1917 1356 1950 par
1380 1911 1458 1940 erat
1484 1910 1547 1939 «ἀα

76 1953 220 1994 (Lamb.
245 1964 314 1999 pro
339 1955 415 1995 tua)
441 1958 512 1986 cet.
537 1952 613 1985 wie
640 1965 678 1986 es
693 1953 873 2000 ve1·1n'6ge
886 1953 1025 1987 Deiner
1052 1980 1059 1986 .
1088 1979 1094 1985 .
1124 1982 1132 1990 .
1160 1953 1436 1988 Freuudschaft
1461 1953 1543 1988 sich

79 2003 224 2035 ziemte.
274 2001 375 2036 Ubter
400 2001 471 2034 den
496 1999 619 2034 Ablat.
646 2011 773 2034 causae
809 2012 835 2033 s.
862 2001 1011 2034 Ramsh.
1046 2001 1076 2044 §.
1104 2001 1183 2036 142.
1224 2001 1371 2036 Grotef.
1399 2002 1428 2045 ξ.
1460 2003 1541 2039 252.

82 2070 121 2074 -
150 2048 318 2082 restitisti
341 2063 390 2080 z
414 2061 434 2081 a
460 2048 590 2093 quibus
618 2059 676 2081 me
703 2048 916 2083 defendisti.

172 2098 205 2132 2.
254 2097 477 2138 contulerint,
518 2095 612 2131 Was
651 2108 737 2129 man
772 2097 848 2130 mir
879 2097 1124 2144 ausgebiirdet
1150 2097 1226 2132 hat.
1278 2099 1499 2132 contulerunt
1526 2110 1544 2132 e

77 2144 169 2180 Cdd.
197 2143 369 2184 Weiske,
397 2143 539 2178 Schiitz
566 2145 605 2177 in
631 2145 699 2179 Ed.
727 2145 812 2178 mai.
844 2146 935 2178 Liin.
982 2144 1174 2178 ORELLI.
1227 2166 1268 2171 -—
1323 2146 1421 2180 Vitio
1448 2147 1544 2188 dant,

76 2205 162 2227 man
187 2191 312 2227 macht
338 2192 414 2226 mir
439 2203 477 2226 es
502 2204 589 2226 zum
601 2192 853 2227 Verbrecheu.
881 2193 1250 2236 S.1t22msh.§.120‚2.
1274 2194 1540 2237 Grotef.§.253.

79 2262 119 2268 --
146 2241 310 2285 patriam
335 2240 358 2273 i.
387 2252 417 2274 e.
445 2240 623 2285 pietatem
649 2241 688 2273 in
711 2241 870 2286 patriam
890 2242 1073 2274 amicitiae
1096 2243 1263 2286 privatae
1289 2253 1416 2286 praep.
1446 2254 1542 2284 esse,

78 2288 150 2323 wie
177 2288 311 2322 Cicero
340 2288 393 2322 im
427 2288 548 2335 vorig.
575 2290 637 2323 ΒΓ.
672 2288 700 2331 §.
726 2291 758 2324 8.
810 2290 1009 2323 libertatem
1040 2292 1184 2332 patriae
1219 2290 1314 2323 vilae
1339 2291 1448 2324 amici
1479 2301 1541 2323 an-

80 2336 314 2379 teponendam
375 2335 598 2371 eschrieben
639 2336 753 2371 hatte.
803 2337 866 2370 Sic
905 2349 988 2370 cum
1028 2337 1115 2372 Cld.
1152 2338 1245 2386 Reg.
1282 2338 1380 2372 Crat.
1415 2338 1540 2372 Lmnb.

79 2384 217 2417 Graev.
244 2383 282 2416 in
307 2383 340 2417 E
369 2409 376 2416 .
400 2384 484 2417 mai.
511 2384 608 2418 Lall.
635 2384 728 2418 Ern.
754 2384 841 2419 Sch.
876 2386 969 2419 Liin.
1005 2387 1075 2419 csr.
1111 2386 1200 2420 Rost
1233 2387 1335 2429 δρα.
1363 2387 1395 2420 3.
1421 2398 1457 2430 p.
1489 2387 1541 2419 ll.

78 2430 225 2474 patriae
251 2431 446 2465 amicitiam
480 2432 552 2466 Md.
578 2433 673 2466 Vict.
702 2435 731 2467 1.
760 2435 791 2469 2.
831 2434 965 2467 Graev.
994 2434 1128 2467 Bened.
1163 2434 1321 2478 (patriae
1346 2433 1542 2466 amicitiam

76 2482 238 2522 postpon.
265 2478 450 2513 Gronovii
476 2482 598 2526 susp).
636 2480 827 2514 ORELLI.
864 2500 910 2506 -—
941 2482 1096 2524 proinde
1121 2493 1175 2524 ac,
1201 2481 1316 2529 grade
1342 2481 1396 2513 als
1422 2481 1478 2513 ob.
1506 2481 1540 2514 S.

80 2525 230 2559 Ramsh.
258 2525 378 2569 §.179‚
402 2529 444 2570 B,
468 2540 499 2567 a,
525 2530 559 2562 4.
590 2549 628 2554 —
657 2529 819 2570 vicerint,
848 2529 1094 2572 obtinuerint,
1123 2530 1329 2567 erstritten,
1357 2529 1540 2562 erwiesen

79 2573 221 2607 h‘a'tten.
250 2592 295 2598 --
329 2584 399 2606 non
425 2586 537 2617 agam
563 2580 692 2616 astute,
727 2576 791 2609 ich
816 2577 900 2611 will
928 2577 1034 2609 nicht
1059 2576 1295 2621 hinterlistig
1320 2588 1366 2609 zu
1390 2576 1540 2611 VVerke

81 2620 226 2668 gehen3
258 2632 330 2655 non
354 2622 489 2656 callide
515 2624 768 2666 dissimulabo,
800 2625 862 2658 sed
899 2625 1127 2669 simpliciter
1165 2629 1202 2656 et
1228 2623 1380 2657 candide
1408 2624 1541 2665 dicam,

82 2668 173 2711 quid
195 2669 328 2703 sentio.
354 2688 400 2694 —
425 2671 638 2714 sapientiae,
665 2678 705 2705 ut
729 2683 876 2717 possem
903 2673 1124 2718 intelligere
1151 2677 1186 2704 et
1207 2671 1385 2713 iudicare,
1412 2683 1541 2705 nucem

83 2715 247 2751 Caesaris
274 2716 524 2763 reipublicae
551 2719 738 2765 prodesse.
790 2740 829 2744 —
883 2731 958 2754 sum
993 2724 1129 2753 secutus
1161 2719 1184 2751 i.
1220 2730 1249 2756 e,
1286 2730 1358 2753 non
1385 2719 1543 2766 probavi
