1795 3086
131 284 158 325 (ἆὶ

197 106 289 153 318
484 107 546 150 Μ.
579 108 634 150 Τ.
666 105 1010 150 CICERONIS
1039 107 1416 153 EPISTOLAE.

197 220 363 275 optime
392 218 564 259 meritis
594 218 815 261 militibus
845 220 1067 275 promissa
1111 221 1368 271 solvantur3
1424 222 1544 276 quod
1590 225 1688 279 qui«

196 277 297 317 dem
344 274 445 316 fieri
494 274 590 315 sine
638 276 809 317 tributo
863 289 993 331 posse
1031 290 1119 317 non
1157 277 1371 318 arbitror.
1453 278 1524 319 De
1562 279 1689 320 Attio

194 330 426 386 Dionysio
455 329 572 371 nihil
591 334 709 427 ¹{uto
738 344 847 384 esse,
888 333 1098 387 quoniam
1127 332 1242 374 mihi
1271 333 1389 374 nihil
1421 333 1541 375 dixit
1575 334 1687 377 Tra-

195 389 351 430 torius.
411 385 483 426 De
513 385 570 428 P.
632 387 787 428 ucceio
816 386 934 428 nihil
965 388 1051 428 tibi
1080 389 1292 435 concedo,
1323 403 1411 443 quo
1441 390 1690 432 studiosior

194 443 290 484 eius
319 442 398 494 siS‚
428 455 562 495 quam
591 456 674 497 ego
702 457 821 484 sum:
851 446 921 484 est
950 445 1068 485 enim
1098 444 1228 486 nobis
1258 446 1554 487 necessarius.
1597 445 1688 487 Sed

193 513 220 540 a
250 498 478 551 magistris
518 512 650 553 quum
691 499 1009 541 contenderem
1049 500 1106 541 de
1142 500 1414 554 proferendo
1453 501 1542 551 die,
1584 515 1688 556 pro-

194 556 355 596 barunt
383 553 500 594 mihi
529 568 642 607 sese,
673 569 763 608 quo
793 554 939 596 minus
969 556 1018 596 id
1048 556 1265 610 facerent,
1296 562 1341 599 et
1365 559 1689 612 compromisso

194 614 239 652 et
266 608 558 651 iureiurando
589 611 817 666 impediri.
877 610 1031 662 Quare
1060 613 1331 653 veniendum
1360 614 1558 654 arbitror
1571 614 1688 654 Luc-

193 667 310 708 ceio.
371 665 669 720 Quamquam,
709 666 749 707 si
778 665 890 708 meis
919 666 1068 708 literis
1099 668 1435 723 obtemperavit,
1475 683 1612 724 quum
1642 674 1689 710 tu

192 722 306 764 haec
335 721 476 776 leges,
515 722 646 763 illum
676 721 848 763 Romae
878 735 976 763 esse
1006 723 1245 776 oportebit.
1304 725 1482 766 Ceteris
1522 726 1577 767 de
1618 739 1688 766 re-

192 780 273 823 bus
303 779 590 833 maximeque
619 779 675 819 de
705 778 906 832 pecunia,
950 791 1086 832 quum
1115 779 1291 821 Pansae
1331 786 1522 822 mortem
1560 781 1688 835 igno-

191 847 329 886 rares,
358 833 600 888 scripsisti,
641 847 754 889 quae
793 848 874 889 per
911 847 991 875 nos
1029 835 1085 876 ab
1127 849 1179 876 eo
1219 836 1434 891 consequi
1472 841 1517 877 te
1555 851 1688 891 posse

190 890 479 935 arbitrarere.
541 890 669 940 Quae
698 895 743 931 te
772 904 859 931 non
891 889 1179 941 fefellissent,
1211 891 1253 932 si
1284 891 1484 934 viveret:
1513 905 1613 934 nam
1642 897 1687 934 te

191 946 437 1000 diligebat:
465 950 568 1001 post
597 950 786 986 mortem
817 950 965 987 autem
996 946 1090 988 eius
1121 947 1232 1001 quid
1262 946 1365 988 fieri
1393 952 1559 1002 posset,
1598 962 1688 990 non

190 1002 468 1045 videbamus.
528 1002 600 1042 De
631 1001 874 1053 Venuleio,
906 1001 1089 1048 Latino,
1119 1003 1329 1056 Horatio,
1371 1004 1505 1045 valde
1535 1004 1684 1047 laudo.

190 1059 312 1101 Illud
350 1071 436 1098 non
476 1056 666 1098 nimium
705 1059 860 1111 probo,
908 1058 1030 1111 quod
1067 1059 1246 1111 scribis,
1297 1073 1385 1114 quo
1426 1060 1499 1100 illi
1538 1060 1687 1102 animo

189 1114 404 1169 aequiore
433 1112 621 1165 ferrent,
661 1118 705 1154 te
745 1113 834 1153 tuis
865 1114 1001 1154 etiam
1032 1113 1194 1166 legatis
1233 1115 1418 1156 lictores
1448 1116 1685 1157 ademisse.

189 1171 377 1212 Honore
415 1168 531 1209 enim
567 1181 669 1209 611111
711 1167 961 1223 ignominia
1009 1168 1163 1223 dignis
1211 1183 1297 1210 non
1338 1175 1464 1211 erant
1509 1185 1684 1225 eompa-

189 1226 342 1268 randi:
384 1238 548 1279 eosque
587 1237 646 1265 ex
676 1230 853 1265 senatus
884 1225 1106 1276 consulto,
1146 1227 1186 1267 si
1216 1240 1302 1266 non
1334 1226 1572 1279 decedunt,
1611 1241 1685 1269 co-

189 1282 375 1338 gendos,
405 1285 455 1322 ut
485 1281 721 1329 decedant,
752 1281 980 1321 existimo.
1041 1281 1167 1323 Haec
1198 1282 1295 1322 fere
1325 1283 1382 1322 ad
1411 1296 1486 1324 eas
1514 1283 1684 1336 literas,

189 1352 301 1402 quas
331 1337 485 1379 eodem
527 1337 738 1390 exemplo
780 1337 906 1378 binas
943 1337 1111 1391 accepi.
1190 1337 1262 1379 De
1301 1338 1493 1393 reliquo,
1546 1340 1683 1381 velim

188 1396 274 1436 tibi
304 1393 576 1448 persuadeas
606 1406 695 1433 non
724 1405 821 1434 esse
851 1391 966 1433 mihi
1006 1406 1148 1434 meam
1187 1393 1452 1448 dignitatem
1495 1398 1571 1436 tua
1610 1409 1683 1437 ca-

187 1451 368 1493 riorem.

187 1563 334 1596 trieben
359 1561 473 1596 wird.
509 1581 551 1588 -
594 1562 672 1595 sine
697 1561 848 1604 tributo,
876 1561 976 1595 ohne
1003 1561 1087 1595 eine
1113 1561 1485 1596 ausserordentliche
1511 1563 1682 1612 Auflage‚

188 1612 429 1658 Kopfsteuer.

283 1661 316 1695 5.
368 1658 424 1692 De
450 1659 559 1693 Attio
585 1684 593 1692 .
623 1684 632 1693 .
657 1663 742 1702 pulo
770 1669 856 1700 esse,
881 1669 928 1691 an
953 1659 1062 1702 Dem,
1096 1669 1173 1692 was
1209 1669 1296 1691 man
1333 1669 1406 1693 von
1445 1659 1530 1693 dem
1557 1659 1681 1693 Attius

188 1707 392 1752 Dionysius
418 1708 556 1742 wissen
582 1708 731 1746 wollte,
762 1703 861 1740 muss
898 1706 1037 1741 Nichts
1076 1706 1225 1740 wahres
1251 1707 1344 1740 sein.
1385 1707 1421 1741 S.
1450 1719 1508 1752 ep.
1538 1710 1618 1748 790,
1645 1710 1680 1743 3.

188 1776 231 1782 —
261 1756 470 1797 Tratorius,
495 1763 538 1790 ut
563 1767 673 1801 supra
701 1757 783 1797 765,
811 1757 843 1789 4.
878 1774 924 1780 -
957 1754 1014 1788 De
1039 1755 1080 1789 P.
1108 1755 1279 1796 Lucceio,
1318 1767 1396 1789 was
1421 1755 1494 1789 den
1518 1757 1556 1789 Ρ.
1581 1756 1680 1789 Luc-

187 1805 292 1839 ceius
320 1804 476 1839 betrifft.
524 1804 560 1837 S.
598 1815 654 1850 ep.
682 1805 765 1842 813,
793 1805 825 1839 6.
875 1822 921 1830 -·
971 1814 993 1837 a
1019 1803 1215 1845 magistris
1239 1804 1467 1845 auctionum,
1493 1804 1611 1843 „abor
1635 1805 1680 1837 da

185 1853 251 1887 ich
278 1864 353 1886 von
381 1852 454 1887 den
466 1852 642 1901 Pflegern
669 1852 1050 1899 derVersteigerung
1078 1852 1161 1884 eine
1177 1851 1467 1898 Verschiebung·
1492 1852 1554 1886 des
1581 1852 1678 1886 Ter-

185 1901 284 1935 mins
309 1901 523 1948 verlangte‚
557 1911 598 1934 so
631 1900 753 1948 gaheri
778 1901 832 1934 sie
859 1901 936 1932 mir
971 1913 1018 1933 zu
1056 1898 1275 1938 verstehen‚
1312 1899 1392 1933 dass
1426 1899 1524 1933 diess
1561 1900 1678 1934 ihnen

186 1948 286 1984 nach
297 1949 382 1983 dem
396 1948 813 1997 gemeinschaftliehen
823 1949 1007 1995 Vertrage
1029 1947 1105 1981 und
1116 1947 1214 1982 nach
1225 1947 1412 1982 eidlicher
1422 1948 1678 1996 Angelobung

186 1997 295 2032 nicht
321 1997 495 2045 moglich
530 1998 596 2031 sei.
648 1997 970 2042 Compromissum
1003 1996 1158 2036 dieitur,
1201 2008 1317 2041 quum
1349 1995 1562 2043 litigatores
1596 1993 1678 2030 16111

186 2046 232 2080 ad
253 2045 439 2080 arbitrum
466 2046 660 2085 reficiunt,
695 2046 802 2079 cuius
837 2045 1062 2079 sententiam
1090 2056 1127 2078 se
1154 2046 1349 2089 utrimque
1377 2051 1496 2077 ratam
1525 2044 1676 2078 habitu-

187 2106 249 2128 ros
274 2093 348 2127 sibi
373 2095 597 2139 promisere.
648 2093 731 2130 Vid,
759 2092 932 2127 Pahdect.
962 2094 1023 2134 IV,
1051 2095 1086 2134 8,
1113 2094 1147 2128 2.
1187 2113 1229 2119 -
1276 2092 1484 2127 veniendum
1511 2092 1675 2126 Romam.

185 2143 236 2181 Es
263 2153 362 2179 muss
389 2143 473 2176 eine
500 2141 760 2176 Schuldsache
785 2153 962 2188 gewesen
989 2141 1082 2174 sein.

281 2194 316 2226 7.
373 2189 561 2230 Venuleio,
585 2189 732 2232 Latino,
759 2191 933 2230 Horatio,
960 2190 1093 2234 legatis
1120 2189 1159 2223 C.
1173 2188 1344 2232 Calvisii,
1371 2200 1440 2234 per
1465 2199 1556 2233 quos
1572 2189 1676 2222 Afri-

186 2250 267 2273 cam
293 2239 422 2272 absens
447 2238 649 2279 obtinebat.
676 2238 880 2273 MANUT.
930 2237 1014 2270 Vid.
1042 2248 1099 2282 ep.
1126 2238 1206 2272 813.
1251 2237 1303 2270 Iis
1328 2237 1518 2271 ademerat
1540 2237 1675 2271 Corni-

185 2287 293 2321 ficius
321 2287 492 2321 lictores,
528 2286 759 2320 ERNESTI.
811 2285 956 2327 „Deine
982 2285 1215 2331 Massregeln
1241 2284 1500 2319 hinsichtlich
1525 2284 1589 2318 des
1601 2286 1675 2317 Ve-

186 2336 335 2369 nuleius
362 2364 370 2373 ,
399 2360 407 2367 .
436 2360 445 2367 .
472 2333 611 2381 billige
639 2334 704 2367 ich
731 2333 859 2369 sehr.“
897 2353 939 2358 —
986 2344 1054 2377 quo
1079 2333 1140 2367 illi
1165 2358 1174 2367 .
1205 2358 1212 2367 .
1241 2362 1248 2370 .
1276 2334 1467 2376 ademisse,
1494 2333 1576 2367 dass
1602 2334 1674 2375 Du,

184 2396 250 2418 um
283 2383 402 2417 ihnen
435 2382 499 2415 ihr
541 2382 759 2416 verdientes
794 2383 886 2416 Loos
918 2381 1096 2429 weniger
1129 2381 1381 2426 empfindlich
1418 2394 1466 2415 zu
1502 2380 1675 2423 macheu,

184 2431 283 2465 auch
308 2433 489 2466 Deinen
514 2431 681 2473 Legaten
714 2430 774 2464 die
801 2431 980 2464 Lictoren
1006 2431 1278 2477 abgenommen
1306 2429 1445 2463 habest.
1500 2448 1542 2453 -—
1586 2430 1673 2470 fer-

184 2485 263 2514 rent
289 2480 374 2513 scil.
402 2480 556 2513 lictores
581 2478 651 2511 sibi
678 2478 873 2523 ademptos
898 2490 987 2512 esse.
1014 2497 1061 2502 —-
1087 2478 1235 2511 Honore
1260 2478 1362 2511 enim.
1397 2477 1459 2511 Sic
1486 2477 1556 2511 Md.
1584 2477 1670 2512 cdd.

184 2529 264 2562 noti
289 2539 432 2569 omnes,
466 2528 585 2573 Neap.
622 2526 705 2560 Asc.
735 2529 766 2561 l.
802 2526 903 2561 Crat.
939 2527 1034 2560 Vict.
1060 2528 1090 2560 1.
1116 2528 1150 2561 2.
1188 2525 1325 2560 Graev.
1357 2525 1496 2562 Bened.
1537 2525 1672 2559 honore

184 2577 279 2610 enim
305 2577 412 2619 digni
434 2577 532 2612 Man.
566 2574 694 2608 Lamb.
734 2575 828 2607 Ern.
865 2574 952 2609 Seh.
985 2575 1079 2608 Liin.
1127 2574 1321 2608 ORELLI.
1376 2593 1419 2599 -
1469 2584 1538 2607 non
1569 2578 1670 2607 erant

185 2636 312 2668 comp„
349 2630 516 2658 mussten
550 2622 658 2657 nicht
691 2622 825 2669 gleich
850 2623 1009 2670 gestellt
1033 2621 1212 2663 werden3
1255 2622 1339 2655 scil.
1379 2621 1435 2656 tui
1472 2622 1601 2669 legati.
1629 2640 1671 2646 -

184 2673 356 2706 decedunt
383 2672 428 2705 de
455 2671 665 2716 provincia.
704 2690 746 2694 —
784 2672 885 2705 Haec
904 2672 995 2714 fere
1019 2669 1239 2717 (ungefahr)
1267 2669 1449 2704 habebam
1476 2668 1670 2703 scribenda

185 2722 242 2753 nd.
273 2739 312 2745 ·-
341 2721 412 2754 eod<
444 2721 593 2764 arempl>
624 2720 738 2761 binas,
775 2720 814 2752 in
851 2720 977 2754 einem
1004 2718 1208 2764 doppelten
1236 2718 1464 2763 Exemplare
1501 2716 1669 2764 gleiches

185 2768 341 2802 lohalrs.
