1795 3086
0 0 15 172 ii
527 88 841 132 EPISTOLA
878 90 1083 134 DCClV.
1480 91 1542 138 85

70 205 174 245 duas
206 201 442 256 epistolas,
488 201 672 241 alteram
701 199 867 250 Nonis,
909 213 982 241 vn.
1014 201 1120 242 Idus
1150 202 1355 244 Lanuvio
1394 202 1533 244 datas.

67 259 184 301 Audi
222 259 358 311 igitur
395 256 449 297 ad
488 268 649 296 omnes.
718 256 944 305 Primum,
986 269 1096 309 quae
1128 257 1182 297 de
1214 271 1261 299 re
1291 270 1387 298 mea
1415 264 1537 311 gesta
1574 272 1599 309 2

60 312 110 355 'et
141 316 183 354 in
214 313 433 353 solutione
462 315 506 351 et
535 312 580 351 in
610 311 801 352 Albiano
831 310 1033 364 negotiO,
1063 318 1202 364 grata.
1262 312 1333 354 De
1363 318 1438 355 tuo
1460 326 1535 354 au-

66 376 153 410 tem
183 368 425 419 Buthroto,
456 379 586 421 quum
618 368 661 406 in
685 367 955 420 Pompeiano
978 379 1140 418 essem,
1171 368 1389 410 Misenum
1411 369 1536 411 venit

66 424 307 466 Antonius:
348 423 450 463 inde
480 426 578 462 ante
609 422 838 471 discessit,
877 434 1005 475 quam
1035 421 1159 462 illum
1188 426 1361 466 venisse
1389 424 1535 465 audis-

66 494 179 520 sem:
221 494 246 520 a
284 493 368 533 quo
408 479 453 517 in
493 477 730 518 Samnium.
803 476 946 528 Vide,
987 477 1091 531 quid
1132 491 1294 528 speres.
1364 479 1534 521 Romae

66 536 202 589 igitur
231 535 285 575 de
314 533 548 574 Buthroto.
619 533 671 574 L.
702 533 882 573 Antonii
914 532 1141 572 horribilis
1173 535 1353 586 concio,
1394 535 1534 576 Dola-

66 592 208 631 bellae
247 590 487 643 praeclara.
557 588 653 628 Iam
692 589 763 628 vel
803 588 888 628 sibi
927 588 1084 629 habeat
1123 602 1348 640 nummos,
1402 591 1533 631 modo

64 652 261 686 numeret
291 645 458 685 Idibus.
527 643 759 684 Tertullae
790 644 948 684 nollem
979 643 1190 685 abortum.
1262 643 1377 684 Tam
1417 647 1535 686 enim

0 735 1 739 ,
67 702 212 742 Cassii
241 706 341 741 sunt
381 699 469 740 iani
508 713 637 753 quam
675 699 804 739 Bruti
843 699 1028 740 serendi.
1100 699 1170 738 De
1211 699 1363 752 regina
1398 701 1533 740 velim

0 767 5 804 a
64 762 192 810 atque.
223 757 355 796 etiam
384 755 440 795 de
470 755 662 796 Caesare
694 755 784 795 illo.
851 755 1056 795 Persolvi
1094 754 1263 808 primae
1302 754 1532 809 epistolae:

0 810 5 840 ‘3
62 813 189 852 venio
220 811 275 851 ad
296 810 542 851 secundam.
602 810 670 849 De
690 809 893 860 Quintis,
924 809 1171 863 Buthroto,
1202 823 1333 864 quum
1354 823 1531 861 venem,
1571 832 1596 870 3

62 872 112 908 ut
151 867 319 907 scribis.
392 866 524 915 Quod
564 865 768 905 Ciceroni
821 865 1094 919 suppeditas,
1145 870 1330 919 gratum.
1399 865 1532 915 Quod

0 941 5 966 ς
62 936 211 963 errare
261 936 330 962 nie
378 925 531 974 putas,
581 921 656 974 qui
702 934 792 960 rem
829 921 1052 973 publicam
1091 926 1238 975 putem
1277 920 1468 975 pendere
1509 937 1533 963 e

1 973 4 1000 ³
62 978 225 1026 Bruto,
257 978 323 1017 sic
351 989 398 1016 se
428 989 496 1015 res
527 975 681 1016 habet:
721 980 795 1016 aut
823 977 947 1017 nulla
977 978 1063 1018 erit
1094 981 1165 1017 aut
1194 977 1247 1018 ab
1276 978 1362 1018 isto
1381 977 1532 1019 istisve

0 1044 4 1062 ¹
58 1033 316 1074 servabitur.
385 1030 517 1079 Quod
555 1045 623 1072 me
661 1030 883 1084 hortaris,
933 1037 982 1074 ut
1020 1033 1232 1086 scriptam
1276 1032 1531 1073 concionem

59 1090 258 1141 mittam,
290 1087 439 1141 accipe
468 1100 493 1127 a
515 1101 605 1135 me,
636 1088 696 1126 mi
722 1086 894 1138 Attice,
923 1091 1133 1127 καθολικόν
1158 1086 1352 1138 θεώρημα
1381 1101 1530 1130 eariun

1 1142 4 1185 ἶ
62 1157 233 1195 rerum,
290 1142 336 1182 in
379 1143 534 1196 quibus
583 1143 690 1182 satis
739 1143 971 1183 exercitati
1025 1156 1184 1184 sumus.
1270 1141 1414 1184 Nemo
1454 1157 1531 1185 un-

2 1226 3 1234 ι
57 1213 186 1253 quam
216 1211 350 1252 neque
380 1199 508 1250 poeta
537 1211 676 1253 neque
706 1203 857 1238 orator
886 1197 995 1250 suit,
1035 1199 1108 1252 qui
1147 1211 1406 1253 quemquam
1443 1214 1531 1241 me-

56 1347 184 1387 cinna,
217 1345 330 1379 immo
357 1344 518 1380 absurda
543 1358 621 1380 esse
647 1345 739 1381 vidit
763 1346 974 1389 Rubenius,
1002 1344 1104 1380 cuius
1131 1346 1252 1382 comt:
1292 1348 1419 1393 accepi
1444 1348 1532 1383 duas

56 1395 186 1427 literas
218 1395 362 1441 recepit
395 1395 478 1427 Sch.
514 1396 606 1428 L'un.
643 1396 717 1430 OR.
755 1415 795 1420 —
836 1396 924 1430 VII.
961 1395 1068 1437 Idus,
1111 1407 1196 1429 vom
1223 1397 1259 1433 9.
1285 1397 1379 1432 Mai.
1406 1415 1449 1422 —
1485 1399 1535 1431 ad

56 1453 171 1475 omnes
196 1454 288 1487 quae
313 1442 499 1487 respondi.

151 1492 183 1524 2.
209 1492 247 1523 in
272 1491 433 1524 Albiano
461 1500 543 1532 neg.
581 1490 618 1522 S.
646 1499 702 1533 ep.
738 1491 820 1531 702,
852 1492 886 1525 2.
917 1510 961 1516 -
994 1495 1132 1534 grata,
1167 1499 1293 1526 zuei-st
1328 1493 1530 1538 empfange

56 1537 206 1571 meineu
232 1539 338 1570 Dank
364 1539 428 1571 fiir
453 1539 546 1576 Das,
581 1548 652 1568 was
678 1537 738 1569 Du
772 1538 810 1570 in
848 1539 1025 1573 Hinsicht
1057 1541 1203 1573 meiner
1236 1541 1528 1575 okonomischen

54 1585 399 1632 Angelegenheiten
427 1585 570 1617 sowohl
597 1583 658 1616 bei
685 1584 751 1617 der
777 1586 980 1621 bewussten
996 1587 1210 1632 Bezahlung
1236 1589 1288 1621 als
1305 1591 1405 1623 auch
1428 1590 1528 1623 heim

1 1652 2 1659 κ
56 1634 322 1666 Albianisehen
350 1633 553 1666 Geschafte
579 1631 716 1676 gethan
743 1633 841 1671 hast.
867 1654 911 1659 —
945 1634 1147 1676 Buthroto,
1184 1637 1360 1671 woriiber
1393 1650 1434 1671 er
1459 1639 1529 1671 mit

57 1682 141 1714 dem
169 1682 309 1715 Consul
338 1681 525 1714 Antonius
559 1680 754 1713 mi'mdlich
789 1684 972 1727 sprechen
1007 1684 1148 1723 wanze,
1182 1685 1278 1718 nach
1312 1696 1371 1730 ep.
1399 1688 1480 1728 701,
1507 1688 1528 1720 A

1 1748 4 1758 ι
55 1741 113 1762 am
138 1729 256 1763 Ende.
284 1749 328 1754 —
354 1730 392 1762 in
416 1729 598 1763 Samnium
623 1729 815 1773 profectus
842 1738 909 1763 est.
962 1732 1093 1765 Wollt'
1117 1730 1183 1764 ich
1208 1733 1290 1765 ihm
1317 1734 1407 1766 aber
1432 1733 1528 1766 auch

2 1781 5 1789 '
54 1778 110 1810 bis
135 1778 248 1810 daliin
274 1777 509 1820 nachreiseu,
537 1789 577 1809 so
606 1777 721 1810 w'urd‘
748 1778 811 1811 ich
839 1779 902 1821 ibn
931 1779 1030 1813 doch
1056 1779 1165 1812 nicht
1190 1780 1303 1814 mehr
1327 1781 1525 1816 anti-effen.

57 1845 96 1850 —
124 1825 220 1866 vide,
247 1825 335 1869 quid
357 1836 491 1869 speres.
552 1826 633 1857 Hoc
658 1836 731 1858 non
761 1826 805 1859 ad
830 1828 1078 1868 Buthrotum,
1113 1827 1177 1860 sed
1211 1828 1256 1861 ad
1290 1840 1371 1862 rem
1404 1829 1527 1874 publi-

53 1879 136 1908 cam
161 1874 339 1910 refertur.
389 1875 487 1907 Nam
513 1872 692 1905 Antonius
719 1875 889 1907 cursabat
922 1876 995 1908 huc
1029 1876 1137 1914 illuc,
1172 1882 1210 1908 nt
1244 1887 1352 1921 agros
1382 1885 1525 1911 vetera-

0 1946 1 1949 *
54 1922 113 1954 nis
148 1921 351 1959 divideret,
397 1922 530 1966 quibus
570 1921 754 1953 beneficio
789 1922 970 1956 devinctis
1005 1930 1175 1956 uteretur
1208 1924 1253 1957 ad
1291 1926 1418 1958 onmia
1449 1926 1524 1970 (ep.

53 1970 152 2011 699).
182 1969 381 2002 MANUT.
435 1971 491 2002 De
517 1968 589 2001 hac
616 1969 767 2002 Antonii
803 1972 1086 2015 percursatione
1119 1970 1202 2004 vide
1241 1972 1342 2006 infra
1368 1985 1427 2018 ep,
1458 1975 1526 2009 705

54 2023 91 2050 et
120 2016 278 2062 Philipp.
306 2018 353 2053 ΙΙ.
381 2028 413 2050 c.
440 2020 496 2052 39.
523 2017 626 2051 SCII.
651 2035 699 2041 ——
731 2018 773 2050 de
798 2018 982 2052 Buthroto
1016 2031 1104 2052 cum
1138 2019 1299 2054 Antonio
1326 2032 1449 2065 agam.
1483 2041 1525 2046 —

57 2065 95 2097 L.
130 2065 302 2105 Antonii,
337 2066 397 2110 qui
431 2067 601 2098 tribunus
635 2065 754 2110 plebis
789 2073 886 2105 erat,
928 2068 1053 2101 Marci
1086 2069 1218 2101 frater.
1254 2086 1301 2093 —
1334 2067 1531 2103 horribilis

0 2138 2 2141 .
54 2113 175 2146 concio
208 2112 252 2145 de
285 2124 371 2158 agro
407 2114 603 2159 Pomptino
635 2113 858 2156 dividundo,
895 2116 953 2148 cui
988 2116 1185 2149 Dolabella
1220 2118 1452 2162 repugnavit.
1479 2136 1526 2143 —-

0 2159 3 2165 ’
55 2159 180 2193 habeat
206 2161 420 2203 Dolabella,
447 2164 509 2207 qui
538 2162 709 2194 Ciceroni
738 2162 875 2196 debuit.
904 2164 985 2197 Vid.
1016 2176 1074 2209 ep.
1105 2166 1183 2199 702.
1211 2183 1254 2190 —
1290 2165 1415 2198 Idibus
1440 2178 1525 2199 usu-

52 2219 123 2243 ras.
149 2226 196 2233 —
224 2209 406 2243 Tertullae
433 2222 458 2242 s.
485 2210 653 2250 Tertiae,
681 2211 801 2243 Cassii
827 2212 969 2254 uxoris,
996 2212 1100 2245 Bruti
1126 2213 1276 2246 sororis.
1302 2232 1347 2238 —
1371 2214 1524 2255 serendi,

0 2291 1 2294 Ἰ
51 2256 232 2300 gignendi
257 2258 357 2290 nach
386 2258 539 2291 Griech.
566 2258 913 2303 Sprachgebrauch.
972 2262 1062 2292 Man
1091 2260 1188 2293 kann
1216 2261 1307 2294 ietzt
1332 2261 1399 2294 der
1433 2263 1521 2294 Bru-

51 2311 150 2336 tusse
177 2305 244 2337 wie
271 2305 335 2338 der
362 2307 543 2341 Cassiusse
562 2306 668 2339 nicht
683 2318 802 2350 genug
821 2308 951 2341 haben.
968 2327 1014 2332 —-
1041 2309 1083 2341 de
1098 2310 1231 2350 regina
1256 2334 1264 2342 .
1293 2333 1300 2341 .
1329 2334 1337 2342 .
1363 2310 1526 2343 Caesare

0 2367 3 2381 ;
53 2351 119 2384 illo
144 2351 169 2384 ι’.
197 2363 227 2384 e.
255 2354 364 2386 velim
399 2355 492 2388 mihi
524 2354 665 2387 scribas
704 2354 747 2386 de
781 2356 979 2400 Cleopatra
1012 2357 1249 2401 Caesarisque
1282 2368 1323 2389 ex
1357 2369 1399 2390 ea
1431 2357 1523 2398 filio,

53 2409 163 2443 quem
195 2399 391 2445 Cleopatra
425 2403 686 2437 Caesarionem
720 2404 893 2440 vocabat.
926 2404 1036 2440 SCH.
1070 2404 1158 2439 vid.
1187 2417 1245 2449 ep.
1271 2407 1353 2446 688,
1382 2407 1414 2440 l.
1444 2405 1523 2446 728,

0 2446 2 2476 :
51 2450 84 2482 2.
114 2465 154 2470 -—-
183 2446 343 2481 Persolvi
368 2463 417 2480 :-
441 2451 633 2496 respondi.
919 2466 923 2469 ’

145 2496 180 2528 3.
207 2494 264 2528 De
291 2497 428 2530 Quintis
455 2498 489 2534 d.
515 2499 540 2533 i.
566 2510 637 2531 von
666 2498 825 2531 meinem
853 2511 884 2532 ιι.
912 2499 1038 2533 dessen
1054 2499 1178 2534 Sohne
1206 2501 1284 2534 scil.
1310 2501 1520 2545 loquamur.

0 2567 2 2573 ,
52 2540 86 2575 S.
115 2554 170 2586 ep.
197 2544 278 2584 693,
306 2544 338 2577 5.
364 2545 440 2578 bes.
467 2557 523 2590 ep.
551 2548 632 2588 699,
659 2549 691 2581 3.
721 2565 764 2571 -
794 2547 981 2590 Ciceroni,
1007 2549 1086 2581 filio
1113 2561 1209 2582 meo.
1235 2549 1268 2581 S.
1297 2559 1353 2592 ep.
1380 2549 1462 2589 699,
1488 2550 1521 2582 5.

54 2608 97 2614 —-
123 2591 241 2627 scito,
269 2590 321 2623 sic
345 2602 382 2624 se
409 2603 463 2626 res
488 2592 612 2635 habet,
639 2595 844 2627 es1verli'2ilt
871 2595 954 2628 sich
982 2596 1151 2629 wirklich
1178 2608 1228 2629 so.
1258 2613 1300 2620 -
1323 2596 1423 2628 nulla
1449 2596 1522 2629 erit

54 2648 110 2670 res
142 2639 305 2683 publica.
354 2659 395 2664 —
446 2642 616 2684 scriptam
660 2643 877 2681 concionem,
926 2655 1037 2688 quam
1075 2643 1193 2677 Attici
1223 2650 1357 2687 rogatu
1390 2643 1523 2676 Cicero

54 2686 272 2730 scripserat,
306 2692 347 2718 ut
382 2699 424 2719 ea
455 2689 590 2722 Brutus
630 2696 800 2724 uteretur
832 2691 877 2723 ad
909 2692 1084 2736 populum
1118 2691 1299 2724 dicturus.
1331 2690 1442 2724 SGH.
1477 2709 1523 2716 —--

54 2734 215 2769 καθολ.
244 2731 486 2781 θεώρημα,
518 2744 754 2783 praeceptum
788 2750 815 2772 s.
844 2740 978 2784 dogma
1010 2740 1202 2783 generale,
1239 2739 1296 2772 ein
1328 2739 1523 2785 allgemei-
