1795 3086
478 106 481 109 -
508 80 822 124 EPISTOLA
860 81 1089 124 DCCXV.
1459 82 1475 126 l
1488 81 1542 128 13

70 207 236 249 gamus,
296 194 387 243 Qui
429 206 562 247 quum
603 191 715 232 mihi
756 194 802 232 in
841 206 1041 236 sermone
1083 194 1313 234 iniecisset
1342 206 1388 233 se
1418 195 1535 236 velle
1576 193 1601 231 2

70 249 219 290 Asiam
248 249 409 300 visere,
438 262 523 289 non
553 248 684 288 modo
714 247 940 299 invitatus,
971 251 1048 290 sed
1078 249 1212 290 etiam
1252 254 1433 303 rogatus
1465 257 1539 290 est

69 318 96 344 a
132 317 224 350 me,
262 308 310 345 ut
349 304 396 344 id
437 302 714 357 potissimum
762 303 890 343 nobis
929 304 1225 346 obtinentibus
1262 304 1539 359 provinciam

70 359 252 400 faceret.
333 359 418 400 Cui
461 371 539 398 nos
576 362 621 398 et
661 358 848 398 caritate
898 362 943 398 et
981 371 1130 399 amore
1176 365 1298 400 tuum
1336 359 1538 400 officium

69 418 372 468 praestaturos
407 427 509 453 non.
536 412 670 454 debes
712 412 929 453 dubitare.
989 413 1110 452 Illud
1138 428 1313 469 quoque
1343 416 1432 456 erit
1458 428 1537 456 no-

69 469 137 510 bis
167 482 312 523 curae,
341 474 390 509 ut
420 469 657 523 Cratippus
688 481 774 508 una
803 482 902 508 cum
933 482 984 509 eo
1014 467 1086 519 sit,
1117 481 1171 507 ne
1194 474 1335 522 putes,
1365 471 1410 511 in
1430 470 1539 512 Asia

69 524 276 565 feriatum
318 524 448 564 illum
488 524 542 564 ab
581 524 639 564 iis
670 524 848 573 studiis,
893 524 937 564 in
968 536 1079 577 quae
1117 527 1192 563 tua
1230 525 1537 566 cohortatione

69 580 294 626 incitatur,
324 579 534 627 futurum.
592 578 708 620 Nam
738 579 867 619 illum
898 582 1111 634 paratum,
1144 581 1190 617 ut
1218 579 1364 631 video,
1395 584 1441 622 et.
1468 581 1536 622 in-

68 649 266 689 gressum
309 636 442 689 pleno
486 634 628 687 gradu
667 633 896 675 cohortari
934 648 1022 675 non
1051 633 1408 687 intermittemus,
1448 650 1536 689 quo

68 693 114 731 in
144 691 239 731 dies
270 691 445 744 longius
476 690 691 731 discendo
715 691 1054 744 exercendoque
1085 702 1131 729 se
1154 689 1381 742 procedat.
1439 690 1535 732 Vos

67 746 175 800 quid
206 746 399 800 ageretis
430 746 475 785 in
500 759 546 786 re
570 745 764 800 publica,
794 760 927 799 quum
955 745 1036 785 has
1066 745 1219 784 literas
1250 745 1420 791 dabam,
1450 760 1537 787 non

67 801 273 842 sciebam.
346 801 592 842 Audiebam
630 801 846 854 quaedam
885 801 1162 851 turbulenta,
1212 813 1323 853 quae
1362 801 1540 841 scilicet

69 857 200 911 cupio
239 870 333 897 esse
374 856 503 909 salsa,
541 861 589 897 ut
628 856 867 910 aliquando
907 856 1050 896 otiosa
1081 856 1288 896 libertate
1317 855 1539 897 fruamur:

5 954 7 977 i
67 912 184 966 quod
224 913 295 952 vel
336 912 516 952 minime
556 910 671 951 mihi
709 910 853 951 adhuc
895 910 1099 964 contigit.
1158 911 1258 964 Ego
1287 916 1433 951 tamen
1462 925 1539 952 na-

65 972 162 1008 ctus
192 967 237 1006 in
268 967 550 1021 navigatione
580 970 735 1006 nostra
763 967 977 1020 pusillum
1000 967 1247 1006 laxamenti
1271 967 1539 1007 concinnavi

5 1026 7 1072 j
65 1022 149 1062 tibi
177 1023 484 1062 munusculum
512 1035 572 1063 ex
601 1022 807 1062 instituto
837 1036 957 1063 meo:
989 1025 1034 1062 et
1063 1022 1233 1062 dictum
1257 1036 1356 1062 cum
1379 1036 1538 1076 magno

67 1081 217 1118 nostro
255 1077 425 1118 honore
465 1091 489 1117 a
529 1081 571 1118 te
615 1077 784 1118 dictum
824 1078 1026 1118 conclusi
1071 1081 1114 1117 et
1151 1078 1252 1119 tibi·
1277 1077 1397 1118 infra
1437 1079 1537 1118 sub-

161 1236 192 1270 2.
245 1235 280 1267 in
304 1246 405 1267 serm.
436 1235 556 1275 iniec„
591 1234 649 1266 bvi
677 1244 834 1267 unsercr
855 1235 1128 1282 Unterredung
1154 1234 1222 1267 den
1249 1235 1424 1270 VVunsch
1451 1235 1537 1268 hin-

66 1284 263 1329 geworfen
289 1283 404 1320 hatte,
430 1282 514 1316 sich
540 1282 724 1315 entfallen
752 1282 852 1315 liess.
887 1300 930 1307 —
980 1283 1112 1315 Asiam
1138 1284 1389 1327 provinciam,
1417 1284 1538 1317 mino-

5 1330 7 1337 '
68 1342 160 1364 rem.
189 1348 229 1356 —
265 1331 376 1363 obtin.
405 1330 427 1362 i.
455 1341 485 1363 e.
514 1341 598 1362 cum
625 1340 694 1375 ego
721 1341 838 1363 essem
863 1329 902 1362 in
927 1330 1137 1374 provincia.
1170 1347 1210 1352 —
1239 1335 1335 1363 tuum
1361 1331 1387 1363 i.
1418 1342 1447 1366 e.
1473 1342 1538 1376 pa-

67 1386 213 1412 ternum
240 1377 409 1421 officium
433 1381 575 1421 praest.
603 1388 692 1418 esse,
733 1377 811 1411 dass
845 1377 911 1410 ich
945 1377 983 1409 in
1022 1376 1279 1411 Z'drtlichkeit
1315 1377 1389 1410 und
1422 1378 1538 1411 Liebe

66 1438 160 1473 ganz
188 1426 250 1459 des
277 1426 407 1459 Vaters
435 1425 556 1459 Stelle
582 1431 774 1459 vertreten
800 1425 949 1466 werde;
993 1436 1060 1458 nos
1095 1436 1178 1458 eum
1215 1425 1267 1458 ita
1301 1431 1537 1467 tractatur05‚

22 1482 31 1488 “
65 1485 108 1507 ac
134 1474 165 1506 si
191 1480 318 1508 noster
342 1474 444 1506 filius
472 1478 567 1506 esset
600 1473 655 1505 vel
689 1483 755 1506 nos
789 1473 1039 1507 collocaturos
1073 1472 1113 1504 in
1149 1483 1231 1505 eum
1259 1472 1329 1506 hoc
1357 1473 1538 1516 officium,

67 1521 163 1565 quod
189 1521 249 1554 illi
275 1520 411 1555 debeas·
433 1521 459 1554 i.
487 1532 516 1553 e.
544 1530 611 1553 nos
636 1521 784 1554 futuros
814 1520 848 1553 ei
873 1520 993 1565 patris
1019 1520 1115 1554 loco.
1141 1538 1187 1545 -—
1221 1520 1429 1564 Cratippus,
1459 1522 1539 1554 sein

67 1568 225 1611 Lehrer,
253 1568 314 1601 ein
340 1567 615 1601 Griechischer
639 1567 844 1612 Philosoph
870 1579 944 1601 von
971 1568 1173 1611 Mytilene,
1209 1568 1281 1601 den
1318 1569 1415 1602 auch
1442 1571 1539 1602 Mar-

65 1616 183 1650 cellus
209 1616 309 1649 noch
332 1617 399 1649 auf
420 1615 558 1648 Lesbus
584 1615 725 1662 geho'rt
749 1615 826 1648 und
851 1615 934 1650 dem
955 1615 1090 1649 Cicero
1115 1626 1202 1649 vom
1230 1616 1342 1649 Chisar
1366 1617 1427 1649 das
1446 1618 1538 1650 Biir-

4 1696 5 1701 ,
67 1663 250 1711 gei-recht
286 1664 438 1697 erbeten
463 1663 577 1696 hatte.
628 1662 664 1696 S.
691 1663 736 1695 de
764 1663 894 1699 Officc.
926 1664 956 1706 I,
985 1665 1018 1704 1,
1046 1666 1077 1697 1.
1125 1664 1175 1706 II,
1202 1666 1236 1706 2,
1262 1665 1295 1698 8.
1349 1664 1420 1707 ΙΙΙ,
1445 1666 1478 1705 2,
1504 1665 1537 1698 5.

66 1712 124 1745 Er
148 1723 229 1746 war
254 1710 541 1755 Peripatetiker.
569 1731 611 1735 -—
639 1721 707 1743 una
733 1722 811 1743 cum
836 1722 876 1744 eo
901 1711 962 1752 sit,
989 1722 1073 1744 eum
1099 1711 1310 1744 comitetur.
1335 1730 1383 1736 -—-
1407 1711 1538 1754 feria-

67 1764 174 1793 tum.
202 1784 210 1793 .
230 1758 425 1801 futurum,
464 1769 505 1792 er
530 1758 679 1791 m‘ochte
714 1757 838 1792 durch
877 1758 1017 1792 Ferien
1051 1758 1124 1791 den
1158 1758 1316 1792 Studien
1353 1771 1400 1792 zu
1425 1759 1538 1806 lange

68 1813 251 1851 entzogen
284 1807 451 1840 werden.
493 1806 726 1848 feriaturum
753 1830 760 1838 .
787 1831 795 1838 .
815 1806 986 1848 futurum
1020 1805 1176 1842 volebat.
1212 1806 1304 1839 Ern.
1343 1806 1538 1840 ORELLI.

4 1851 9 1900 3⁴
69 1874 110 1880 -
137 1855 181 1888 ab
206 1854 265 1888 iis.
290 1853 364 1888 Md.
393 1854 490 1887 Vict.
519 1855 550 1888 2.
576 1854 621 1887 ab
647 1853 716 1886 Itis.
760 1872 804 1877 -—
854 1854 1030 1886 incitatus
1054 1853 1153 1886 Vict.
1181 1855 1211 1887 l.
1238 1854 1327 1895 (non
1352 1854 1448 1887 Vict.
1474 1855 1537 1896 2.).

7 1910 9 1946 j
67 1902 108 1937 Si
134 1913 264 1936 revera
290 1914 336 1936 ex
361 1901 449 1943 Md„
477 1907 601 1934 ortum
628 1911 684 1935 est
710 1913 772 1935 ex:
801 1901 974 1934 incitatus
1000 1904 1064 1933 est.
1093 1900 1291 1935 ORELLI.
1332 1921 1373 1926 -—
1423 1913 1538 1945 para-

67 1955 151 1992 tum,
178 1949 282 1983 wohl
306 1952 483 1996 geriistet.
520 1967 562 1974 --
596 1950 803 1991 ingressum
826 1950 934 1992 pleno
962 1949 1098 1990 gradu,
1123 1948 1195 1982 mit
1218 1948 1364 1983 vollem
1390 1948 1540 1983 Solu-itt

4 1994 9 2036 s
65 2004 347 2046 angetretenen.
397 1998 491 2031 Vom
524 1996 685 2030 Militair
716 1997 912 2030 entlehnte
948 1995 1131 2029 bildliche
1168 1996 1403 2031 Ausdriicke.
1462 1998 1540 2031 Der

4 2050 5 2089 ᾖ
66 2046 199 2091 plenus
225 2044 361 2092 gradus
387 2044 427 2076 in
453 2045 520 2078 der
545 2044 652 2078 Mitte
678 2044 871 2079 zwischen
897 2044 981 2077 dem
1007 2044 1108 2076 Lauf
1139 2044 1216 2077 und
1240 2044 1540 2092 gewo'hnlichen

4 2098 9 2138 ἦ
66 2092 246 2127 Marsche.
273 2111 320 2118 —
354 2103 423 2137 quo
449 2107 498 2124 z:
524 2098 564 2125 ut
590 2103 645 2126 eo.
672 2111 718 2117 —
741 2093 930 2136 procedat,
952 2091 1201 2135 vorschreste,
1229 2092 1420 2140 longiores
1447 2102 1538 2137 pro-

4 2142 9 2179 }
64 2152 215 2188 gressus
246 2140 370 2174 faciat.

159 2204 193 2238 3.
243 2203 446 2236 turbulenta
482 2202 506 2236 i.
535 2213 564 2235 e.
603 2201 648 2235 de
681 2201 844 2235 motibus
879 2201 1015 2234 Romae
1049 2201 1232 2243 excitatis,
1275 2211 1350 2234 von
1384 2198 1538 2247 einigen

68 2249 263 2284 Unruhen.
292 2267 332 2274 -—
359 2250 512 2289 scilicet,
539 2249 709 2283 vei-steht
734 2249 830 2287 sich,
859 2260 934 2282 von
961 2249 1122 2283 Herzen.
1158 2268 1200 2273 —
1237 2249 1369 2287 otiosa,
1395 2254 1537 2293 parata,

69 2298 206 2341 quieta,
232 2308 369 2331 secura.
401 2314 442 2319 —
478 2296 568 2330 mihi
591 2297 715 2330 adhuc.
743 2296 807 2330 Sic
833 2296 907 2330 Md.
936 2296 1035 2330 Crat.
1061 2297 1158 2331 Vict.
1186 2298 1216 2330 l.
1245 2298 1277 2331 2.
1309 2294 1424 2329 adhuc
1448 2294 1538 2327 mihi

69 2345 165 2380 Cett.
192 2344 290 2378 Tum
327 2346 514 2386 contingit.
542 2344 631 2378 Cdd.
658 2344 748 2387 aliq.
788 2343 983 2377 ORELLI.
1031 2364 1074 2370 —
1127 2343 1339 2385 laxamenti,
1378 2341 1458 2380 otii,
1493 2341 1537 2374 da

71 2391 136 2425 ich
161 2393 225 2425 auf
247 2404 405 2426 unserer
425 2391 656 2426 Schifffahrt
680 2391 824 2426 wieder
849 2392 910 2426 ein
935 2391 1064 2439 wenig
1080 2391 1220 2425 Athen)
1246 2390 1360 2425 holen
1384 2389 1536 2423 konnte.

70 2458 113 2464 --
140 2449 235 2472 conc.
263 2444 286 2473 t.
312 2450 484 2481 murm-sc„
509 2440 594 2472 hab'
619 2439 684 2473 ich
711 2440 783 2473 Dir
809 2440 870 2473 ein
896 2439 1045 2474 kleines
1068 2438 1325 2472 literarisches
1338 2436 1538 2470 Geschenk

68 2487 312 2534 angefertigt.
366 2507 408 2513 -—
458 2497 502 2520 ez
527 2488 608 2521 inst.
634 2498 724 2527 meo,
756 2487 831 2520 wie
868 2487 931 2520 ich
968 2487 1044 2519 mir
1077 2487 1203 2534 l‘zingst
1239 2494 1537 2532 vorgenommen

68 2535 182 2568 hatte.
223 2554 265 2559 —
316 2538 349 2567 et
374 2536 505 2568 dictum
531 2546 605 2568 cum
629 2534 733 2574 (Sch.
756 2535 874 2578 quum)
905 2559 913 2567 .
941 2560 948 2567 .
975 2535 1175 2578 subscripsi
1200 2536 1289 2574 (om.
1315 2532 1420 2574 infra
1445 2531 1537 2565 cdd.

68 2581 156 2626 aliq.
183 2581 288 2623 infra
314 2582 444 2625 scripsi
469 2582 560 2616 Cdd.
586 2582 674 2627 aliq.
696 2582 802 2627 prob.
827 2581 935 2625 Ern.)
959 2582 1036 2615 und
1061 2582 1171 2615 einen
1196 2592 1243 2614 zu
1268 2590 1419 2626 grosser
1433 2579 1538 2613 Ehre

70 2631 135 2662 fiir
160 2628 265 2661 mich
290 2639 364 2662 von
389 2629 460 2662 Dir
485 2632 727 2676 gehiusserten
750 2629 860 2664 Witz
893 2629 934 2662 in
959 2630 1076 2663 Verse
1109 2626 1293 2674 gebracht
1317 2626 1395 2660 u'nd
1418 2632 1537 2660 unten

69 2678 262 2724 angefiigt.
314 2677 472 2709 conclusi
504 2689 561 2709 Ξ
589 2677 758 2711 versibus
796 2677 935 2710 inclusi
970 2683 1006 2710 et
1040 2676 1177 2711 addidi,
1227 2674 1436 2707 Trebonius
1463 2674 1536 2706 iam

71 2730 178 2758 antea
202 2724 344 2757 librum
380 2724 424 2757 de
460 2723 571 2758 dictis
607 2724 799 2759 Ciceronis
827 2726 1052 2759 confecerat.
1104 2723 1183 2756 Cfr.
1212 2733 1270 2766 ep.
1296 2723 1376 2757 430.
1427 2722 1537 2756 Nunc

140 2802 198 2829 Cic.
217 2802 318 2829 Bn‘efo
339 2812 365 2829 v.
388 2802 510 2830 Biuerb.
548 2802 595 2828 IV.
1117 2775 1142 2815 8
