1795 3086
475 91 795 139 EPISTULA
824 89 1098 137 DchXX.
1460 87 1554 135 225
1582 82 1587 87 ’

72 213 155 254 site
185 209 336 265 qualis
366 220 500 250 causa
526 203 712 260 Reguli,
750 201 898 244 redire
928 197 1174 255 honestum,
1210 214 1388 244 manere
1415 200 1549 242 utile:

73 268 130 308 de
160 267 333 308 duobus
362 261 519 319 primis
548 260 776 315 praeclare
814 257 1052 300 disseruit:
1089 258 1145 301 de
1185 258 1322 299 tertio
1361 256 1548 310 pollice-

73 329 147 365 tur
175 336 221 364 se
244 320 486 373 deinceps:
516 316 598 358 sed
628 314 747 357 nihil
779 312 974 367 scripsit.
1032 313 1148 356 Eum
1182 313 1329 356 locum
1356 312 1549 353 Posido-

73 378 174 420 nius
204 379 475 432 persecutus.
530 372 634 425 Ego
655 373 810 412 autem
843 373 892 410 >et
926 367 1028 410 eius
1065 369 1227 411 librum
1257 366 1476 410 arcessivi
1505 371 1552 410 et

72 434 130 475 ad
159 431 498 474 Athenodorum
530 427 724 469 Calvum
762 423 941 480 scripsi,
979 425 1029 463 ut
1067 424 1123 462 ad
1161 438 1229 465 me
1267 427 1321 463 w?
1355 420 1554 475 κεφάλαια

75 489 294 538 mitteret5
317 499 435 541 quae
464 487 702 539 exspecto:
734 494 870 536 quem
898 478 1034 522 velim
1063 477 1302 527 cohortere
1329 483 1378 520 et
1406 492 1553 534 roges,

73 551 123 586 ut
151 558 283 600 quam
310 543 514 597 primum.
574 538 631 580 In
651 552 713 580 ,eo
744 539 814 578 est
850 538 941 585 περὶ
976 532 1048 574 τοῦ
1085 537 1191 574 κατά
1230 538 1461 583 περίστασιν
1486 548 1556 574 κα-

74 599 281 648 θήκοντος.
331 596 476 646 Quod
503 595 561 637 de
590 593 888 649 inscriptione
916 588 1111 646 quaeris,
1139 602 1227 630 non
1248 589 1416 636 dubito,
1444 589 1553 645 quin

74 658 255 696 καθῆκον
291 652 498 707 officium
535 650 619 708 sit,
657 649 747 691 nisi
785 647 896 703 quid
924 650 983 687 sstu
1020 644 1166 687 aliud:
1207 645 1289 685 sed
1318 643 1553 700 inscriptio

75 709 267 765 plenior,
297 710 357 751 de
387 707 575 761 officiis.
632 703 869 756 Προσφωνῶ
896 706 1043 744 autem
1063 700 1274 742 Ciceroni
1296 698 1409 741 filio.
1467 700 1552 742 Vi-

73 779 170 807 sum
213 769 282 805 est
321 777 409 805 non
445 762 647 804 αὐοικεῖον.
706 761 778 801 De
815 758 1013 815 Myrtilo
1053 756 1268 798 dilucide.
1327 754 1370 797 Ο
1401 757 1554 811 quales

75 826 125 862 tu
153 833 328 875 semper
355 819 490 860 istos!
547 817 675 859 Itane
711 816 758 856 in
793 815 853 857 D.
883 813 1099 855 Brutum?
1156 812 1239 854 Dii
1277 811 1401 854 istis!
1456 811 1555 866 Ego

74 890 159 921 me,
195 880 243 916 ut
281 873 564 928 scripseram,
615 872 662 913 in
700 871 1026 925 Pompeianum
1062 881 1151 909 non
1189 867 1359 920 abdidi,
1411 867 1556 921 primo

76 930 438 985 tempestatibus,
481 928 641 984 quibus
679 926 743 967 nil
784 925 971 968 tetriusz
1006 924 1172 966 deinde
1209 925 1263 965 ab
1305 923 1556 965 Octaviano

76 986 280 1041 quotidie
310 984 492 1031 literae,
532 989 582 1025 ut
611 982 837 1038 negotium
866 979 1164 1037 susciperem,
1204 979 1404 1035 Capuam
1431 980 1555 1022 veni-

78 1149 140 1182 bus
166 1146 286 1181 libris.
316 1163 356 1172 --
387 1146 506 1190 qualis
532 1154 643 1189 cerusa
669 1150 756 1185 cet„
783 1153 858 1178 von
882 1142 1058 1177 welcher
1082 1141 1155 1175 Art
1183 1141 1245 1182 (lie
1270 1141 1368 1185 Lage
1393 1140 1458 1175 des
1483 1140 1557 1174 Re-

78 1196 190 1244 gulus
216 1205 312 1236 war,
338 1192 420 1226 dass
446 1191 617 1226 neimlich
641 1191 738 1225 nach
755 1190 951 1239 Karthago
976 1188 1275 1225 zuriickkehren
1302 1188 1364 1222 die
1380 1187 1557 1223 Sittlich-

78 1238 172 1285 kest,
198 1242 240 1275 in
263 1242 356 1276 Rom
383 1241 534 1275 bleiben
568 1239 649 1273 sein
681 1237 860 1272 Vortheil
894 1239 970 1279 (die
995 1237 1216 1284 Erhaltung
1242 1235 1361 1271 seines
1393 1237 1558 1279 Lebens)

79 1290 162 1324 ihm
189 1289 314 1337 gebot.
352 1307 394 1312 —
448 1288 614 1330 deinceps
640 1286 722 1320 scil.
748 1285 984 1330 scripturum,
1011 1297 1089 1319 was
1115 1284 1189 1318 Md.
1218 1296 1238 1318 a
1263 1295 1336 1318 sec.
1364 1296 1414 1321 m.
1440 1284 1557 1318 Oxon.

81 1342 115 1372 l.
141 1339 174 1374 2.
208 1338 293 1371 Asc.
321 1338 352 1370 1.
390 1335 490 1369 Crat.
526 1334 653 1368 Lamb.
688 1332 881 1368 wirklich
915 1333 1176 1380 hinzufiigen3
1225 1331 1316 1366 aber
1357 1332 1397 1364 in
1433 1332 1558 1365 einem

77 1386 202 1420 Briefe
229 1384 273 1418 ad
298 1383 495 1418 Atticum?
523 1401 565 1407 —-
593 1382 754 1426 scripsit.
781 1381 868 1428 Vgl.
895 1381 941 1415 de
967 1380 1098 1415 Officc.
1118 1381 1189 1421 ΙΙΙ,
1209 1382 1242 1415 2.
1271 1398 1313 1403 -—
1338 1384 1557 1423 persecutus.

79 1434 179 1481 Lego
200 1435 411 1477 persecutus
436 1435 500 1465 est.
553 1431 782 1474 Absor-ptum
813 1441 849 1463 v.
885 1428 1063 1463 substant.
1098 1428 1290 1473 scriptura
1318 1431 1556 1471 persecutust.

79 1481 153 1515 GR.
189 1480 346 1524 „diesen
373 1478 483 1520 Stoff,
509 1478 762 1526 dieserFrage
788 1477 856 1511 hat
879 1476 1094 1511 Posidonius
1121 1476 1342 1523 verfolgt;“
1367 1477 1430 1510 ein
1455 1475 1559 1509 Sto‘i-

78 1529 149 1563 ker
174 1539 250 1562 von
274 1528 438 1573 Apamea
454 1527 504 1563 ,in
530 1526 683 1570 Syrien.
748 1527 875 1560 Bevor
900 1537 943 1559 er
977 1524 1076 1558 nach
1102 1524 1197 1558 Rom
1223 1524 1325 1566 kam,
1364 1523 1492 1557 lehrte
1517 1534 1559 1556 er

79 1577 145 1609 auf
167 1575 335 1616 Rhodus,
361 1585 423 1608 wo
449 1573 647 1620 Pompeius
675 1573 750 1606 und
779 1573 911 1607 Cicero
938 1573 1073 1607 dessen
1098 1572 1277 1606 Zuho'rer
1294 1583 1436 1606 waren.
1473 1582 1558 1615 per-

80 1627 232 1665 secutus,
258 1622 322 1656 sed
348 1622 527 1656 breviter.
578 1621 662 1656 Vid.
691 1621 735 1654 de
762 1621 896 1656 Officc.
922 1621 995 1663 III,
1022 1623 1055 1656 2.
1083 1640 1127 1645 —
1154 1620 1342 1659 arcessivi,
1371 1620 1438 1653 ich
1463 1620 1558 1653 lasse

80 1671 156 1704 mir
181 1671 370 1705 kommpn.
402 1690 442 1703 .—
478 1669 738 1703 Athenodorus
765 1669 898 1703 Calvus
922 1670 1013 1710 (von
1039 1669 1167 1702 seiner
1206 1668 1357 1712 Glatze)
1389 1668 1559 1702 Sandons

80 1717 196 1760 Sohn,
224 1718 286 1752 ein
312 1717 488 1757 Sto'i'ker,
512 1729 575 1750 aus
601 1717 741 1751 Tarsus
767 1717 807 1750 in
834 1717 1012 1758 Cilicien,
1036 1717 1150 1751 ,lebte
1176 1716 1348 1750 nachher
1374 1728 1433 1749 am
1459 1716 1559 1749 Hofe

80 1767 144 1801 des
170 1766 318 1800 Kaisers
344 1766 493 1813 August
527 1766 580 1800 als
618 1765 766 1800 Lehrer
799 1765 877 1798 und
901 1764 1136 1799 Hofmeister
1167 1764 1231 1798 des
1257 1763 1447 1797 Tiberius.
1500 1764 1558 1797 Ie-

79 1825 165 1848 nem
192 1814 267 1847 sou
294 1825 335 1848 er
360 1813 458 1848 nach
485 1813 615 1847 Suidas
643 1812 753 1847 nicht
777 1812 838 1846 die
868 1813 996 1847 besten
1022 1811 1280 1859 Rathschl'eige
1307 1811 1466 1846 ertheilt
1491 1811 1559 1845 ha-

9 1889 11 1912 &
78 1863 162 1896 ben.
190 1860 227 1895 S.
255 1873 312 1907 ep.
341 1863 422 1903 775,
450 1862 483 1896 4.
511 1880 558 1886 —
583 1860 632 1895 τὰ
658 1873 773 1905 κεφ.,
801 1861 936 1906 capita,
965 1860 1027 1894 die
1053 1859 1305 1894 Summarien.
1333 1880 1375 1886 —-
1402 1864 1560 1904 utquam

10 1918 11 1946 ἰ
75 1911 234 1954 primum
258 1910 395 1943 mittat.
449 1927 490 1933 -—
540 1906 855 1953 καθήκοντος,
882 1920 919 1942 es
946 1909 997 1942 ist
1022 1907 1132 1941 dar-in
1158 1908 1220 1942 die
1244 1908 1367 1962 Frage
1392 1918 1464 1942 von
1491 1907 1558 1942 der

10 1948 11 1962 ¹
80 1957 264 1992 Collision
289 1957 359 1990 der
384 1956 572 1992 Pflichten
599 1957 848 1999 verhandelt3
875 1957 921 1991 de
946 1955 1075 1990 officio
1102 1956 1147 1989 ad
1171 1962 1353 2001 temporis
1370 1956 1557 1990 rationem

80 2004 371 2039 accommodato.
400 2025 441 2031 —
478 2006 521 2039 de
544 2006 785 2048 inscriptione
808 2005 900 2038 libri
925 2005 1010 2038 mei.
1037 2024 1080 2030 -—
1115 2003 1219 2037 aliud
1244 2004 1370 2039 sentis.
1398 2022 1440 2028 -
1480 2004 1559 2047 ple-

78 2053 176 2095 nior,
202 2052 524 2100 vollklingender.
562 2072 605 2079 —
657 2050 932 2099 Προςφωνῶ,
967 2052 1033 2087 ich
1058 2052 1228 2086 dedicire
1255 2063 1302 2086 es.
1342 2071 1385 2077 ——
1434 2048 1558 2086 οἶνοι·-

80 2101 224 2144 κεῖον,
250 2100 430 2144 alienum,
456 2101 688 2147 unpasslich,
714 2101 962 2149 ungerathen.

174 2162 209 2198 5.
260 2161 317 2195 De
342 2161 500 2205 Myrtilo
535 2162 691 2197 dilucide
724 2162 925 2208 scripsisti,
959 2162 1053 2198 iiber
1089 2162 1161 2196 den
1186 2162 1363 2206 Myrtilus
1402 2162 1467 2195 bin
1493 2162 1558 2195 ich

82 2220 160 2243 nun
184 2221 281 2257 ganz
307 2209 362 2242 im
385 2210 539 2244 Klaren.
589 2209 626 2245 S.
643 2221 711 2256 ep.
737 2212 819 2252 767,
844 2212 876 2246 6.
928 2229 970 2235 —
1022 2210 1053 2244 0
1079 2211 1200 2255 quales
1224 2217 1296 2252 cet,
1322 2212 1365 2244 o!
1391 2211 1466 2244 wie
1491 2216 1560 2258 gut

81 2257 165 2291 hast
188 2259 247 2292 Du
272 2256 372 2291 diese
398 2258 516 2292 Leute
540 2258 680 2293 immer
703 2258 844 2302 taxirt3
871 2259 999 2303 quales
1027 2265 1070 2292 tu
1090 2270 1242 2303 semper
1257 2258 1349 2293 istos
1370 2258 1556 2299 homines,

83 2305 264 2340 Antonios
292 2305 458 2344 scilicet,
474 2306 574 2340 intus
602 2312 639 2341 et
663 2306 704 2340 in
730 2313 817 2341 cute
842 2306 995 2345 novisti,
1022 2308 1114 2341 tales
1141 2307 1255 2341 etiam
1281 2318 1381 2339 nunc
1402 2316 1463 2340 eos
1490 2305 1558 2338 ha-

83 2352 197 2386 buisti
222 2353 404 2401 cognitos.
429 2353 538 2387 SCH.
556 2375 598 2380 —
625 2355 731 2388 Itane
753 2354 791 2388 in
815 2355 864 2390 D.
891 2355 1078 2389 Brutum?
1102 2354 1179 2398 „So
1204 2353 1298 2402 geht
1321 2366 1405 2386 man
1433 2364 1558 2401 geg-en

84 2399 195 2432 einen
219 2401 353 2434 Brutus
379 2412 427 2434 zu
451 2401 656 2437 Werke?“
707 2403 857 2447 Popma,
882 2403 1095 2451 Monga'ult,
1130 2401 1274 2437 Schu'tz
1298 2401 1470 2449 dagegen
1498 2412 1558 2434 er-

82 2446 236 2481 kl'airent
263 2448 369 2482 Itane
395 2449 455 2482 illi
484 2450 622 2484 audent
648 2449 801 2494 culpam
821 2451 972 2495 Myrtili
998 2451 1077 2486 sive
1102 2462 1232 2485 veram
1258 2450 1338 2483 sive
1365 2449 1491 2482 fictam
1517 2448 1557 2480 in

82 2494 127 2527 D.
155 2494 312 2528 Brutum
336 2498 526 2539 conferre,
565 2498 670 2541 quasi
697 2498 727 2530 is
754 2509 1015 2542 percussorem
1053 2500 1092 2533 in
1119 2502 1168 2533 M.
1194 2497 1399 2531 Antonium
1426 2496 1556 2530 subor-

84 2542 256 2575 naverit?
309 2561 350 2567 -—
401 2544 468 2578 Dii
491 2546 574 2579 istis
600 2546 697 2579 male
721 2545 884 2590 faciant,
911 2546 991 2581 dass
1017 2547 1080 2582 die
1106 2548 1242 2582 Gb'tter
1269 2557 1306 2579 es
1331 2544 1451 2579 ihnen
1475 2569 1482 2575 .
1512 2570 1520 2575 ..
1551 2571 1554 2575 .

85 2588 180 2623 Eine
206 2589 458 2636 Aposiopesis.

179 2652 212 2685 6.
248 2654 286 2682 ut
312 2654 527 2694 scripseram
553 2666 612 2699 ep.
640 2656 722 2693 767,
750 2666 808 2689 wo
833 2666 876 2689 er
901 2655 1071 2690 selu-ieb:
1098 2654 1208 2693 „Eoeo
1233 2660 1357 2687 autem
1382 2653 1423 2687 in
1447 2655 1555 2688 Pom·

84 2697 260 2740 peianum
285 2700 571 2742 properaba111.“
610 2720 651 2725 —
690 2708 808 2746 temp„
834 2715 969 2751 wegen
995 2704 1064 2736 der
1088 2682 1379 2735 Heizstst'urme.
1430 2702 1554 2736 Ablat.

86 2756 224 2779 causae.
249 2764 295 2770 -
344 2746 542 2781 ecem-zano
569 2763 616 2780 :z
639 2750 789 2785 Octavio
815 2751 935 2786 Oxou.
961 2754 993 2788 2.
1027 2769 1074 2775 -
1108 2750 1238 2783 literae
1263 2748 1483 2784 afferuntur.
1502 2768 1553 2787 :-

154 2824 201 2848 Γι(
231 2825 332 2850 Brinta
356 2835 379 2850 v.
402 2825 525 2851 Binerb.
546 2826 584 2850 IV
1107 2804 1164 2843 15

1592 757 1620 855 mm
