1795 3086
556 80 872 124 EPISTOLA
905 82 1112 125 DCCXI.
1493 82 1577 127 103

106 209 184 241 xi„
222 196 409 236 alteram
449 205 492 232 x.
561 193 634 233 Ad
685 194 975 234 recentiorem
1023 195 1145 250 prius
1184 193 1214 245 1-
1251 198 1296 235 et
1337 193 1572 234 leuiorem.

96 250 277 291 Laudo.
319 250 370 291 Si
400 261 508 290 vero
538 249 672 288 etiam
703 248 995 290 Carfulenus:
1026 251 1107 289 ἀνω
1136 254 1334 298 ποταμῶν.
1392 248 1574 290 Antonii

18 343 19 346 ,
104 307 291 347 consilia
322 317 476 347 narras
505 305 784 346 turbulenta:
824 308 956 358 atque
996 307 1162 345 utinam
1202 306 1348 359 potius
1388 318 1467 360 per
1495 317 1573 358 po—

17 378 19 382 ⁴
57 401 61 403 ,
104 362 255 416 pulum
287 366 389 415 agat
417 372 547 414 quam
574 373 654 414 per
682 363 899 401 senatum!
935 360 1055 414 quod
1096 360 1276 414 quidem
1316 360 1381 400 ita
1422 360 1569 400 credo.

104 417 195 457 Sed
224 417 336 457 mihi
367 420 507 457 totum
536 414 630 456 eius
662 415 897 456 consilium
937 414 993 454 ad
1023 414 1187 456 bellum
1215 420 1417 470 spectare
1447 415 1571 456 vide-

104 477 199 524 tur,
245 473 286 514 si
325 471 502 526 quidem
549 470 606 510 D.
649 470 792 511 Bruto
832 470 1066 526 provincia
1107 471 1310 522 eripitur.
1379 471 1571 526 Quoquo

101 529 233 569 modo
272 541 354 582 ego
393 526 448 566 de
488 526 616 567 illius
655 526 804 568 nervis
843 525 1077 578 existimo,
1126 538 1215 565 non
1252 526 1430 567 videtur
1468 525 1571 568 fieri

101 597 228 637 posse
259 583 352 624 sine
382 582 515 623 bello.
585 581 675 623 Sed
703 596 790 623 non
820 582 975 636 cupio3
1016 582 1223 635 quoniam
1263 586 1443 622 cavetur
1481 581 1569 622 Bu-

103 639 299 680 throtiis.
340 636 511 679 Rides?
550 638 610 679 At
630 651 713 691 ego
736 638 869 680 doleo
899 651 988 680 non
1006 649 1100 678 mea
1123 637 1273 691 potius
1292 636 1570 689 assiduitate,

97 831 201 853 meae
234 830 360 853 omnes
394 818 603 852 existimem.
646 817 843 852 ORELLI.
896 835 937 841 -
989 830 1024 850 x.
1060 816 1242 850 Kalendas
1275 817 1374 860 (Asc.
1401 820 1433 852 1.
1471 817 1571 851 Crat.

100 867 242 908 Lamb.)
270 867 404 901 datam.
432 885 472 891 —
516 865 540 907 ἦ·
566 870 600 898 et
625 866 812 899 leniorem.
864 865 1001 899 Laudo.
1054 865 1153 899 Haec
1179 871 1368 911 corrupta.
1419 865 1481 899 Sic
1508 865 1571 899 Cd.

99 916 279 950 Tornaes.
306 915 377 948 Md.
408 915 523 948 Oxon.
553 916 585 947 1.
611 915 642 947 2.
670 914 752 947 Asc.
782 917 812 947 l.
853 914 954 947 Crat.
981 914 1077 948 Vict.
1108 916 1139 947 1.
1168 916 1200 948 2,
1233 915 1340 957 prius
1365 917 1398 946 et
1425 914 1570 954 longia*

98 974 183 996 rem.
233 962 357 995 Laudo
382 960 569 995 Tunstall.
597 971 633 1005 p.
659 963 738 997 199.
766 963 836 995 cfr.
863 963 911 995 ad
934 963 1048 995 Attic.
1079 963 1134 1002 15,
1163 963 1218 995 13.
1247 961 1413 1004 longson'
1440 963 1571 1004 episeo-

97 1012 156 1043 Iae
180 1010 432 1054 superiorique
457 1009 640 1052 respondi.
690 1008 764 1043 Sed
789 1016 870 1044 erat
894 1008 932 1042 h.
960 1009 985 1042 l.
1014 1009 1137 1054 potius
1164 1013 1197 1041 et
1222 1010 1438 1052 pleniorem,
1465 1014 1505 1041 ut
1525 1009 1573 1041 ad

97 1058 242 1091 Divers.
268 1057 318 1100 ΙΙ,
348 1061 403 1100 12,
432 1059 461 1091 1.
488 1067 595 1090 unam
623 1057 767 1090 brevem
792 1081 800 1091 .
832 1085 838 1091 .
867 1058 956 1091 duas
978 1058 1171 1100 pleniores.
1222 1056 1292 1091 Vel
1319 1057 1374 1090 sic
1400 1063 1523 1090 tamen
1550 1068 1569 1089 a

98 1119 131 1138 v.
156 1106 358 1149 pleniorem
382 1105 598 1149 absorptum
625 1111 680 1138 est
705 1116 842 1138 nomen
876 1105 932 1138 rei
959 1106 1021 1137 vel
1055 1116 1248 1149 personae,
1288 1115 1397 1149 quam
1431 1104 1569 1137 laudat.

98 1153 223 1187 hamb.
248 1154 364 1196 prius.
413 1152 470 1185 De
494 1151 619 1194 Lemo,
656 1163 732 1185 rem
759 1153 878 1186 laudo.
930 1153 1008 1186 Bos.
1042 1154 1135 1185 coni.
1170 1152 1305 1186 Graev.
1335 1152 1427 1185 Ern.
1451 1152 1567 1195 prius.

98 1201 146 1234 Et
173 1201 301 1243 legio?
351 1200 438 1233 Rem
464 1199 584 1233 laudo.
636 1199 724 1234 Sch.
752 1201 845 1234 Lun.
872 1201 1013 1245 partim
1039 1211 1084 1233 ex
1112 1199 1203 1233 Ern.
1237 1211 1348 1244 susp,
1383 1200 1524 1244 partim
1551 1211 1570 1232 e

98 1249 182 1282 leet.
217 1248 402 1282 librorum
438 1249 596 1292 Popmae
625 1248 742 1291 probo
778 1258 849 1293 pro
884 1248 993 1281 laudo
1028 1248 1123 1281 coni.
1162 1248 1216 1281 De
1250 1249 1408 1290 legione,
1441 1247 1568 1292 probe.

98 1295 297 1330 ORELLI.
348 1296 536 1338 Equidem
577 1296 704 1329 verius
740 1302 853 1341 puto:
891 1295 933 1328 de
969 1295 1124 1338 legione,
1160 1295 1294 1338 probe3
1330 1295 1427 1328 sicut
1460 1295 1568 1339 epist,

95 1346 165 1379 709
208 1345 250 1376 de
293 1344 527 1385 Menedemo,
567 1344 692 1387 probe.
766 1343 904 1390 Agitur
954 1350 1077 1377 autem
1124 1343 1169 1376 de
1216 1343 1367 1390 legione
1416 1343 1569 1377 Marcia.

95 1403 205 1435 quam
242 1391 387 1425 Atticus
422 1391 485 1424 vel
519 1391 593 1423 iam
631 1391 812 1425 defecisse
845 1391 888 1424 ab
920 1391 1083 1424 Antonio
1116 1391 1179 1425 vel
1218 1402 1303 1424 mox
1340 1390 1570 1424 defecturam

95 1451 173 1473 esse
197 1440 446 1473 nuntiaverat.
473 1438 763 1485 SCH.0‚‚W1e?
789 1439 870 1472 eine
898 1450 1016 1486 ganze
1043 1439 1187 1486 Legion
1214 1440 1258 1471 ist
1284 1449 1357 1471 von
1385 1437 1570 1472 Antonius

94 1487 332 1534 abgesallen?
383 1486 528 1520 Schon!
579 1487 684 1521 Uber
710 1486 769 1519 die
794 1486 897 1533 legio
924 1487 1057 1520 Martia
1084 1500 1109 1519 s.
1140 1497 1197 1531 ep.
1227 1488 1306 1522 825.
1346 1505 1387 1511 -
1426 1485 1570 1527 Carsu-

95 1536 193 1567 lenus
218 1535 298 1568 scil⁴
332 1534 375 1566 ab
409 1534 572 1568 Antonio
598 1534 643 1566 ad
669 1534 861 1568 Caesarem
888 1534 1082 1568 Octavium
1109 1534 1275 1573 transiit,
1305 1530 1378 1567 ἅνω
1404 1530 1573 1576 ποταμῶν

95 1580 203 1628 (ἱεραὶ
229 1579 389 1627 χωροῦσι
421 1579 538 1626 παγαὶ
571 1593 616 1614 ex
648 1581 870 1625 proverbio)
904 1582 929 1616 i.
964 1594 994 1615 e.
1030 1589 1109 1616 tum
1144 1593 1234 1617 vero
1268 1582 1424 1616 fiumina
1460 1581 1571 1614 etiam

96 1637 195 1663 retro
219 1630 324 1663 ibunt
349 1629 374 1665 i.
401 1640 431 1662 e.
458 1630 580 1662 omnia
606 1629 709 1663 fient.
760 1630 805 1663 D.
836 1629 1060 1663 Carfulenus
1087 1636 1247 1672 senator,
1274 1631 1422 1677 legatus
1439 1630 1572 1662 Pansae

97 1678 245 1711 interiit
283 1679 322 1709 in
355 1677 505 1721 proelio
541 1677 744 1711 Mutinensi
779 1677 875 1711 duce
908 1679 1030 1712 Pansa.
1079 1678 1160 1711 Vid.
1200 1678 1246 1711 ad
1271 1678 1403 1712 Famil.
1440 1677 1484 1719 X,
1512 1677 1570 1712 33.

95 1725 262 1770 Philipp.
292 1725 361 1764 111,
388 1726 421 1758 9.
451 1745 487 1751 -
527 1726 747 1767 turbulenta,
774 1725 880 1759 Ruhe
907 1725 1069 1760 stoi-end.
1109 1745 1152 1751 --
1183 1737 1248 1769 per
1271 1727 1439 1768 populum
1465 1728 1571 1766 agal,

95 1773 194 1807 sicut
219 1772 309 1819 egit.
359 1772 457 1805 Nam
484 1773 676 1818 corruptis
703 1773 866 1806 tribunis
892 1772 1017 1818 plebis
1043 1773 1175 1818 populi
1196 1772 1389 1819 suffragiis
1405 1771 1570 1805 Galliam

94 1820 331 1867 provinciam
363 1821 407 1854 D.
434 1821 551 1854 Bruto
586 1828 692 1854 antea
726 1821 915 1854 decretam
953 1834 970 1853 a
999 1828 1130 1855 senatu
1156 1820 1332 1854 obtinuit.
1383 1819 1464 1853 vid.
1492 1820 1569 1865 Ap*

94 1870 193 1914 piari.
219 1868 264 1901 de
289 1869 327 1901 B.
356 1868 435 1902 Civ.
463 1868 528 1901 lib.
555 1869 625 1909 III,
654 1871 711 1904 27.
739 1869 939 1902 MANUT.
979 1886 1019 1893 -—
1070 1869 1125 1902 ita
1159 1868 1240 1902 scil.
1269 1870 1459 1902 facturum
1486 1879 1570 1900 eum

94 1928 182 1950 esse.
233 1916 368 1949 Cicero
401 1915 543 1959 hoffte,
581 1917 661 1951 dass
697 1928 739 1950 er
770 1916 853 1950 sich
878 1915 1049 1950 dadurch
1082 1916 1167 1950 dem
1192 1916 1340 1950 Senate
1361 1927 1457 1964 ganz
1485 1926 1569 1948 ver-

94 1964 197 1998 hasst
221 1963 379 1998 macheu
406 1964 530 1999 sollte.
559 1983 601 1989 —
653 1975 759 2007 prov.
785 1966 875 2008 erip.
904 1965 1028 1998 Gallia
1055 1965 1212 1998 citerior
1247 1976 1266 1997 a
1293 1964 1450 1998 Caesare
1476 1963 1570 1996 olim

95 2013 177 2046 data
205 2018 241 2045 et
265 2023 337 2055 per
360 2018 531 2045 senatum
559 2013 790 2047 confirmata.
817 2012 897 2046 Vid.
925 2013 1077 2046 sueton.
1102 2013 1180 2046 Oct.
1210 2024 1241 2044 c.
1264 2015 1317 2047 10.
1349 2010 1569 2046 CORRAD.

95 2080 138 2085 -—-
164 2060 294 2098 nervis,
321 2059 569 2094 streitkrz‘ifte
595 2060 658 2094 des
686 2062 834 2093 Brutus.
872 2081 913 2086 --
959 2060 1062 2102 fieri,
1091 2059 1273 2105 abgeben.
1310 2079 1355 2084 -——
1406 2059 1479 2093 Sed
1502 2070 1571 2091 non

94 2108 199 2150 cupio
232 2107 318 2141 fieri
354 2107 436 2141 sine
468 2108 584 2151 bello,
618 2109 784 2152 quoniam
817 2113 965 2142 cavetur
989 2109 1048 2151 R,
1086 2109 1123 2142 h.
1152 2121 1181 2142 e,
1222 2108 1320 2142 bello
1360 2107 1571 2140 consulitur

95 2155 312 2196 Buthrotiis,
348 2156 491 2188 bellum
525 2156 634 2190 cedet
674 2156 714 2189 in
750 2157 986 2190 commodum
1020 2164 1056 2190 et
1090 2157 1226 2190 bonum
1267 2156 1568 2189 Buthrotiorum.

95 2205 190 2237 Nam
216 2203 248 2236 si
273 2203 415 2236 bellum
442 2205 519 2245 fiet,
547 2204 733 2251 effugient
760 2205 967 2243 Buthrotii,
1006 2217 1076 2238 nec
1098 2217 1191 2251 ager
1217 2204 1375 2238 illorum
1403 2203 1570 2250 assigna-

94 2252 198 2285 bitur
222 2251 426 2293 militibus,
469 2252 532 2295 qui
560 2264 634 2286 non
660 2253 908 2286 morabuntur
933 2264 1065 2301 agros,
1103 2263 1217 2296 quum
1251 2252 1442 2286 habebunt
1467 2257 1568 2295 opta»

94 2306 174 2332 tum
209 2299 360 2333 bellum.
412 2299 627 2335 GRONOV.
680 2320 721 2326 -
782 2301 891 2334 Rides
923 2308 1100 2344 tanquam
1135 2312 1216 2334 rem
1263 2301 1569 2345 inexspectatam,

98 2358 210 2390 quum
236 2353 277 2379 tu
305 2347 385 2391 ipse
411 2348 622 2381 Buthrotiis
649 2349 741 2381 bene
769 2350 863 2381 velis
901 2356 937 2382 et
965 2349 1018 2381 eis
1045 2349 1182 2387 caveri,
1221 2359 1350 2382 corum
1376 2348 1473 2380 bono
1500 2344 1569 2377 ali-

97 2393 187 2436 quid
211 2394 294 2426 fieri
318 2396 451 2438 optes?
486 2414 533 2420 -
584 2397 634 2429 At
663 2407 732 2437 ego
758 2397 861 2429 doleo
890 2398 934 2430 iis
960 2397 1012 2430 sic
1039 2397 1163 2430 caveri
1192 2402 1228 2430 et
1254 2396 1417 2436 cousuli3
1456 2393 1568 2437 cupio

97 2442 196 2474 enim
222 2441 335 2475 aliter
359 2442 404 2475 iis
430 2444 654 2484 consultum,
689 2455 825 2489 nempe
850 2457 999 2478 causam
1027 2445 1183 2478 illorum
1218 2445 1364 2490 agendo
1391 2440 1488 2485 apud
1513 2452 1569 2474 se-

97 2496 234 2522 natum.
264 2489 477 2525 GRONOV.
511 2494 596 2533 „Du
623 2491 794 2529 liichelst,
822 2494 964 2526 freucst
990 2493 1150 2527 Dich?⁸‘
1184 2490 1369 2531 (n‘a'mlich
1396 2488 1568 2528 dariibel',

97 2537 176 2569 dass
205 2547 243 2569 so
268 2537 339 2568 dnn
367 2538 577 2573 Buthroten
604 2539 726 2572 durch
752 2540 871 2586 K=·i›·g
898 2542 1027 2575 werde
1054 2542 1238 2585 geholsen
1265 2538 1448 2578 werden.)
1500 2536 1568 2570 Ich

95 2584 184 2617 aber
210 2584 365 2618 betriibe
393 2587 508 2627 mich,
536 2599 650 2621 wenn
677 2587 795 2621 Deine
809 2588 1010 2623 VViinsche
1037 2591 1098 2622 sur
1125 2590 1184 2622 die
1212 2585 1419 2621 Buthroter
1444 2584 1568 2618 durch

97 2632 214 2677 Κῆρες
241 2632 314 2664 und
341 2633 446 2667 nicht
473 2635 665 2669 vielmehr
690 2635 810 2668 durch
838 2636 962 2670 meine
988 2637 1194 2675 Ausdauer,
1222 2635 1448 2680 sorgsziltige
1475 2633 1566 2665 Ver—

80 2679 284 2726 'wendung
311 2681 385 2712 und
411 2681 526 2715 durch
555 2683 707 2716 meinen
726 2684 887 2717 Einfluss
914 2685 1052 2718 sollten
1079 2683 1348 2730 durchgesetzt
1374 2681 1568 2715 werdenv·

98 2728 242 2770 Cicero,
272 2728 337 2762 der
365 2729 580 2775 gleichfalls
606 2731 679 2765 den
698 2732 812 2779 Krieg
839 2732 1024 2774 wuuscht‚
1054 2732 1139 2766 will
1166 2732 1308 2764 semem
1330 2729 1479 2780 Attilgus
1500 2740 1572 2771 nur<
