1795 3086
222 73 318 124 256
390 108 407 125 ψ,
498 75 563 120 Μ.
593 75 653 120 Τ.
686 73 1028 119 CICERONIS
1057 33 1435 122 EPISTOIaAE.

225 189 507 234 conscientia
534 189 709 230 metior.
769 187 922 239 Quare
958 189 999 232 si
1037 193 1115 232 aut
1151 190 1288 232 aliter
1326 191 1553 243 sentirem,
1594 196 1717 235 certe

225 245 475 290 admonitio
505 248 583 287 tua
610 258 681 287 me
711 244 973 300 reprimere,
1003 250 1098 298 aut,
1139 246 1180 287 si
1209 246 1481 301 dubitarem,
1513 247 1717 291 hortatio

225 303 463 358 impellere
493 304 660 357 posset,
689 303 739 342 ut
766 300 816 342 id
844 314 1071 357 sequerer,
1111 303 1233 357 quod
1262 306 1312 344 tu
1342 303 1557 358 optimum
1586 309 1713 360 puta-

226 373 313 402 res.
370 357 500 400 Nunc
528 371 638 400 vero
667 357 777 412 quid
806 361 888 403 est,
924 359 1043 411 quod
1072 372 1142 400 me
1178 357 1228 400 in
1256 359 1394 401 aliam
1423 365 1596 415 partem
1624 367 1717 403 tra—

223 415 334 457 here
361 413 535 470 possit?
593 414 896 468 Quaecunque
925 414 972 455 in
1001 428 1072 456 me
1101 415 1218 456 bona
1257 420 1361 457 sunt
1397 420 1474 458 aut
1509 416 1717 458 fortunae

225 470 447 513 beneficio
476 470 646 512 tributa
673 473 752 511 aut
778 483 878 510 meo
906 468 1059 513 labore
1088 474 1233 526 parta,
1273 470 1360 513 etsi
1403 484 1430 513 a
1458 476 1504 513 te
1533 477 1718 537 propter
1780 484 1781 487 ’

224 541 422 570 amorem
472 525 621 568 carius
662 529 767 568 sunt
804 524 1057 579 aestimata,
1109 531 1255 568 tamen
1294 527 1366 569 vel
1415 528 1717 570 inimiclssimi

222 582 396 626 iudicio
424 585 549 625 tanta
575 585 693 633 sunt,
724 584 773 622 ut
801 585 980 636 praeter
1008 583 1166 624 bonam
1196 583 1362 625 famam
1390 583 1509 626 nihil
1540 585 1716 626 deside-

223 653 327 683 rare
353 639 608 682 videantur.
667 637 820 687 Quare
851 635 940 678 hoc
968 652 1103 680 unum
1133 639 1217 680 tibi
1236 640 1473 694 persuade,
1502 645 1716 696 quantum

220 696 394 739 viribus
424 695 551 748 eniti,
581 694 775 736 consilio
804 694 1058 748 providere,
1106 696 1377 738 auctoritate
1418 710 1599 740 monere
1638 710 1716 752 po-

221 757 364 807 tuero,
393 751 484 794 hoc
513 764 642 793 omne
672 750 738 791 rei
768 749 977 805 publicae
1018 763 1194 805 semper
1233 752 1445 794 futurum.
1502 752 1604 795 Non
1644 758 1716 795 est

221 811 404 865 ignotus
453 807 567 849 mihi
607 820 763 849 sensus
803 810 930 848 tuus:
980 820 1138 862 neque,
1188 806 1229 848 si
1268 807 1461 850 facultas
1500 809 1748 863 optabilis,

221 865 336 908 mihi
364 864 543 921 quidem
572 863 648 905 tui·
671 863 922 918 praesentis
950 868 1083 910 esset,
1120 876 1313 919 unquam
1342 877 1369 905 a
1396 864 1487 905 tuis
1516 865 1717 907 consiliis

221 922 554 977 discreparem3
602 933 686 961 nec
716 932 834 961 nunc
863 919 1152 973 committam,
1191 924 1240 961 ut
1276 920 1419 961 ullum
1447 934 1593 962 meum
1622 921 1717 962 fac-

221 983 316 1021 tum
347 975 677 1033 reprehendere
707 975 806 1017 iure
835 976 994 1030 possis.
1047 975 1154 1016 Sum
1184 976 1230 1016 in
1260 978 1597 1032 exspectatione
1623 991 1717 1018 om-
1750 1025 1758 1033 ,

219 1036 346 1077 nium
376 1047 538 1086 rerum,
568 1033 678 1087 quid
706 1032 753 1072 in
772 1032 923 1074 Gallia
952 1031 1180 1085 citeriore,
1210 1032 1320 1086 quid
1352 1032 1398 1073 in
1430 1034 1539 1075 urbe
1568 1047 1718 1075 mense

219 1091 433 1134 Ianuario
462 1093 659 1145 geratur,
688 1092 738 1129 ut
766 1087 918 1129 sciam.
973 1087 1160 1129 Interim
1199 1088 1442 1130 maximam
1484 1089 1563 1130 hic
1592 1090 1716 1132 solli-

221 1147 467 1191 citudinem
495 1156 738 1199 curamque
777 1143 992 1191 sustineo,
1040 1156 1092 1185 ne
1132 1143 1249 1185 inter
1286 1142 1437 1186 aliena
1471 1145 1584 1188 vitia
1629 1144 1716 1187 hae

220 1365 338 1413 hegte
362 1361 466 1396 mein
475 1361 592 1395 Vater
605 1358 735 1395 sehon.
763 1378 809 1384 —
836 1358 949 1392 aliter
964 1370 1006 1393 ac
1021 1357 1145 1392 sentio
1160 1357 1199 1393 h.
1217 1369 1248 1392 e.
1266 1358 1297 1393 si
1311 1369 1427 1393 essem
1438 1358 1538 1393 male
1556 1358 1713 1393 affectus

220 1423 313 1460 erga
339 1420 421 1444 rem
447 1408 656 1456 publicam.
692 1425 741 1434 -
782 1407 999 1452 reprimere,
1033 1406 1181 1440 zuriick
1212 1406 1395 1454 diffingen,
1429 1406 1606 1454 bringen.
1656 1408 1714 1440 Zu

219 1458 421 1497 admonitio
447 1483 456 1491 .
482 1482 490 1492 .
518 1479 527 1491 .
551 1456 718 1491 hortatio
752 1455 833 1503 vgl.
868 1454 1021 1490 Ramsh.
1058 1456 1087 1499 §.
1113 1456 1197 1494 203,
1224 1456 1259 1494 7,
1288 1455 1323 1496 b,
1353 1457 1385 1494 l,
1411 1466 1444 1489 a.
1495 1473 1538 1479 —
1591 1455 1715 1489 carius

218 1513 303 1544 sant
328 1510 432 1548 aest„
456 1504 547 1540 sehr
568 1504 673 1539 hoch
698 1502 980 1552 angeschlagen
1005 1502 1066 1536 ist·
1104 1521 1147 1527 -
1181 1503 1240 1537 vel
1263 1502 1403 1537 inimic.
1426 1503 1574 1544 iudicio,
1602 1514 1715 1551 sog-ar

220 1560 263 1592 in
287 1556 361 1591 den
386 1555 520 1603 Augen
545 1553 692 1588 meiner
717 1553 894 1601 grossten
918 1550 1072 1585 Feinde.
1108 1569 1154 1576 —
1192 1554 1232 1584 ut
1257 1576 1267 1585 .
1295 1576 1305 1586 .
1332 1574 1341 1584 .
1367 1551 1481 1585 desid.
1508 1550 1713 1594 videantur,

219 1607 303 1641 dass
329 1603 395 1638 ich
419 1602 557 1651 glaube
582 1614 632 1636 zu
658 1601 800 1635 diesem
831 1600 959 1635 vielen
983 1599 1123 1641 Guten‚
1163 1610 1241 1634 was
1277 1598 1342 1633 ich
1377 1598 1540 1641 besitze,
1575 1599 1713 1635 Niehts

220 1654 360 1690 weiter
400 1650 598 1699 begehren
638 1661 688 1685 zu
735 1649 887 1693 diirfen,
940 1647 995 1683 als
1036 1646 1097 1682 die
1143 1646 1365 1697 Erhaltung
1409 1647 1553 1683 meinos
1595 1654 1713 1697 guten

221 1705 398 1740 Namens.

319 1777 355 1814 3.
408 1775 509 1817 eniti,
535 1774 741 1810 erstreben.
789 1792 831 1798 —
876 1771 1034 1807 consilio
1067 1771 1228 1817 provid.‚
1265 1770 1390 1806 durch
1415 1770 1600 1819 Klugheit
1626 1781 1711 1804 νει·-

221 1825 355 1861 hiiten.
385 1845 427 1852 -·
453 1834 605 1859 monere
626 1827 796 1868 potuero.
832 1821 897 1858 Sic
924 1821 996 1856 Md.
1031 1833 1052 1855 a
1078 1832 1152 1856 sec.
1189 1832 1240 1854 m.
1274 1820 1393 1866 Neap.
1426 1819 1513 1853 Asc.
1539 1821 1572 1854 1.
1609 1819 1712 1854 Crat.

223 1875 354 1909 Lamb.
380 1874 474 1907 Ern.
499 1874 572 1908 cfr.
605 1884 719 1917 supra
753 1871 834 1905 Lib.
872 1872 908 1911 9,
934 1871 993 1906 24.
1033 1870 1169 1904 nnllam
1202 1870 1321 1903 Iocum
1351 1867 1603 1912 praetermitto
1636 1878 1712 1901 mo-

222 1922 346 1965 nendi,
371 1922 522 1966 agendi,
543 1920 782 1966 providendi3
817 1919 881 1953 ubi
907 1919 1068 1952 movendi
1096 1929 1115 1952 e
1142 1917 1234 1958 Cdd.
1260 1917 1420 1962 aliquot,
1446 1916 1598 1950 nemine
1624 1926 1713 1961 pro-

224 1971 346 2012 bante,
373 1970 504 2005 itidem
530 1969 717 2015 praetulit
740 1970 857 2016 Beng.
883 1977 1030 2002 movere
1055 1966 1128 2001 Md.
1156 1978 1178 2000 a
1201 1977 1261 2012 pr.
1275 1976 1326 1998 m.
1353 1965 1451 1998 Vict.
1471 1965 1546 2000 1.2.
1575 1963 1714 1998 Graev.

221 2019 362 2054 Bened.
387 2018 474 2054 Sch.
498 2022 628 2063 potero
654 2028 675 2052 e
700 2016 767 2052 Cd.
794 2017 897 2062 Lips.
923 2016 1016 2050 Ern.
1044 2014 1135 2050 Sch.
1162 2015 1255 2048 Liin.
1281 2012 1479 2048 ORELLI.
1524 2030 1568 2037 —-
1607 2013 1714 2055 sore,

222 2067 354 2102 werde
378 2067 588 2115 gewidmet
612 2066 705 2101 sein.
746 2083 793 2091 -
843 2075 977 2106 sensus,
1007 2064 1246 2110 Gesinnung,
1271 2059 1641 2106 Willensmeinung.
1669 2079 1712 2085 -—

223 2116 257 2150 si
273 2116 443 2159 facultas
468 2140 477 2148 .
505 2141 515 2150 .
543 2140 551 2149 .
580 2118 687 2157 esset,
734 2125 849 2149 wenn
881 2113 949 2148 ich
983 2112 1119 2147 anders
1154 2111 1228 2146 den
1261 2109 1440 2147 Wunsch
1475 2108 1715 2156 befriedigen
1778 2152 1780 2154 v

225 2165 383 2208 kemite,
408 2163 514 2210 mich
537 2175 584 2197 an
609 2163 750 2198 Deiner
776 2161 880 2198 Seite
902 2174 952 2196 zu
975 2160 1105 2196 seben.

319 2240 357 2274 4.
409 2237 497 2273 Sum
520 2239 560 2272 in
580 2249 680 2284 exsp.
708 2237 863 2272 omnium
887 2245 1024 2276 rerum,
1057 2233 1129 2267 mit
1154 2231 1360 2281 Ungeduld
1385 2231 1466 2267 seh’
1498 2230 1563 2265 ich
1588 2229 1716 2265 Nach=

224 2287 380 2324 richten
404 2297 478 2322 von
503 2286 634 2321 Allem
656 2293 862 2334 entgegen.
891 2302 934 2309 —
950 2283 1150 2324 citeriore,
1174 2292 1237 2316 wo
1264 2291 1302 2316 es
1328 2280 1415 2315 bald
1439 2291 1527 2314 zum
1553 2279 1713 2325 Kampfe

224 2336 422 2373 zwischen
446 2335 633 2370 Antonius
657 2347 694 2369 u.
721 2337 766 2370 D.
795 2335 932 2368 Brutus
958 2331 1142 2366 kommen
1167 2335 1319 2364 musste.
1358 2347 1402 2354 —
1434 2338 1554 2362 mense
1578 2328 1714 2362 Ianua-

224 2386 299 2425 rio,
323 2395 439 2431 quum
465 2383 640 2418 consules
665 2383 812 2417 inibant
837 2381 1116 2429 magistratum.
1163 2397 1208 2403 —
1246 2381 1285 2411 ut
1310 2377 1424 2414 sciam
1449 2376 1544 2411 Ern.
1573 2376 1609 2420 []
1637 2375 1712 2409 del.

224 2433 314 2468 seh.
340 2434 434 2467 Liin.
470 2431 547 2467 Sed
572 2431 826 2477 supplendum
859 2436 915 2464 est
946 2427 1179 2476 cogitatione
1209 2426 1295 2461 fere
1325 2423 1379 2468 id,
1417 2425 1518 2471 quod
1548 2423 1715 2460 Weiske

226 2479 412 2517 excidisse
444 2487 548 2515 ratus
584 2485 661 2513 est:
706 2479 764 2522 „si
807 2478 899 2524 quid
933 2488 1026 2522 ergo
1058 2476 1198 2510 Romae
1234 2473 1335 2512 novi,
1371 2475 1445 2515 fac,
1482 2479 1524 2507 ut
1557 2472 1716 2507 sciam.“

226 2530 427 2566 ORELLI.
476 2527 710 2563 Vielleicht:
749 2528 851 2571 „mit
871 2526 1026 2561 solcher
1051 2523 1256 2574 Ungeduld
1280 2522 1360 2557 seh’
1386 2522 1452 2557 ich
1478 2520 1606 2556 Allem
1632 2525 1716 2554 ent-

224 2591 364 2627 gegen‚
402 2581 442 2612 ut
472 2577 598 2619 sciam,
631 2576 719 2622 quid
750 2576 851 2610 cet.“
894 2575 978 2610 dass
1017 2573 1082 2607 ich
1120 2578 1197 2607 erst
1222 2582 1340 2620 gerne
1379 2570 1517 2618 gewiss
1561 2568 1712 2609 wissen‚

225 2626 460 2662 Gewissheit
484 2625 648 2660 dariiber
675 2624 799 2659 haben
832 2623 1001 2666 m'dchte,
1035 2633 1114 2656 was
1138 2632 1176 2655 u.
1202 2632 1230 2657 s.
1256 2631 1306 2655 w.
1357 2637 1401 2644 —
1450 2619 1619 2658 Interim,
1658 2615 1714 2649 bis

225 2675 356 2716 (labin,
385 2674 474 2708 dum
499 2674 629 2708 seiam.
682 2692 725 2699 —
776 2683 820 2706 ne
845 2698 854 2704 .
881 2695 890 2708 .
917 2698 926 2706 .
952 2669 1187 2712 occasionem,
1214 2680 1252 2704 es
1277 2667 1459 2703 m'ochten
1484 2666 1547 2700 die
1570 2663 1715 2698 V'olker

226 2725 315 2758 hier
340 2724 399 2758 bei
425 2723 499 2758 den
524 2720 780 2770 Fehlgriffen‚
814 2720 873 2755 die
913 2719 1063 2755 Andere
1096 2718 1206 2761 thun,
1240 2728 1378 2752 unsere
1411 2714 1500 2750 iible
1524 2714 1626 2760 Lage
1650 2713 1716 2746 fiir

227 2773 310 2807 eine
335 2772 515 2821 giinstige
540 2770 797 2820 Gelegenheit
821 2780 908 2804 zum
934 2767 1139 2803 Aufstande
1163 2765 1339 2801 ansehen.
1390 2782 1437 2790 —-
1485 2761 1627 2802 aliena,
1653 2760 1712 2794 in-

1780 2896 1782 2902 ν
1780 2884 1781 2887 Α
1780 2870 1781 2874 Α
1780 2857 1782 2862 -
1779 2629 1787 2838 -ο-»κα-ψ-ψ..
