1795 3086
517 105 827 147 EPISTOLA
860 107 1164 149 DCCCXIX.
1488 106 1578 153 311
1600 109 1603 112 ’

93 218 286 259 assiduis
328 217 617 258 internuntiis
658 231 757 258 cum
796 218 969 272 Lepido
1008 220 1198 274 egi,-ut,
1248 221 1413 262 omissa
1455 223 1577 262 omni

91 275 376 314 contentione
427 272 807 328 reconciliataque
854 275 1085 317 voluntate
1130 279 1297 328 nostra,
1354 279 1577 317 communi

91 330 285 371 consilio
327 329 393 370 rei
431 329 635 382 publicae
676 334 984 371 succurreret:
1032 346 1095 382 se,
1136 332 1298 373 liberos
1338 332 1579 386 urbemque

91 386 250 440 pluris,
279 398 411 440 quam
441 397 572 424 unum
602 385 825 438 perditum
858 387 1163 440 abiectumque
1199 388 1418 429 latronem
1448 386 1575 441 puta—

93 446 184 482 ret:
216 442 514 497 obsequioque
544 453 658 491 meo,
689 441 727 481 si
757 441 818 482 ita
849 442 1032 493 faceret,
1062 443 1120 484 ad
1150 456 1302 485 omnes
1332 456 1402 484 res
1424 444 1574 485 abute-

92 502 227 538 retur.
286 496 469 538 Profeci
499 496 649 550 itaque
687 511 767 551 per
793 497 1085 540 Laterensem
1125 498 1472 540 internuntium:
1519 499 1573 541 fi—

91 553 192 594 dem
222 553 333 593 mihi
363 552 489 593 dedit
518 566 565 591 se
595 553 854 601 Antonium,
898 556 936 595 si
968 554 1205 609 prohibere
1235 555 1468 608 provincia
1496 568 1577 597 sua

91 623 178 650 non
209 608 438 662 potuisset,
477 609 598 649 bello
637 614 996 662 persecuturum:
1045 623 1129 659 me,
1176 613 1224 649 ut
1263 610 1462 652 venirem
1502 625 1575 652 co·

89 667 272 719 piasque
301 665 628 718 coniungerem,
660 666 861 720 rogavit:
905 680 1045 720 eoque
1074 666 1232 719 magis,
1262 666 1383 720 quod
1413 671 1458 707 et
1486 667 1576 708 An-

88 720 236 761 tonius
268 721 320 760 ab
361 721 567 773 equitatu
595 721 751 762 firmus
789 735 885 763 esse
926 722 1161 761 dicebatur
1201 724 1244 762 et
1281 721 1481 776 Lepidus
1520 735 1575 763 ne

88 776 360 816 mediocrem
398 775 579 830 quidem
632 778 881 830 equitatum
921 777 1127 818 habebat.
1184 777 1299 818 Nam
1341 777 1477 818 etiam
1518 792 1577 818 ex

89 833 316 886 paucitate
348 831 442 872 eius
472 845 559 872 non
590 834 744 873 multis
776 837 875 873 ante
907 832 1064 873 diebus
1094 833 1266 884 decem,
1311 834 1389 888 qui
1419 833 1576 887 optimi

90 887 280 939 fuerant7
321 888 378 928 ad
410 901 480 927 me
520 889 808 929 transierunt.
869 888 1041 937 Quibus
1089 890 1217 929 rebus
1256 903 1340 943 ego
1383 889 1577 941 cognitis

88 948 321 983 cunctatus
352 957 439 983 non
471 957 589 991 sum3
634 943 679 983 in
709 956 843 984 cursu
872 945 1087 986 bonorum
1118 944 1411 986 consiliorum
1440 944 1575 998 Lepiu

87 999 191 1038 dum
222 998 520 1040 adiuvandum
549 998 714 1052 putavi.
774 999 1007 1042 Adventus
1046 1014 1169 1042 meus
1208 1001 1317 1055 quid
1347 1000 1574 1055 prosectu·
1615 1000 1627 1009 s

88 1068 162 1095 rus
203 1058 336 1101 esset,
374 1053 496 1103 vidi3
540 1056 613 1095 vel
657 1055 776 1109 quod
815 1057 1017 1110 equitatu
1054 1070 1155 1098 meo
1197 1056 1406 1112 persequi
1446 1060 1578 1111 atque

86 1111 337 1165 opprimere
376 1109 625 1163 equitatum
673 1111 767 1151 eius
816 1126 1017 1166 possem3
1066 1113 1138 1155 vel
1187 1113 1306 1168 quod
1356 1113 1577 1153 exercitus

85 1166 246 1220 Lepidi
279 1180 374 1209 eam
404 1170 589 1219 partem,
627 1180 741 1222 quae
780 1173 995 1222 corrupta
1035 1172 1104 1209 est
1147 1172 1193 1209 et
1232 1170 1287 1209 ab
1318 1182 1367 1209 re
1396 1167 1577 1223 publica

86 1223 293 1267 alienata,
329 1225 375 1262 et
405 1222 634 1276 corrigere
664 1226 709 1263 et
739 1235 947 1265 coercere
977 1223 1234 1279 praesentia
1271 1225 1360 1266 mei
1401 1222 1577 1264 exerci-

83 1283 154 1319 tus
184 1290 371 1332 possem.
429 1276 588 1332 Itaque
627 1279 674 1318 in
704 1277 847 1325 Isara,
894 1279 1078 1321 flumine
1116 1280 1324 1326 maximo,
1372 1279 1493 1336 quod
1532 1279 1577 1319 in

83 1333 248 1375 finibus
279 1337 347 1373 est
374 1332 689 1387 Allobrogum,
725 1339 860 1388 ponte
899 1349 988 1375 uno
1031 1335 1105 1375 die
1136 1334 1274 1387 facto,
1325 1335 1578 1376 exercitum

85 1403 123 1432 a.
156 1389 198 1429 d.
236 1402 294 1429 1v.
324 1387 435 1429 Idus
467 1388 618 1430 Maias
657 1389 855 1431 traduxi.
914 1390 1063 1440 Quum
1104 1404 1230 1436 vero⁴
1252 1390 1367 1431 mihi
1403 1390 1577 1431 nuntia·

85 1450 176 1486 tum
206 1447 323 1485 esset
350 1444 405 1484 L.
434 1444 679 1486 Antonium
709 1446 1002 1500 praemissum
1042 1460 1143 1487 cum
1173 1446 1399 1502 equitibus
1430 1450 1474 1487 et
1503 1459 1578 1486 co·-

82 1501 292 1542 hortibus
334 1499 388 1540 ad
418 1501 588 1542 Forum
617 1501 729 1542 Iulii
768 1503 969 1544 venisse:
1008 1501 1196 1544 fratrem
1238 1516 1339 1543 cum
1378 1503 1578 1558 equitum

84 1561 298 1612 quattuor
333 1555 550 1604 millibus,
591 1562 640 1598 ut
681 1562 944 1599 occurreret
986 1559 1043 1611 ei,
1090 1558 1193 1600 misi
1233 1571 1273 1599 a.
1317 1558 1356 1598 d.
1398 1572 1440 1599 v.
1470 1557 1580 1599 Idus

80 1734 276 1779 pertinere,
303 1733 383 1768 dass
410 1731 632 1766 demStaate
659 1731 776 1765 daran
804 1732 968 1779 gelegen
994 1733 1047 1766 sei
1074 1730 1112 1766 τὸ
1139 1733 1235 1767 scire
1263 1740 1313 1775 te,
1340 1745 1434 1778 quae
1449 1739 1579 1779 postea

82 1782 198 1817 accid.
244 1801 286 1806 —
330 1780 579 1815 internuntiis.
633 1780 670 1814 S.
696 1780 821 1827 vorig.
857 1781 918 1813 Br.
955 1780 983 1822 ξ.
1010 1782 1050 1815 3:
1084 1780 1318 1815 adiutoribus
1354 1781 1578 1826 interpreti-

83 1831 238 1874 busque.
291 1847 334 1853 ·-
387 1829 523 1862 omissa
557 1829 654 1862 omni
689 1832 796 1870 cont„
833 1828 931 1861 uach
965 1828 1201 1875 Aufhebung
1236 1830 1332 1864 alles
1359 1829 1580 1874 bisherigen

85 1880 261 1913 Zwistes.
289 1896 332 1902 —
361 1878 552 1917 abiectum,
580 1877 713 1920 vilem,
740 1877 1022 1911 verworfenen.
1061 1895 1100 1901 -
1137 1877 1330 1921 latronem,
1356 1878 1578 1912 Antonium.

85 1947 128 1952 -
154 1927 370 1960 abuteretur
395 1939 444 1957 z:
470 1930 655 1959 uteretur.

179 1994 213 2028 2.
265 1994 316 2026 M.
344 1991 545 2025 Iuvencius
572 1991 792 2032 Laterensis,
830 1991 1095 2038 vormahliger
1129 1992 1274 2036 Pr‘aitor,
1311 1993 1403 2029 ietzt
1427 1994 1482 2028 als
1508 1995 1578 2029 Le*

84 2047 149 2091 gat
179 2040 239 2074 bei
265 2039 443 2085 Lepidus,
477 2040 541 2072 ein
577 2039 745 2085 eifriger
770 2040 1068 2084 Republikaner,
1107 2040 1175 2074 der
1200 2043 1274 2075 fast
1299 2042 1339 2075 in
1366 2043 1578 2077 Verzweif-

83 2092 181 2137 lung
207 2087 368 2133 gerieth,
405 2089 460 2121 als
488 2100 529 2120 ex·
563 2088 636 2122 den
664 2088 871 2120 Proconsul
898 2088 1061 2134 Lepidus
1093 2089 1158 2123 fiir
1182 2089 1241 2123 die
1267 2089 1387 2124 sache
1413 2091 1481 2125 der
1504 2092 1578 2124 Re-

83 2137 221 2184 publik
247 2135 357 2170 nicht
382 2135 586 2169 dauerhaft
619 2136 824 2183 gewinnen
859 2136 1014 2170 konnte.
1064 2136 1222 2179 I'rofeci
1253 2138 1388 2183 itaque,
1433 2139 1509 2172 und
1541 2150 1580 2172 so

82 2186 168 2220 hab’
195 2184 261 2218 ich
287 2184 386 2218 deun
408 2184 539 2218 Etwas
564 2184 605 2216 in
631 2183 699 2217 der
724 2183 906 2217 Hinsicht
931 2184 1202 2232 ausgerichtet.
1241 2185 1488 2231 Profecique
1511 2198 1572 2231 pet

83 2235 130 2269 de
156 2234 251 2267 Ern.
288 2243 388 2278 susp.
422 2231 509 2265 Sch.
551 2232 659 2265 Haud
699 2232 814 2265 nimis
856 2233 1050 2280 eleganter
1075 2240 1161 2278 post
1184 2233 1282 2267 illud
1307 2235 1579 2279 obsequioque,

84 2281 280 2316 ORELLI.
324 2299 371 2305 -
411 2280 509 2313 dedit
532 2280 710 2326 Lepidus.
760 2298 808 2305 —
858 2281 903 2313 ab
930 2281 1103 2324 equitatu,
1127 2293 1175 2315 an
1200 2282 1388 2325 Reiterei;
1417 2283 1457 2315 in
1483 2283 1579 2316 Hin-

85 2329 188 2364 sicht
215 2329 282 2362 der
306 2328 489 2362 Reiterei.
516 2347 562 2354 —-
595 2330 633 2363 in
659 2339 770 2363 cursu
795 2329 942 2371 consil-7
968 2329 1029 2362 bei
1054 2329 1198 2365 diesem
1223 2331 1332 2378 Zuge
1358 2330 1486 2365 seiner
1512 2343 1575 2376 pu-

84 2376 314 2412 triotischen
341 2376 466 2411 Plane.

180 2446 216 2480 3.
268 2444 464 2489 equitatum
491 2444 583 2485 eius,
609 2443 778 2478 Antonii.
805 2463 850 2470 -—
878 2449 1065 2488 corrupta,
1094 2444 1314 2479 hestochen.
1352 2464 1392 2471 —
1439 2445 1578 2478 abalie-

86 2496 186 2533 nata,
211 2492 416 2540 abwendig
443 2492 630 2539 gemacht.
659 2510 703 2517 -
730 2493 958 2535 corrigere,
983 2504 1005 2525 a
1031 2493 1220 2527 seditione
1245 2492 1458 2534 retrahere,
1483 2493 1568 2527 wie-

85 2542 153 2575 der
178 2542 245 2573 auf
267 2540 341 2573 den
368 2539 527 2574 rechten
552 2540 657 2584 Weg
683 2540 858 2589 bringen.
894 2560 935 2565 —
970 2545 1148 2579 coercere,
1174 2542 1212 2574 in
1239 2540 1370 2574 officio
1397 2542 1575 2575 retinere.

87 2610 128 2616 --
157 2587 227 2622 IV.
253 2589 340 2622 Idus
365 2589 505 2630 IWaias,
530 2599 589 2621 am
621 2591 672 2624 12.
699 2589 784 2621 Mai.
811 2609 852 2616 -
885 2588 1143 2629 LAntonz'um,
1169 2589 1243 2622 den
1269 2589 1457 2635 iiingeren
1482 2590 1576 2623 Bru—

86 2638 155 2670 der
180 2637 242 2671 des
269 2639 318 2670 M.
344 2637 539 2670 Antonius.
596 2655 636 2661 -
690 2637 823 2670 Forum
846 2635 939 2670 Iulii
971 2638 1011 2671 in
1038 2637 1167 2671 Gallia
1194 2636 1444 2679 Narbonensi,
1475 2648 1575 2671 nunc

86 2685 220 2719 Freius
247 2685 490 2730 appellatum.
526 2701 569 2709 -—
600 2686 766 2727 fratrem
792 2696 928 2718 meum.
983 2705 1023 2710 -—
1080 2686 1125 2719 V.
1153 2684 1242 2718 Idus
1268 2684 1409 2723 Elaias,
1431 2697 1492 2718 am
1520 2687 1577 2719 ll„

86 2733 170 2766 Mai.
206 2734 255 2766 ad
286 2733 323 2766 11
359 2733 443 2766 Mus
479 2732 577 2766 Maia
619 2733 699 2766 Asc.
735 2735 768 2766 l.
815 2733 934 2766 Hinc:
979 2735 1027 2767 acl
1060 2733 1158 2778 prid.
1195 2732 1251 2766 ld.
1288 2732 1416 2766 Maias
1447 2733 1578 2772 Lamb,

88 2781 283 2816 ORELLI,
323 2792 410 2824 „am
448 2781 532 2815 11.“
593 2802 631 2807 -—
686 2792 781 2814 max.
818 2781 951 2823 itiner„
993 2782 1032 2814 in
1065 2780 1222 2816 starken
1260 2780 1577 2828 OE'agemarsehon,
