<?xml version="1.0" encoding="UTF-8"?>
<!DOCTYPE html PUBLIC "-//W3C//DTD XHTML 1.0 Transitional//EN"
    "http://www.w3.org/TR/xhtml1/DTD/xhtml1-transitional.dtd">
<html xmlns="http://www.w3.org/1999/xhtml" xml:lang="en" lang="en">
 <head>
  <title>
</title>
<meta http-equiv="Content-Type" content="text/html;charset=utf-8" />
  <meta name='ocr-system' content='tesseract 3.04.00' />
  <meta name='ocr-capabilities' content='ocr_page ocr_carea ocr_par ocr_line ocrx_word'/>
</head>
<body>
  <div class='ocr_page' id='page_1' title='image "./epistolaeadattic04ciceuoft_0268.png"; bbox 0 0 1795 3086; ppageno 0'>
   <div class='ocr_carea' id='block_1_1' title="bbox 224 199 1710 395">
    <p class='ocr_par' dir='ltr' id='par_1_1' title="bbox 224 199 1710 395">
     <span class='ocr_line' id='line_1_1' title="bbox 605 199 1323 263; baseline -0.004 0"><span class='ocrx_word' id='word_1_1' title='bbox 605 202 690 263; x_wconf 76' lang='grc' dir='ltr'>Μ,</span> <span class='ocrx_word' id='word_1_2' title='bbox 734 201 809 260; x_wconf 69' lang='grc' dir='ltr'>Τ,</span> <span class='ocrx_word' id='word_1_3' title='bbox 852 199 1323 260; x_wconf 71' lang='lat' dir='ltr'>monnole</span> 
     </span>
     <span class='ocr_line' id='line_1_2' title="bbox 224 304 1710 395; baseline -0.003 -2"><span class='ocrx_word' id='word_1_4' title='bbox 224 310 311 393; x_wconf 82' lang='lat' dir='ltr'>E</span> <span class='ocrx_word' id='word_1_5' title='bbox 410 307 498 392; x_wconf 92' lang='lat' dir='ltr'><strong>P</strong></span> <span class='ocrx_word' id='word_1_6' title='bbox 598 312 645 395; x_wconf 86' lang='grc' dir='ltr'><strong>Ι</strong></span> <span class='ocrx_word' id='word_1_7' title='bbox 742 305 813 392; x_wconf 83' lang='lat' dir='ltr'>S</span> <span class='ocrx_word' id='word_1_8' title='bbox 906 306 997 389; x_wconf 90' lang='lat' dir='ltr'>T</span> <span class='ocrx_word' id='word_1_9' title='bbox 1094 307 1184 389; x_wconf 88' lang='grc' dir='ltr'><strong>Ο</strong></span> <span class='ocrx_word' id='word_1_10' title='bbox 1272 306 1357 389; x_wconf 89' lang='lat' dir='ltr'>L</span> <span class='ocrx_word' id='word_1_11' title='bbox 1455 304 1539 389; x_wconf 83' lang='grc' dir='ltr'>Α</span> <span class='ocrx_word' id='word_1_12' title='bbox 1622 304 1710 388; x_wconf 87' lang='grc' dir='ltr'><strong>Ε</strong></span> 
     </span>
    </p>
   </div>
   <div class='ocr_carea' id='block_1_2' title="bbox 790 438 1161 545">
    <p class='ocr_par' dir='ltr' id='par_1_2' title="bbox 790 438 1161 545">
     <span class='ocr_line' id='line_1_3' title="bbox 790 438 1161 474; baseline 0 -1"><span class='ocrx_word' id='word_1_13' title='bbox 790 439 832 473; x_wconf 56' lang='grc' dir='ltr'>Α,</span> <span class='ocrx_word' id='word_1_14' title='bbox 861 438 907 474; x_wconf 89' lang='lat' dir='ltr'>U.</span> <span class='ocrx_word' id='word_1_15' title='bbox 934 438 975 473; x_wconf 84' lang='lat' dir='ltr'>G.</span> <span class='ocrx_word' id='word_1_16' title='bbox 1002 438 1161 474; x_wconf 76' lang='lat' dir='ltr'>Dcch</span> 
     </span>
     <span class='ocr_line' id='line_1_4' title="bbox 842 510 1087 545; baseline -0.004 0"><span class='ocrx_word' id='word_1_17' title='bbox 842 510 1087 545; x_wconf 85' lang='lat' dir='ltr'>SCRIPTAE</span> 
     </span>
    </p>
   </div>
   <div class='ocr_carea' id='block_1_3' title="bbox 358 580 1543 641">
    <p class='ocr_par' dir='ltr' id='par_1_3' title="bbox 358 580 1543 641">
     <span class='ocr_line' id='line_1_5' title="bbox 358 580 1543 641; baseline -0.005 -6"><span class='ocrx_word' id='word_1_18' title='bbox 358 585 414 634; x_wconf 82' lang='lat' dir='ltr'>C.</span> <span class='ocrx_word' id='word_1_19' title='bbox 452 584 643 635; x_wconf 83' lang='lat' dir='ltr'>vlsslo</span> <span class='ocrx_word' id='word_1_20' title='bbox 679 581 924 641; x_wconf 75' lang='lat' dir='ltr'><strong>PANSA,</strong></span> <span class='ocrx_word' id='word_1_21' title='bbox 973 584 1029 631; x_wconf 87' lang='lat' dir='ltr'>A.</span> <span class='ocrx_word' id='word_1_22' title='bbox 1063 581 1312 631; x_wconf 88' lang='lat' dir='ltr'>HIRTIO</span> <span class='ocrx_word' id='word_1_23' title='bbox 1346 580 1543 633; x_wconf 32' lang='lat' dir='ltr'><strong>COSS‘</strong></span> 
     </span>
    </p>
   </div>
   <div class='ocr_carea' id='block_1_4' title="bbox 356 773 1582 895">
    <p class='ocr_par' dir='ltr' id='par_1_4' title="bbox 356 773 1582 895">
     <span class='ocr_line' id='line_1_6' title="bbox 410 773 1518 826; baseline -0.006 -9"><span class='ocrx_word' id='word_1_24' title='bbox 410 774 728 818; x_wconf 79' lang='lat' dir='ltr'>EPISTOLA</span> <span class='ocrx_word' id='word_1_25' title='bbox 757 773 989 816; x_wconf 88' lang='lat' dir='ltr'>DCCXC.</span> <span class='ocrx_word' id='word_1_26' title='bbox 1039 774 1116 826; x_wconf 85' lang='lat' dir='ltr'>(ad</span> <span class='ocrx_word' id='word_1_27' title='bbox 1146 773 1253 815; x_wconf 88' lang='lat' dir='ltr'>Div.</span> <span class='ocrx_word' id='word_1_28' title='bbox 1285 773 1398 815; x_wconf 85' lang='lat' dir='ltr'>XII.</span> <span class='ocrx_word' id='word_1_29' title='bbox 1430 773 1518 822; x_wconf 69' lang='lat'>24.)</span> 
     </span>
     <span class='ocr_line' id='line_1_7' title="bbox 356 853 1582 895; baseline -0.002 -7"><span class='ocrx_word' id='word_1_30' title='bbox 356 854 436 888; x_wconf 77' lang='lat' dir='ltr'>scr.</span> <span class='ocrx_word' id='word_1_31' title='bbox 465 855 606 890; x_wconf 67' lang='lat' dir='ltr'>Romae</span> <span class='ocrx_word' id='word_1_32' title='bbox 633 855 788 889; x_wconf 71' lang='lat' dir='ltr'>ineunte</span> <span class='ocrx_word' id='word_1_33' title='bbox 815 854 989 888; x_wconf 71' lang='lat' dir='ltr'>Ianuario</span> <span class='ocrx_word' id='word_1_34' title='bbox 1015 856 1056 887; x_wconf 78' lang='grc' dir='ltr'>Α.</span> <span class='ocrx_word' id='word_1_35' title='bbox 1084 854 1129 888; x_wconf 92' lang='lat' dir='ltr'>U.</span> <span class='ocrx_word' id='word_1_36' title='bbox 1159 853 1200 888; x_wconf 81' lang='grc' dir='ltr'>ο.</span> <span class='ocrx_word' id='word_1_37' title='bbox 1229 856 1309 889; x_wconf 88' lang='lat'><strong>711.</strong></span> <span class='ocrx_word' id='word_1_38' title='bbox 1363 855 1411 895; x_wconf 80' lang='lat' dir='ltr'>(a.</span> <span class='ocrx_word' id='word_1_39' title='bbox 1438 853 1479 887; x_wconf 81' lang='lat' dir='ltr'>c.</span> <span class='ocrx_word' id='word_1_40' title='bbox 1507 853 1582 894; x_wconf 77' lang='lat'>43.)</span> 
     </span>
    </p>
   </div>
   <div class='ocr_carea' id='block_1_5' title="bbox 227 925 1708 1012">
    <p class='ocr_par' dir='ltr' id='par_1_5' title="bbox 227 925 1708 1012">
     <span class='ocr_line' id='line_1_8' title="bbox 227 925 1708 974; baseline -0.004 -11"><span class='ocrx_word' id='word_1_41' title='bbox 227 928 279 963; x_wconf 85' lang='lat' dir='ltr'>Ut</span> <span class='ocrx_word' id='word_1_42' title='bbox 305 927 410 961; x_wconf 89' lang='lat' dir='ltr'>omni</span> <span class='ocrx_word' id='word_1_43' title='bbox 435 939 524 961; x_wconf 86' lang='lat' dir='ltr'>cura</span> <span class='ocrx_word' id='word_1_44' title='bbox 559 928 601 961; x_wconf 88' lang='lat' dir='ltr'>in</span> <span class='ocrx_word' id='word_1_45' title='bbox 634 938 715 962; x_wconf 71' lang='lat' dir='ltr'>rem</span> <span class='ocrx_word' id='word_1_46' title='bbox 741 927 934 974; x_wconf 81' lang='lat' dir='ltr'>publicam</span> <span class='ocrx_word' id='word_1_47' title='bbox 961 926 1153 960; x_wconf 82' lang='lat' dir='ltr'>incumbat</span> <span class='ocrx_word' id='word_1_48' title='bbox 1188 926 1372 960; x_wconf 77' lang='lat' dir='ltr'><strong>hortatur.</strong></span> <span class='ocrx_word' id='word_1_49' title='bbox 1410 928 1441 960; x_wconf 91' lang='lat'>1.</span> <span class='ocrx_word' id='word_1_50' title='bbox 1492 925 1547 960; x_wconf 87' lang='lat' dir='ltr'>De</span> <span class='ocrx_word' id='word_1_51' title='bbox 1573 925 1708 972; x_wconf 77' lang='lat' dir='ltr'>legatis</span> 
     </span>
     <span class='ocr_line' id='line_1_9' title="bbox 343 973 1592 1012; baseline -0.002 -3"><span class='ocrx_word' id='word_1_52' title='bbox 343 975 475 1010; x_wconf 83' lang='lat' dir='ltr'><strong>scribit</strong></span> <span class='ocrx_word' id='word_1_53' title='bbox 501 975 548 1009; x_wconf 84' lang='lat' dir='ltr'>ad</span> <span class='ocrx_word' id='word_1_54' title='bbox 574 976 778 1011; x_wconf 82' lang='lat' dir='ltr'>Antonium</span> <span class='ocrx_word' id='word_1_55' title='bbox 803 976 940 1009; x_wconf 80' lang='lat' dir='ltr'>missis.</span> <span class='ocrx_word' id='word_1_56' title='bbox 963 977 998 1012; x_wconf 87' lang='lat'>2.</span> <span class='ocrx_word' id='word_1_57' title='bbox 1051 974 1245 1008; x_wconf 85' lang='lat' dir='ltr'>Pinarium</span> <span class='ocrx_word' id='word_1_58' title='bbox 1271 973 1522 1009; x_wconf 84' lang='lat' dir='ltr'>commendat.</span> <span class='ocrx_word' id='word_1_59' title='bbox 1559 975 1592 1008; x_wconf 88' lang='lat'>3.</span> 
     </span>
    </p>
   </div>
   <div class='ocr_carea' id='block_1_6' title="bbox 682 1059 1250 1096">
    <p class='ocr_par' dir='ltr' id='par_1_6' title="bbox 682 1059 1250 1096">
     <span class='ocr_line' id='line_1_10' title="bbox 682 1059 1250 1096; baseline -0.005 0"><span class='ocrx_word' id='word_1_60' title='bbox 682 1062 862 1096; x_wconf 80' lang='lat' dir='ltr'>CICERO</span> <span class='ocrx_word' id='word_1_61' title='bbox 896 1059 1181 1095; x_wconf 85' lang='lat' dir='ltr'>CORNIFICIO</span> <span class='ocrx_word' id='word_1_62' title='bbox 1213 1059 1250 1094; x_wconf 77' lang='lat' dir='ltr'>S.</span> 
     </span>
    </p>
   </div>
   <div class='ocr_carea' id='block_1_7' title="bbox 226 1125 1783 1257">
    <p class='ocr_par' dir='ltr' id='par_1_7' title="bbox 226 1125 1783 1257">
     <span class='ocr_line' id='line_1_11' title="bbox 227 1125 1783 1203; baseline -0.002 -12"><span class='ocrx_word' id='word_1_63' title='bbox 227 1125 358 1203; x_wconf 86' lang='lat' dir='ltr'>Ego</span> <span class='ocrx_word' id='word_1_64' title='bbox 388 1148 560 1189; x_wconf 86' lang='lat' dir='ltr'>nullum</span> <span class='ocrx_word' id='word_1_65' title='bbox 591 1148 738 1189; x_wconf 86' lang='lat' dir='ltr'>locum</span> <span class='ocrx_word' id='word_1_66' title='bbox 768 1146 1079 1203; x_wconf 82' lang='lat' dir='ltr'>praetermitto</span> <span class='ocrx_word' id='word_1_67' title='bbox 1109 1170 1162 1176; x_wconf 89' lang='lat'><strong>—</strong></span> <span class='ocrx_word' id='word_1_68' title='bbox 1201 1160 1282 1187; x_wconf 90' lang='lat' dir='ltr'>nec</span> <span class='ocrx_word' id='word_1_69' title='bbox 1322 1146 1439 1188; x_wconf 88' lang='lat' dir='ltr'>enim</span> <span class='ocrx_word' id='word_1_70' title='bbox 1478 1146 1618 1188; x_wconf 81' lang='lat' dir='ltr'><strong>debeo</strong></span> <span class='ocrx_word' id='word_1_71' title='bbox 1658 1172 1711 1176; x_wconf 83' lang='lat'>—-</span> <span class='ocrx_word' id='word_1_72' title='bbox 1780 1193 1783 1199; x_wconf 52' lang='grc'><strong><em>,</em></strong></span> 
     </span>
     <span class='ocr_line' id='line_1_12' title="bbox 226 1200 1783 1257; baseline -0.002 -11"><span class='ocrx_word' id='word_1_73' title='bbox 226 1219 313 1246; x_wconf 93' lang='lat' dir='ltr'>non</span> <span class='ocrx_word' id='word_1_74' title='bbox 352 1204 485 1245; x_wconf 91' lang='lat' dir='ltr'>modo</span> <span class='ocrx_word' id='word_1_75' title='bbox 524 1204 738 1245; x_wconf 80' lang='lat' dir='ltr'>laudandi</span> <span class='ocrx_word' id='word_1_76' title='bbox 780 1203 872 1256; x_wconf 83' lang='lat' dir='ltr'>tui,</span> <span class='ocrx_word' id='word_1_77' title='bbox 913 1203 992 1244; x_wconf 88' lang='lat' dir='ltr'>sed</span> <span class='ocrx_word' id='word_1_78' title='bbox 1031 1216 1087 1247; x_wconf 83' lang='lat' dir='ltr'>ne</span> <span class='ocrx_word' id='word_1_79' title='bbox 1127 1203 1315 1244; x_wconf 86' lang='lat' dir='ltr'>ornandi</span> <span class='ocrx_word' id='word_1_80' title='bbox 1355 1202 1550 1257; x_wconf 89' lang='lat' dir='ltr'>quidem.</span> <span class='ocrx_word' id='word_1_81' title='bbox 1620 1203 1710 1245; x_wconf 85' lang='lat' dir='ltr'>Sed</span> <span class='ocrx_word' id='word_1_82' title='bbox 1780 1200 1783 1213; x_wconf 74' lang='lat'>&#39;</span> 
     </span>
    </p>
   </div>
   <div class='ocr_carea' id='block_1_8' title="bbox 227 1254 1785 1314">
    <p class='ocr_par' dir='ltr' id='par_1_8' title="bbox 227 1254 1785 1314">
     <span class='ocr_line' id='line_1_13' title="bbox 227 1254 1785 1314; baseline -0.001 -13"><span class='ocrx_word' id='word_1_83' title='bbox 227 1274 323 1302; x_wconf 83' lang='lat' dir='ltr'>mea</span> <span class='ocrx_word' id='word_1_84' title='bbox 352 1259 502 1301; x_wconf 81' lang='lat' dir='ltr'>studia</span> <span class='ocrx_word' id='word_1_85' title='bbox 531 1273 638 1314; x_wconf 82' lang='lat' dir='ltr'>erga</span> <span class='ocrx_word' id='word_1_86' title='bbox 667 1265 712 1301; x_wconf 85' lang='lat' dir='ltr'>te</span> <span class='ocrx_word' id='word_1_87' title='bbox 742 1263 786 1300; x_wconf 81' lang='lat' dir='ltr'>et</span> <span class='ocrx_word' id='word_1_88' title='bbox 814 1258 968 1301; x_wconf 84' lang='lat' dir='ltr'>officia</span> <span class='ocrx_word' id='word_1_89' title='bbox 998 1259 1118 1299; x_wconf 83' lang='lat' dir='ltr'>malo</span> <span class='ocrx_word' id='word_1_90' title='bbox 1147 1259 1233 1300; x_wconf 84' lang='lat' dir='ltr'>tibi</span> <span class='ocrx_word' id='word_1_91' title='bbox 1264 1272 1323 1300; x_wconf 87' lang='lat' dir='ltr'>ex</span> <span class='ocrx_word' id='word_1_92' title='bbox 1353 1264 1531 1299; x_wconf 84' lang='lat' dir='ltr'>tuorum</span> <span class='ocrx_word' id='word_1_93' title='bbox 1561 1259 1709 1300; x_wconf 84' lang='lat' dir='ltr'>literis</span> <span class='ocrx_word' id='word_1_94' title='bbox 1780 1254 1785 1287; x_wconf 48' lang='grc' dir='ltr'><strong>ἶ</strong></span> 
     </span>
    </p>
   </div>
   <div class='ocr_carea' id='block_1_9' title="bbox 229 1314 1711 1649">
    <p class='ocr_par' dir='ltr' id='par_1_9' title="bbox 229 1314 1711 1649">
     <span class='ocr_line' id='line_1_14' title="bbox 229 1314 1709 1372; baseline -0.001 -15"><span class='ocrx_word' id='word_1_95' title='bbox 229 1329 360 1372; x_wconf 84' lang='lat' dir='ltr'>quam</span> <span class='ocrx_word' id='word_1_96' title='bbox 390 1329 449 1357; x_wconf 86' lang='lat' dir='ltr'>ex</span> <span class='ocrx_word' id='word_1_97' title='bbox 478 1316 589 1356; x_wconf 88' lang='lat' dir='ltr'>meis</span> <span class='ocrx_word' id='word_1_98' title='bbox 619 1329 715 1356; x_wconf 86' lang='lat' dir='ltr'>esse</span> <span class='ocrx_word' id='word_1_99' title='bbox 737 1319 855 1356; x_wconf 81' lang='lat' dir='ltr'>nota.</span> <span class='ocrx_word' id='word_1_100' title='bbox 915 1315 985 1355; x_wconf 89' lang='lat' dir='ltr'>Te</span> <span class='ocrx_word' id='word_1_101' title='bbox 1013 1319 1161 1355; x_wconf 80' lang='lat' dir='ltr'>tamen</span> <span class='ocrx_word' id='word_1_102' title='bbox 1191 1314 1365 1360; x_wconf 84' lang='lat' dir='ltr'>hortor,</span> <span class='ocrx_word' id='word_1_103' title='bbox 1395 1318 1443 1354; x_wconf 89' lang='lat' dir='ltr'>ut</span> <span class='ocrx_word' id='word_1_104' title='bbox 1462 1314 1579 1356; x_wconf 90' lang='lat' dir='ltr'>omni</span> <span class='ocrx_word' id='word_1_105' title='bbox 1600 1329 1709 1356; x_wconf 85' lang='lat' dir='ltr'>cura</span> 
     </span>
     <span class='ocr_line' id='line_1_15' title="bbox 230 1369 1708 1425; baseline -0.001 -12"><span class='ocrx_word' id='word_1_106' title='bbox 230 1375 278 1413; x_wconf 84' lang='lat' dir='ltr'>in</span> <span class='ocrx_word' id='word_1_107' title='bbox 309 1385 401 1412; x_wconf 86' lang='lat' dir='ltr'>rem</span> <span class='ocrx_word' id='word_1_108' title='bbox 430 1371 653 1425; x_wconf 83' lang='lat' dir='ltr'>publicam</span> <span class='ocrx_word' id='word_1_109' title='bbox 683 1370 925 1412; x_wconf 82' lang='lat' dir='ltr'><strong>incumbas.</strong></span> <span class='ocrx_word' id='word_1_110' title='bbox 994 1369 1096 1412; x_wconf 87' lang='lat' dir='ltr'>Hoc</span> <span class='ocrx_word' id='word_1_111' title='bbox 1135 1374 1202 1412; x_wconf 84' lang='lat' dir='ltr'>est</span> <span class='ocrx_word' id='word_1_112' title='bbox 1230 1369 1382 1423; x_wconf 83' lang='lat' dir='ltr'>animi,</span> <span class='ocrx_word' id='word_1_113' title='bbox 1427 1369 1514 1411; x_wconf 89' lang='lat' dir='ltr'>hoc</span> <span class='ocrx_word' id='word_1_114' title='bbox 1545 1375 1613 1412; x_wconf 86' lang='lat' dir='ltr'>est</span> <span class='ocrx_word' id='word_1_115' title='bbox 1642 1373 1708 1412; x_wconf 90' lang='lat' dir='ltr'>in-</span> 
     </span>
     <span class='ocr_line' id='line_1_16' title="bbox 232 1426 1707 1484; baseline -0.001 -15"><span class='ocrx_word' id='word_1_116' title='bbox 232 1427 355 1484; x_wconf 88' lang='lat' dir='ltr'>genii</span> <span class='ocrx_word' id='word_1_117' title='bbox 385 1427 467 1472; x_wconf 80' lang='lat' dir='ltr'>tui,</span> <span class='ocrx_word' id='word_1_118' title='bbox 496 1426 585 1468; x_wconf 92' lang='lat' dir='ltr'>hoc</span> <span class='ocrx_word' id='word_1_119' title='bbox 615 1428 711 1468; x_wconf 83' lang='lat' dir='ltr'>eius</span> <span class='ocrx_word' id='word_1_120' title='bbox 741 1427 852 1482; x_wconf 85' lang='lat' dir='ltr'>spei,</span> <span class='ocrx_word' id='word_1_121' title='bbox 923 1438 1024 1467; x_wconf 84' lang='lat' dir='ltr'>uam</span> <span class='ocrx_word' id='word_1_122' title='bbox 1054 1426 1219 1468; x_wconf 89' lang='lat' dir='ltr'>habere</span> <span class='ocrx_word' id='word_1_123' title='bbox 1250 1427 1401 1479; x_wconf 74' lang='lat' dir='ltr'>debes,</span> <span class='ocrx_word' id='word_1_124' title='bbox 1430 1426 1707 1481; x_wconf 84' lang='lat' dir='ltr'>amplifican-</span> 
     </span>
     <span class='ocr_line' id='line_1_17' title="bbox 232 1482 1707 1538; baseline -0.001 -13"><span class='ocrx_word' id='word_1_125' title='bbox 232 1485 315 1525; x_wconf 90' lang='lat' dir='ltr'>dae</span> <span class='ocrx_word' id='word_1_126' title='bbox 344 1482 580 1538; x_wconf 75' lang='lat' dir='ltr'>dignitatis</span> <span class='ocrx_word' id='word_1_127' title='bbox 610 1487 725 1524; x_wconf 84' lang='lat' dir='ltr'>tuae.</span> <span class='ocrx_word' id='word_1_128' title='bbox 785 1482 876 1524; x_wconf 81' lang='lat' dir='ltr'>Sed</span> <span class='ocrx_word' id='word_1_129' title='bbox 941 1494 993 1522; x_wconf 86' lang='lat' dir='ltr'>ac</span> <span class='ocrx_word' id='word_1_130' title='bbox 1022 1482 1078 1523; x_wconf 88' lang='lat' dir='ltr'>de</span> <span class='ocrx_word' id='word_1_131' title='bbox 1110 1495 1157 1522; x_wconf 90' lang='lat' dir='ltr'>re</span> <span class='ocrx_word' id='word_1_132' title='bbox 1187 1483 1299 1523; x_wconf 83' lang='lat' dir='ltr'>alias</span> <span class='ocrx_word' id='word_1_133' title='bbox 1330 1482 1386 1522; x_wconf 89' lang='lat' dir='ltr'>ad</span> <span class='ocrx_word' id='word_1_134' title='bbox 1416 1485 1460 1522; x_wconf 86' lang='lat' dir='ltr'>te</span> <span class='ocrx_word' id='word_1_135' title='bbox 1490 1484 1707 1536; x_wconf 84' lang='lat' dir='ltr'>pluribus.</span> 
     </span>
     <span class='ocr_line' id='line_1_18' title="bbox 232 1537 1710 1593; baseline 0.001 -13"><span class='ocrx_word' id='word_1_136' title='bbox 232 1540 380 1590; x_wconf 85' lang='lat' dir='ltr'>Quum</span> <span class='ocrx_word' id='word_1_137' title='bbox 435 1538 554 1579; x_wconf 85' lang='lat' dir='ltr'>enim</span> <span class='ocrx_word' id='word_1_138' title='bbox 601 1537 715 1580; x_wconf 87' lang='lat' dir='ltr'>haec</span> <span class='ocrx_word' id='word_1_139' title='bbox 763 1539 1040 1586; x_wconf 84' lang='lat' dir='ltr'>scribebam,</span> <span class='ocrx_word' id='word_1_140' title='bbox 1101 1539 1148 1578; x_wconf 90' lang='lat' dir='ltr'>in</span> <span class='ocrx_word' id='word_1_141' title='bbox 1195 1537 1535 1593; x_wconf 83' lang='lat' dir='ltr'>exspectatione</span> <span class='ocrx_word' id='word_1_142' title='bbox 1585 1544 1710 1581; x_wconf 84' lang='lat' dir='ltr'>erant</span> 
     </span>
     <span class='ocr_line' id='line_1_19' title="bbox 231 1592 1711 1649; baseline -0.001 -12"><span class='ocrx_word' id='word_1_143' title='bbox 231 1595 392 1637; x_wconf 89' lang='lat' dir='ltr'>omnia.</span> <span class='ocrx_word' id='word_1_144' title='bbox 451 1593 663 1635; x_wconf 90' lang='lat' dir='ltr'>Nondum</span> <span class='ocrx_word' id='word_1_145' title='bbox 702 1594 842 1649; x_wconf 83' lang='lat' dir='ltr'>legati</span> <span class='ocrx_word' id='word_1_146' title='bbox 883 1592 1136 1647; x_wconf 82' lang='lat' dir='ltr'>redierant,</span> <span class='ocrx_word' id='word_1_147' title='bbox 1173 1607 1285 1649; x_wconf 86' lang='lat' dir='ltr'>quos</span> <span class='ocrx_word' id='word_1_148' title='bbox 1323 1598 1500 1635; x_wconf 76' lang='lat' dir='ltr'>senatus</span> <span class='ocrx_word' id='word_1_149' title='bbox 1537 1607 1625 1636; x_wconf 91' lang='lat' dir='ltr'>non</span> <span class='ocrx_word' id='word_1_150' title='bbox 1655 1596 1711 1635; x_wconf 83' lang='lat' dir='ltr'>ad</span> 
     </span>
    </p>
   </div>
   <div class='ocr_carea' id='block_1_10' title="bbox 235 1743 1758 2803">
    <p class='ocr_par' dir='ltr' id='par_1_10' title="bbox 331 1743 1277 1790">
     <span class='ocr_line' id='line_1_20' title="bbox 331 1743 1277 1790; baseline -0.004 -10"><span class='ocrx_word' id='word_1_151' title='bbox 331 1744 638 1780; x_wconf 40' lang='lat' dir='ltr'>CORNIFICIO*</span> <span class='ocrx_word' id='word_1_152' title='bbox 688 1743 727 1781; x_wconf 81' lang='lat' dir='ltr'>S,</span> <span class='ocrx_word' id='word_1_153' title='bbox 753 1756 800 1778; x_wconf 90' lang='lat' dir='ltr'>zu</span> <span class='ocrx_word' id='word_1_154' title='bbox 827 1755 882 1790; x_wconf 82' lang='lat' dir='ltr'>ep.</span> <span class='ocrx_word' id='word_1_155' title='bbox 911 1746 979 1781; x_wconf 75' lang='lat'>641</span> <span class='ocrx_word' id='word_1_156' title='bbox 1007 1744 1058 1779; x_wconf 87' lang='lat' dir='ltr'>im</span> <span class='ocrx_word' id='word_1_157' title='bbox 1084 1744 1171 1778; x_wconf 91' lang='lat' dir='ltr'>Anf.</span> <span class='ocrx_word' id='word_1_158' title='bbox 1199 1745 1277 1780; x_wconf 81' lang='lat'>786.</span> 
     </span>
    </p>

    <p class='ocr_par' dir='ltr' id='par_1_11' title="bbox 235 1792 1758 2177">
     <span class='ocr_line' id='line_1_21' title="bbox 329 1792 1708 1839; baseline 0.001 -11"><span class='ocrx_word' id='word_1_159' title='bbox 329 1797 361 1828; x_wconf 88' lang='lat' dir='ltr'>l.</span> <span class='ocrx_word' id='word_1_160' title='bbox 390 1795 508 1827; x_wconf 79' lang='lat' dir='ltr'>locum</span> <span class='ocrx_word' id='word_1_161' title='bbox 534 1794 557 1825; x_wconf 88' lang='lat' dir='ltr'>i.</span> <span class='ocrx_word' id='word_1_162' title='bbox 587 1805 618 1827; x_wconf 81' lang='lat' dir='ltr'>e.</span> <span class='ocrx_word' id='word_1_163' title='bbox 645 1793 893 1827; x_wconf 84' lang='lat' dir='ltr'>occasionem.</span> <span class='ocrx_word' id='word_1_164' title='bbox 937 1814 978 1819; x_wconf 84' lang='lat'>—</span> <span class='ocrx_word' id='word_1_165' title='bbox 1013 1793 1170 1827; x_wconf 78' lang='lat' dir='ltr'>ornandi</span> <span class='ocrx_word' id='word_1_166' title='bbox 1204 1792 1256 1835; x_wconf 84' lang='lat' dir='ltr'>„i.</span> <span class='ocrx_word' id='word_1_167' title='bbox 1286 1804 1316 1827; x_wconf 87' lang='lat' dir='ltr'>e.</span> <span class='ocrx_word' id='word_1_168' title='bbox 1353 1805 1424 1839; x_wconf 85' lang='lat' dir='ltr'>per</span> <span class='ocrx_word' id='word_1_169' title='bbox 1448 1800 1594 1828; x_wconf 78' lang='lat' dir='ltr'>senatus</span> <span class='ocrx_word' id='word_1_170' title='bbox 1621 1806 1708 1829; x_wconf 85' lang='lat' dir='ltr'>con—</span> 
     </span>
     <span class='ocr_line' id='line_1_22' title="bbox 235 1841 1710 1888; baseline 0.001 -12"><span class='ocrx_word' id='word_1_171' title='bbox 235 1842 380 1877; x_wconf 74' lang='lat' dir='ltr'>sultum</span> <span class='ocrx_word' id='word_1_172' title='bbox 405 1841 553 1885; x_wconf 87' lang='lat' dir='ltr'>aliquid</span> <span class='ocrx_word' id='word_1_173' title='bbox 578 1841 808 1875; x_wconf 81' lang='lat' dir='ltr'>decernendi</span> <span class='ocrx_word' id='word_1_174' title='bbox 842 1841 881 1873; x_wconf 91' lang='lat' dir='ltr'>in</span> <span class='ocrx_word' id='word_1_175' title='bbox 908 1847 1015 1876; x_wconf 84' lang='lat' dir='ltr'>tuum</span> <span class='ocrx_word' id='word_1_176' title='bbox 1042 1841 1267 1875; x_wconf 82' lang='lat' dir='ltr'>honorem.“</span> <span class='ocrx_word' id='word_1_177' title='bbox 1317 1842 1436 1885; x_wconf 80' lang='lat' dir='ltr'>Quum</span> <span class='ocrx_word' id='word_1_178' title='bbox 1462 1853 1599 1876; x_wconf 72' lang='lat' dir='ltr'>ornare</span> <span class='ocrx_word' id='word_1_179' title='bbox 1624 1844 1710 1888; x_wconf 55' lang='lat' dir='ltr'>plus¹</span> 
     </span>
     <span class='ocr_line' id='line_1_23' title="bbox 236 1888 1710 1934; baseline 0.001 -10"><span class='ocrx_word' id='word_1_180' title='bbox 236 1888 285 1925; x_wconf 67' lang='lat' dir='ltr'>sii</span> <span class='ocrx_word' id='word_1_181' title='bbox 311 1901 421 1934; x_wconf 87' lang='lat' dir='ltr'>quam</span> <span class='ocrx_word' id='word_1_182' title='bbox 449 1890 614 1931; x_wconf 76' lang='lat' dir='ltr'>laudare,</span> <span class='ocrx_word' id='word_1_183' title='bbox 641 1889 727 1923; x_wconf 88' lang='lat' dir='ltr'>Sch.</span> <span class='ocrx_word' id='word_1_184' title='bbox 757 1890 796 1922; x_wconf 87' lang='lat' dir='ltr'>in</span> <span class='ocrx_word' id='word_1_185' title='bbox 823 1889 891 1925; x_wconf 82' lang='lat' dir='ltr'>Ed.</span> <span class='ocrx_word' id='word_1_186' title='bbox 920 1890 1003 1925; x_wconf 72' lang='lat' dir='ltr'>Mai.</span> <span class='ocrx_word' id='word_1_187' title='bbox 1028 1889 1073 1923; x_wconf 85' lang='lat' dir='ltr'>de</span> <span class='ocrx_word' id='word_1_188' title='bbox 1102 1889 1130 1923; x_wconf 91' lang='lat' dir='ltr'>I.</span> <span class='ocrx_word' id='word_1_189' title='bbox 1156 1890 1196 1923; x_wconf 81' lang='lat' dir='ltr'>F.</span> <span class='ocrx_word' id='word_1_190' title='bbox 1224 1888 1389 1923; x_wconf 86' lang='lat' dir='ltr'>Gronov.</span> <span class='ocrx_word' id='word_1_191' title='bbox 1426 1891 1610 1925; x_wconf 85' lang='lat' dir='ltr'>sententia</span> <span class='ocrx_word' id='word_1_192' title='bbox 1642 1893 1710 1926; x_wconf 81' lang='lat' dir='ltr'>ista</span> 
     </span>
     <span class='ocr_line' id='line_1_24' title="bbox 237 1937 1758 1983; baseline 0.001 -11"><span class='ocrx_word' id='word_1_193' title='bbox 237 1939 351 1972; x_wconf 80' lang='lat' dir='ltr'>verba</span> <span class='ocrx_word' id='word_1_194' title='bbox 376 1939 432 1972; x_wconf 88' lang='lat' dir='ltr'>sic</span> <span class='ocrx_word' id='word_1_195' title='bbox 457 1937 738 1983; x_wconf 82' lang='lat' dir='ltr'>transponenda</span> <span class='ocrx_word' id='word_1_196' title='bbox 766 1938 933 1971; x_wconf 78' lang='lat' dir='ltr'>censuit:</span> <span class='ocrx_word' id='word_1_197' title='bbox 973 1948 1042 1970; x_wconf 82' lang='lat' dir='ltr'>non</span> <span class='ocrx_word' id='word_1_198' title='bbox 1066 1938 1170 1971; x_wconf 85' lang='lat' dir='ltr'>modo</span> <span class='ocrx_word' id='word_1_199' title='bbox 1198 1938 1350 1972; x_wconf 80' lang='lat' dir='ltr'>ornandi</span> <span class='ocrx_word' id='word_1_200' title='bbox 1377 1939 1444 1981; x_wconf 81' lang='lat' dir='ltr'>tui,</span> <span class='ocrx_word' id='word_1_201' title='bbox 1476 1940 1539 1972; x_wconf 76' lang='lat' dir='ltr'>sed</span> <span class='ocrx_word' id='word_1_202' title='bbox 1561 1949 1604 1972; x_wconf 82' lang='lat' dir='ltr'>ne</span> <span class='ocrx_word' id='word_1_203' title='bbox 1629 1940 1710 1973; x_wconf 77' lang='lat' dir='ltr'>lau-</span> <span class='ocrx_word' id='word_1_204' title='bbox 1755 1946 1758 1947; x_wconf 72' lang='grc'>’</span> 
     </span>
     <span class='ocr_line' id='line_1_25' title="bbox 235 1985 1711 2030; baseline 0.001 -10"><span class='ocrx_word' id='word_1_205' title='bbox 235 1987 345 2020; x_wconf 76' lang='lat' dir='ltr'>dandi</span> <span class='ocrx_word' id='word_1_206' title='bbox 369 1987 519 2030; x_wconf 82' lang='lat' dir='ltr'>quidem.</span> <span class='ocrx_word' id='word_1_207' title='bbox 570 1985 642 2020; x_wconf 77' lang='lat' dir='ltr'>Sed</span> <span class='ocrx_word' id='word_1_208' title='bbox 669 1985 821 2019; x_wconf 84' lang='lat' dir='ltr'>laudare</span> <span class='ocrx_word' id='word_1_209' title='bbox 848 1985 969 2019; x_wconf 86' lang='lat' dir='ltr'>multo</span> <span class='ocrx_word' id='word_1_210' title='bbox 994 1985 1243 2030; x_wconf 79' lang='lat' dir='ltr'>periculosius</span> <span class='ocrx_word' id='word_1_211' title='bbox 1270 1991 1361 2019; x_wconf 84' lang='lat' dir='ltr'>erat.</span> <span class='ocrx_word' id='word_1_212' title='bbox 1391 2005 1432 2011; x_wconf 81' lang='lat'>—</span> <span class='ocrx_word' id='word_1_213' title='bbox 1484 1992 1524 2020; x_wconf 79' lang='lat' dir='ltr'>ut</span> <span class='ocrx_word' id='word_1_214' title='bbox 1548 2012 1557 2020; x_wconf 89' lang='lat'><em>.</em></span> <span class='ocrx_word' id='word_1_215' title='bbox 1583 2011 1591 2019; x_wconf 94' lang='lat'><strong>.</strong></span> <span class='ocrx_word' id='word_1_216' title='bbox 1620 2013 1628 2020; x_wconf 91' lang='lat'>.</span> <span class='ocrx_word' id='word_1_217' title='bbox 1654 1988 1711 2021; x_wconf 71' lang='lat' dir='ltr'>in-</span> 
     </span>
     <span class='ocr_line' id='line_1_26' title="bbox 235 2033 1710 2079; baseline 0.001 -11"><span class='ocrx_word' id='word_1_218' title='bbox 235 2035 396 2078; x_wconf 66' lang='lat' dir='ltr'>cumbam,</span> <span class='ocrx_word' id='word_1_219' title='bbox 422 2034 520 2068; x_wconf 83' lang='lat' dir='ltr'>Dein</span> <span class='ocrx_word' id='word_1_220' title='bbox 546 2033 712 2067; x_wconf 79' lang='lat' dir='ltr'>Tichten</span> <span class='ocrx_word' id='word_1_221' title='bbox 739 2033 815 2067; x_wconf 79' lang='lat' dir='ltr'>und</span> <span class='ocrx_word' id='word_1_222' title='bbox 841 2033 1032 2067; x_wconf 85' lang='lat' dir='ltr'>Trachten</span> <span class='ocrx_word' id='word_1_223' title='bbox 1067 2034 1134 2067; x_wconf 79' lang='lat' dir='ltr'>auf</span> <span class='ocrx_word' id='word_1_224' title='bbox 1161 2034 1222 2067; x_wconf 85' lang='lat' dir='ltr'>die</span> <span class='ocrx_word' id='word_1_225' title='bbox 1247 2033 1441 2079; x_wconf 84' lang='lat' dir='ltr'>Republik</span> <span class='ocrx_word' id='word_1_226' title='bbox 1473 2047 1520 2069; x_wconf 86' lang='lat' dir='ltr'>zu</span> <span class='ocrx_word' id='word_1_227' title='bbox 1547 2035 1710 2069; x_wconf 81' lang='lat' dir='ltr'>richten.</span> 
     </span>
     <span class='ocr_line' id='line_1_27' title="bbox 240 2081 1711 2130; baseline 0.001 -15"><span class='ocrx_word' id='word_1_228' title='bbox 240 2103 280 2108; x_wconf 86' lang='lat'><em>-</em></span> <span class='ocrx_word' id='word_1_229' title='bbox 308 2081 376 2115; x_wconf 79' lang='lat' dir='ltr'>lwc</span> <span class='ocrx_word' id='word_1_230' title='bbox 399 2082 474 2115; x_wconf 70' lang='lat' dir='ltr'>eius</span> <span class='ocrx_word' id='word_1_231' title='bbox 499 2082 577 2125; x_wconf 69' lang='lat' dir='ltr'>spei</span> <span class='ocrx_word' id='word_1_232' title='bbox 603 2088 658 2115; x_wconf 79' lang='lat' dir='ltr'>est</span> <span class='ocrx_word' id='word_1_233' title='bbox 686 2094 732 2111; x_wconf 61' lang='grc' dir='ltr'>Ξ</span> <span class='ocrx_word' id='word_1_234' title='bbox 759 2082 832 2115; x_wconf 89' lang='lat' dir='ltr'>hoc</span> <span class='ocrx_word' id='word_1_235' title='bbox 859 2082 1025 2127; x_wconf 76' lang='lat' dir='ltr'>postulat</span> <span class='ocrx_word' id='word_1_236' title='bbox 1051 2088 1113 2115; x_wconf 86' lang='lat' dir='ltr'>tua</span> <span class='ocrx_word' id='word_1_237' title='bbox 1140 2093 1221 2127; x_wconf 86' lang='lat' dir='ltr'>spes</span> <span class='ocrx_word' id='word_1_238' title='bbox 1246 2081 1441 2130; x_wconf 78' lang='lat' dir='ltr'>dignitatis</span> <span class='ocrx_word' id='word_1_239' title='bbox 1473 2082 1711 2127; x_wconf 82' lang='lat' dir='ltr'>amplifican-</span> 
     </span>
     <span class='ocr_line' id='line_1_28' title="bbox 238 2129 1537 2177; baseline 0 -13"><span class='ocrx_word' id='word_1_240' title='bbox 238 2131 318 2170; x_wconf 85' lang='lat' dir='ltr'>dae,</span> <span class='ocrx_word' id='word_1_241' title='bbox 347 2130 406 2165; x_wconf 80' lang='lat' dir='ltr'>die</span> <span class='ocrx_word' id='word_1_242' title='bbox 432 2129 668 2177; x_wconf 81' lang='lat' dir='ltr'>gegriindete</span> <span class='ocrx_word' id='word_1_243' title='bbox 694 2130 888 2175; x_wconf 77' lang='lat' dir='ltr'>Hoffnung</span> <span class='ocrx_word' id='word_1_244' title='bbox 915 2129 1041 2163; x_wconf 73' lang='lat' dir='ltr'>hohor</span> <span class='ocrx_word' id='word_1_245' title='bbox 1065 2129 1273 2177; x_wconf 83' lang='lat' dir='ltr'>aufsteigen</span> <span class='ocrx_word' id='word_1_246' title='bbox 1300 2142 1347 2163; x_wconf 88' lang='lat' dir='ltr'>zu</span> <span class='ocrx_word' id='word_1_247' title='bbox 1371 2130 1537 2165; x_wconf 70' lang='lat' dir='ltr'>konnen.</span> 
     </span>
    </p>

    <p class='ocr_par' dir='ltr' id='par_1_12' title="bbox 236 2177 1714 2803">
     <span class='ocr_line' id='line_1_29' title="bbox 332 2177 1712 2227; baseline 0 -15"><span class='ocrx_word' id='word_1_248' title='bbox 332 2178 366 2213; x_wconf 88' lang='grc'>2.</span> <span class='ocrx_word' id='word_1_249' title='bbox 414 2178 567 2211; x_wconf 77' lang='lat' dir='ltr'>nondum</span> <span class='ocrx_word' id='word_1_250' title='bbox 610 2178 728 2220; x_wconf 75' lang='lat' dir='ltr'>legati</span> <span class='ocrx_word' id='word_1_251' title='bbox 770 2179 968 2211; x_wconf 79' lang='lat' dir='ltr'>redierant.</span> <span class='ocrx_word' id='word_1_252' title='bbox 1019 2177 1207 2224; x_wconf 82' lang='lat' dir='ltr'>Obgleich</span> <span class='ocrx_word' id='word_1_253' title='bbox 1243 2177 1377 2211; x_wconf 84' lang='lat' dir='ltr'>Cicero</span> <span class='ocrx_word' id='word_1_254' title='bbox 1419 2177 1500 2212; x_wconf 89' lang='lat' dir='ltr'>sich</span> <span class='ocrx_word' id='word_1_255' title='bbox 1545 2179 1712 2227; x_wconf 78' lang='lat' dir='ltr'>dagegen</span> 
     </span>
     <span class='ocr_line' id='line_1_30' title="bbox 238 2224 1714 2273; baseline 0 -13"><span class='ocrx_word' id='word_1_256' title='bbox 238 2226 418 2267; x_wconf 62' lang='lat' dir='ltr'>straubte,</span> <span class='ocrx_word' id='word_1_257' title='bbox 442 2225 570 2259; x_wconf 83' lang='lat' dir='ltr'>indem</span> <span class='ocrx_word' id='word_1_258' title='bbox 598 2236 640 2258; x_wconf 85' lang='lat' dir='ltr'>er</span> <span class='ocrx_word' id='word_1_259' title='bbox 665 2224 781 2258; x_wconf 86' lang='lat' dir='ltr'>dahin</span> <span class='ocrx_word' id='word_1_260' title='bbox 805 2225 985 2263; x_wconf 80' lang='lat' dir='ltr'>stimmte,</span> <span class='ocrx_word' id='word_1_261' title='bbox 1012 2225 1086 2258; x_wconf 86' lang='lat' dir='ltr'>den</span> <span class='ocrx_word' id='word_1_262' title='bbox 1111 2225 1296 2259; x_wconf 84' lang='lat' dir='ltr'>Antonius</span> <span class='ocrx_word' id='word_1_263' title='bbox 1322 2225 1488 2273; x_wconf 80' lang='lat' dir='ltr'>gradezu</span> <span class='ocrx_word' id='word_1_264' title='bbox 1512 2227 1577 2260; x_wconf 82' lang='lat' dir='ltr'>fiir</span> <span class='ocrx_word' id='word_1_265' title='bbox 1602 2227 1714 2261; x_wconf 85' lang='lat' dir='ltr'>einen</span> 
     </span>
     <span class='ocr_line' id='line_1_31' title="bbox 238 2272 1713 2321; baseline 0.001 -13"><span class='ocrx_word' id='word_1_266' title='bbox 238 2273 358 2308; x_wconf 79' lang='lat' dir='ltr'>Feind</span> <span class='ocrx_word' id='word_1_267' title='bbox 383 2273 448 2307; x_wconf 89' lang='lat' dir='ltr'>des</span> <span class='ocrx_word' id='word_1_268' title='bbox 472 2273 717 2307; x_wconf 82' lang='lat' dir='ltr'>Vaterlandes</span> <span class='ocrx_word' id='word_1_269' title='bbox 744 2285 792 2307; x_wconf 88' lang='lat' dir='ltr'>zu</span> <span class='ocrx_word' id='word_1_270' title='bbox 818 2272 995 2306; x_wconf 71' lang='lat' dir='ltr'>erkl‘aren</span> <span class='ocrx_word' id='word_1_271' title='bbox 1022 2272 1097 2306; x_wconf 88' lang='lat' dir='ltr'>und</span> <span class='ocrx_word' id='word_1_272' title='bbox 1123 2273 1185 2306; x_wconf 89' lang='lat' dir='ltr'>die</span> <span class='ocrx_word' id='word_1_273' title='bbox 1203 2273 1325 2306; x_wconf 89' lang='lat' dir='ltr'>Heere</span> <span class='ocrx_word' id='word_1_274' title='bbox 1351 2273 1420 2307; x_wconf 81' lang='lat' dir='ltr'>der</span> <span class='ocrx_word' id='word_1_275' title='bbox 1439 2274 1628 2321; x_wconf 80' lang='lat' dir='ltr'>Republik</span> <span class='ocrx_word' id='word_1_276' title='bbox 1656 2286 1713 2309; x_wconf 84' lang='lat' dir='ltr'>so-</span> 
     </span>
     <span class='ocr_line' id='line_1_32' title="bbox 238 2320 1712 2371; baseline 0 -15"><span class='ocrx_word' id='word_1_277' title='bbox 238 2325 318 2356; x_wconf 81' lang='lat' dir='ltr'>fort</span> <span class='ocrx_word' id='word_1_278' title='bbox 344 2332 465 2371; x_wconf 82' lang='lat' dir='ltr'>gegen</span> <span class='ocrx_word' id='word_1_279' title='bbox 490 2320 561 2354; x_wconf 89' lang='lat' dir='ltr'>ihn</span> <span class='ocrx_word' id='word_1_280' title='bbox 585 2321 813 2354; x_wconf 80' lang='lat' dir='ltr'>aufbrechen</span> <span class='ocrx_word' id='word_1_281' title='bbox 840 2333 887 2355; x_wconf 89' lang='lat' dir='ltr'>zu</span> <span class='ocrx_word' id='word_1_282' title='bbox 915 2320 1059 2362; x_wconf 83' lang='lat' dir='ltr'>lassen3</span> <span class='ocrx_word' id='word_1_283' title='bbox 1084 2331 1124 2355; x_wconf 82' lang='lat' dir='ltr'>so</span> <span class='ocrx_word' id='word_1_284' title='bbox 1139 2322 1253 2355; x_wconf 85' lang='lat' dir='ltr'>fasste</span> <span class='ocrx_word' id='word_1_285' title='bbox 1270 2320 1369 2355; x_wconf 87' lang='lat' dir='ltr'>doch</span> <span class='ocrx_word' id='word_1_286' title='bbox 1382 2322 1450 2355; x_wconf 85' lang='lat' dir='ltr'>der</span> <span class='ocrx_word' id='word_1_287' title='bbox 1462 2322 1575 2357; x_wconf 86' lang='lat' dir='ltr'>Senat</span> <span class='ocrx_word' id='word_1_288' title='bbox 1601 2323 1712 2356; x_wconf 88' lang='lat' dir='ltr'>einen</span> 
     </span>
     <span class='ocr_line' id='line_1_33' title="bbox 238 2367 1714 2405; baseline 0 -1"><span class='ocrx_word' id='word_1_289' title='bbox 238 2369 464 2405; x_wconf 82' lang='lat' dir='ltr'>Entschluss</span> <span class='ocrx_word' id='word_1_290' title='bbox 490 2368 558 2402; x_wconf 86' lang='lat' dir='ltr'>der</span> <span class='ocrx_word' id='word_1_291' title='bbox 582 2369 834 2403; x_wconf 82' lang='lat' dir='ltr'>offenbarsten</span> <span class='ocrx_word' id='word_1_292' title='bbox 859 2367 1068 2402; x_wconf 83' lang='lat' dir='ltr'>Schw&#39;a&#39;che</span> <span class='ocrx_word' id='word_1_293' title='bbox 1103 2368 1180 2402; x_wconf 83' lang='lat' dir='ltr'>und</span> <span class='ocrx_word' id='word_1_294' title='bbox 1214 2376 1396 2404; x_wconf 84' lang='lat' dir='ltr'>ernannte</span> <span class='ocrx_word' id='word_1_295' title='bbox 1429 2381 1488 2404; x_wconf 85' lang='lat' dir='ltr'>am</span> <span class='ocrx_word' id='word_1_296' title='bbox 1515 2372 1548 2405; x_wconf 80' lang='lat'>4.</span> <span class='ocrx_word' id='word_1_297' title='bbox 1578 2371 1714 2404; x_wconf 79' lang='lat' dir='ltr'>Ianuar</span> 
     </span>
     <span class='ocr_line' id='line_1_34' title="bbox 239 2416 1713 2461; baseline -0.001 -9"><span class='ocrx_word' id='word_1_298' title='bbox 239 2419 314 2453; x_wconf 87' lang='lat' dir='ltr'>den</span> <span class='ocrx_word' id='word_1_299' title='bbox 338 2417 476 2452; x_wconf 88' lang='lat' dir='ltr'>Lucius</span> <span class='ocrx_word' id='word_1_300' title='bbox 502 2417 585 2451; x_wconf 84' lang='lat' dir='ltr'>Piso</span> <span class='ocrx_word' id='word_1_301' title='bbox 612 2416 689 2450; x_wconf 83' lang='lat' dir='ltr'>und</span> <span class='ocrx_word' id='word_1_302' title='bbox 714 2417 755 2450; x_wconf 85' lang='lat' dir='ltr'>L.</span> <span class='ocrx_word' id='word_1_303' title='bbox 783 2416 986 2461; x_wconf 86' lang='lat' dir='ltr'>Philippus</span> <span class='ocrx_word' id='word_1_304' title='bbox 1011 2429 1058 2450; x_wconf 88' lang='lat' dir='ltr'>zu</span> <span class='ocrx_word' id='word_1_305' title='bbox 1084 2416 1314 2457; x_wconf 67' lang='lat' dir='ltr'>Gesamken,</span> <span class='ocrx_word' id='word_1_306' title='bbox 1347 2417 1499 2452; x_wconf 86' lang='lat' dir='ltr'>welche</span> <span class='ocrx_word' id='word_1_307' title='bbox 1523 2419 1608 2453; x_wconf 78' lang='lat' dir='ltr'>dem</span> <span class='ocrx_word' id='word_1_308' title='bbox 1636 2419 1713 2453; x_wconf 85' lang='lat' dir='ltr'>An-</span> 
     </span>
     <span class='ocr_line' id='line_1_35' title="bbox 239 2464 1712 2515; baseline -0.001 -15"><span class='ocrx_word' id='word_1_309' title='bbox 239 2466 362 2501; x_wconf 70' lang='lat' dir='ltr'>tonius</span> <span class='ocrx_word' id='word_1_310' title='bbox 389 2471 467 2499; x_wconf 85' lang='lat' dir='ltr'>erst</span> <span class='ocrx_word' id='word_1_311' title='bbox 492 2464 660 2499; x_wconf 87' lang='lat' dir='ltr'>einmahl</span> <span class='ocrx_word' id='word_1_312' title='bbox 686 2465 876 2512; x_wconf 75' lang='lat' dir='ltr'>vorlaufig·</span> <span class='ocrx_word' id='word_1_313' title='bbox 911 2465 982 2497; x_wconf 88' lang='lat' dir='ltr'>den</span> <span class='ocrx_word' id='word_1_314' title='bbox 1008 2464 1145 2499; x_wconf 86' lang='lat' dir='ltr'>Besehl</span> <span class='ocrx_word' id='word_1_315' title='bbox 1170 2465 1427 2515; x_wconf 78' lang='lat' dir='ltr'>iiberbringen</span> <span class='ocrx_word' id='word_1_316' title='bbox 1463 2467 1618 2508; x_wconf 68' lang='lat' dir='ltr'>solsten,</span> <span class='ocrx_word' id='word_1_317' title='bbox 1651 2467 1712 2500; x_wconf 84' lang='lat' dir='ltr'>die</span> 
     </span>
     <span class='ocr_line' id='line_1_36' title="bbox 238 2512 1711 2561; baseline -0.002 -11"><span class='ocrx_word' id='word_1_318' title='bbox 238 2515 326 2550; x_wconf 82' lang='lat' dir='ltr'>Bela</span> <span class='ocrx_word' id='word_1_319' title='bbox 358 2524 480 2561; x_wconf 79' lang='lat' dir='ltr'>erung</span> <span class='ocrx_word' id='word_1_320' title='bbox 505 2523 579 2547; x_wconf 89' lang='lat' dir='ltr'>von</span> <span class='ocrx_word' id='word_1_321' title='bbox 605 2513 748 2547; x_wconf 82' lang='lat' dir='ltr'>Mutina</span> <span class='ocrx_word' id='word_1_322' title='bbox 776 2512 1024 2551; x_wconf 82' lang='lat' dir='ltr'>auszuheben,</span> <span class='ocrx_word' id='word_1_323' title='bbox 1052 2512 1125 2548; x_wconf 87' lang='lat' dir='ltr'>den</span> <span class='ocrx_word' id='word_1_324' title='bbox 1150 2520 1359 2548; x_wconf 85' lang='lat' dir='ltr'>ernannten</span> <span class='ocrx_word' id='word_1_325' title='bbox 1375 2515 1516 2549; x_wconf 89' lang='lat' dir='ltr'>Consul</span> <span class='ocrx_word' id='word_1_326' title='bbox 1541 2515 1617 2548; x_wconf 85' lang='lat' dir='ltr'>und</span> <span class='ocrx_word' id='word_1_327' title='bbox 1638 2515 1711 2549; x_wconf 66' lang='lat' dir='ltr'>Rb-</span> 
     </span>
     <span class='ocr_line' id='line_1_37' title="bbox 239 2560 1710 2610; baseline -0.002 -13"><span class='ocrx_word' id='word_1_328' title='bbox 239 2564 332 2597; x_wconf 86' lang='lat' dir='ltr'>misc</span> <span class='ocrx_word' id='word_1_329' title='bbox 365 2573 412 2597; x_wconf 88' lang='lat' dir='ltr'>en</span> <span class='ocrx_word' id='word_1_330' title='bbox 444 2562 657 2608; x_wconf 77' lang='lat' dir='ltr'>Imperator</span> <span class='ocrx_word' id='word_1_331' title='bbox 689 2561 732 2595; x_wconf 92' lang='lat' dir='ltr'>D.</span> <span class='ocrx_word' id='word_1_332' title='bbox 766 2560 902 2594; x_wconf 77' lang='lat' dir='ltr'>Brutus</span> <span class='ocrx_word' id='word_1_333' title='bbox 943 2560 1053 2594; x_wconf 84' lang='lat' dir='ltr'>nicht</span> <span class='ocrx_word' id='word_1_334' title='bbox 1089 2573 1135 2595; x_wconf 88' lang='lat' dir='ltr'>zu</span> <span class='ocrx_word' id='word_1_335' title='bbox 1167 2561 1400 2610; x_wconf 85' lang='lat' dir='ltr'>bekriegen,</span> <span class='ocrx_word' id='word_1_336' title='bbox 1446 2563 1506 2597; x_wconf 84' lang='lat' dir='ltr'>die</span> <span class='ocrx_word' id='word_1_337' title='bbox 1550 2562 1710 2597; x_wconf 82' lang='lat' dir='ltr'>Provinz</span> 
     </span>
     <span class='ocr_line' id='line_1_38' title="bbox 238 2607 1713 2651; baseline -0.001 -7"><span class='ocrx_word' id='word_1_338' title='bbox 238 2610 350 2644; x_wconf 83' lang='lat' dir='ltr'>nicht</span> <span class='ocrx_word' id='word_1_339' title='bbox 374 2622 421 2644; x_wconf 89' lang='lat' dir='ltr'>zu</span> <span class='ocrx_word' id='word_1_340' title='bbox 447 2609 672 2649; x_wconf 71' lang='lat' dir='ltr'>verheemn,</span> <span class='ocrx_word' id='word_1_341' title='bbox 703 2608 815 2642; x_wconf 83' lang='lat' dir='ltr'>keine</span> <span class='ocrx_word' id='word_1_342' title='bbox 841 2607 1082 2643; x_wconf 80' lang='lat' dir='ltr'>Mannschaft</span> <span class='ocrx_word' id='word_1_343' title='bbox 1105 2608 1355 2651; x_wconf 82' lang='lat' dir='ltr'>auszuheben‚</span> <span class='ocrx_word' id='word_1_344' title='bbox 1387 2611 1466 2645; x_wconf 85' lang='lat' dir='ltr'>und</span> <span class='ocrx_word' id='word_1_345' title='bbox 1492 2611 1576 2645; x_wconf 83' lang='lat' dir='ltr'>sich</span> <span class='ocrx_word' id='word_1_346' title='bbox 1600 2615 1713 2644; x_wconf 82' lang='lat' dir='ltr'>unter</span> 
     </span>
     <span class='ocr_line' id='line_1_39' title="bbox 238 2655 1711 2707; baseline -0.001 -15"><span class='ocrx_word' id='word_1_347' title='bbox 238 2658 312 2692; x_wconf 87' lang='lat' dir='ltr'>den</span> <span class='ocrx_word' id='word_1_348' title='bbox 337 2658 548 2692; x_wconf 84' lang='lat' dir='ltr'>Gehorsam</span> <span class='ocrx_word' id='word_1_349' title='bbox 575 2657 640 2692; x_wconf 78' lang='lat' dir='ltr'>des</span> <span class='ocrx_word' id='word_1_350' title='bbox 670 2655 803 2692; x_wconf 76' lang='lat' dir='ltr'>senats</span> <span class='ocrx_word' id='word_1_351' title='bbox 838 2656 915 2690; x_wconf 84' lang='lat' dir='ltr'>und</span> <span class='ocrx_word' id='word_1_352' title='bbox 952 2656 1182 2692; x_wconf 80' lang='lat' dir='ltr'>Rb&#39;mischen</span> <span class='ocrx_word' id='word_1_353' title='bbox 1213 2658 1330 2693; x_wconf 85' lang='lat' dir='ltr'>Volks</span> <span class='ocrx_word' id='word_1_354' title='bbox 1365 2671 1411 2693; x_wconf 84' lang='lat' dir='ltr'>zu</span> <span class='ocrx_word' id='word_1_355' title='bbox 1442 2658 1622 2707; x_wconf 81' lang='lat' dir='ltr'>begeben.</span> <span class='ocrx_word' id='word_1_356' title='bbox 1673 2657 1711 2691; x_wconf 89' lang='lat' dir='ltr'>S.</span> 
     </span>
     <span class='ocr_line' id='line_1_40' title="bbox 238 2704 1711 2752; baseline 0 -12"><span class='ocrx_word' id='word_1_357' title='bbox 238 2705 402 2752; x_wconf 80' lang='lat' dir='ltr'>Philipp.</span> <span class='ocrx_word' id='word_1_358' title='bbox 429 2706 470 2740; x_wconf 88' lang='lat' dir='ltr'>V.</span> <span class='ocrx_word' id='word_1_359' title='bbox 499 2707 563 2743; x_wconf 84' lang='lat' dir='ltr'>VI.</span> <span class='ocrx_word' id='word_1_360' title='bbox 616 2704 685 2740; x_wconf 85' lang='lat' dir='ltr'>Die</span> <span class='ocrx_word' id='word_1_361' title='bbox 712 2704 950 2746; x_wconf 84' lang='lat' dir='ltr'>Gesandten,</span> <span class='ocrx_word' id='word_1_362' title='bbox 990 2704 1137 2740; x_wconf 83' lang='lat' dir='ltr'>welche</span> <span class='ocrx_word' id='word_1_363' title='bbox 1170 2705 1298 2740; x_wconf 79' lang='lat' dir='ltr'>diesen</span> <span class='ocrx_word' id='word_1_364' title='bbox 1323 2706 1458 2742; x_wconf 81' lang='lat' dir='ltr'>Befehl</span> <span class='ocrx_word' id='word_1_365' title='bbox 1483 2704 1711 2741; x_wconf 62' lang='lat' dir='ltr'>{ibai-brach-</span> 
     </span>
     <span class='ocr_line' id='line_1_41' title="bbox 236 2752 1712 2803; baseline -0.001 -15"><span class='ocrx_word' id='word_1_366' title='bbox 236 2761 315 2798; x_wconf 76' lang='lat' dir='ltr'>ten,</span> <span class='ocrx_word' id='word_1_367' title='bbox 339 2765 484 2798; x_wconf 84' lang='lat' dir='ltr'>waren,</span> <span class='ocrx_word' id='word_1_368' title='bbox 518 2754 571 2788; x_wconf 86' lang='lat' dir='ltr'>als</span> <span class='ocrx_word' id='word_1_369' title='bbox 598 2753 734 2789; x_wconf 84' lang='lat' dir='ltr'>Cicero</span> <span class='ocrx_word' id='word_1_370' title='bbox 759 2752 885 2788; x_wconf 83' lang='lat' dir='ltr'>diesen</span> <span class='ocrx_word' id='word_1_371' title='bbox 911 2753 1020 2788; x_wconf 81' lang='lat' dir='ltr'>Brief</span> <span class='ocrx_word' id='word_1_372' title='bbox 1040 2752 1206 2797; x_wconf 80' lang='lat' dir='ltr'>schrieb,</span> <span class='ocrx_word' id='word_1_373' title='bbox 1237 2753 1339 2791; x_wconf 81' lang='lat' dir='ltr'>noch</span> <span class='ocrx_word' id='word_1_374' title='bbox 1366 2754 1475 2791; x_wconf 75' lang='lat' dir='ltr'>nicht</span> <span class='ocrx_word' id='word_1_375' title='bbox 1500 2753 1712 2803; x_wconf 72' lang='lat' dir='ltr'>zuriickge-</span> 
     </span>
    </p>
   </div>
  </div>
 </body>
</html>
