1795 3086
187 87 247 132 9&
468 86 525 125 M.
559 82 988 129 1·.?1CICERONIS
1020 81 1390 124 EPISTOLAE.

195 210 271 251 per
312 200 509 237 senatum
550 207 700 249 speres
741 192 902 235 confici
942 207 1092 248 posse3
1131 193 1249 248 quod
1290 197 1407 247 puto.
1477 192 1671 234 Tantum

195 253 310 293 enim
341 252 496 300 video,
526 265 609 290 non
642 250 844 291 videmur
871 263 965 291 esse
994 251 1170 291 victuri.
1229 249 1340 301 Sed,
1371 248 1410 288 si
1438 249 1569 289 etiam
1589 262 1670 290 nos

197 308 281 348 hoc
312 306 460 358 sallat,
492 307 546 345 de
575 305 794 347 Buthroto
823 308 867 346 te
897 319 984 347 non
1026 305 1166 346 fallet.
1234 305 1304 345 De
1345 303 1527 346 Octavii
1566 317 1670 345 con-

198 364 321 404 cione
353 362 467 402 idem
511 361 679 412 sentio,
717 361 834 415 quod
862 364 933 402 tu:
975 361 1266 416 ludorumque
1297 360 1391 401 eius
1420 364 1672 414 apparatus,

198 424 241 458 et
270 416 435 457 Matius
465 429 516 457 ac
554 416 810 458 Postumius
850 417 961 457 mihi
999 422 1311 470 procuratores
1355 428 1444 455 non
1481 415 1669 468 placent.

198 475 386 515 Saserna
416 472 586 526 collega
615 472 786 526 dignus.
847 472 934 512 Sed
963 472 1042 512 isti
1083 486 1259 523 omnes,
1302 470 1671 526 quemadmodum

200 529 359 579 sentis,
390 541 474 569 non
505 528 647 568 minus
679 529 817 569 otium
848 528 1003 568 timent
1024 541 1155 582 quam
1184 541 1264 570 nos
1294 538 1431 568 arma.
1487 525 1672 568 Balbum

199 723 338 766 Ceteri,
374 722 472 755 Vict.
500 723 601 755 Man.
636 721 764 756 Lamb.
791 723 875 755 Bos.
904 721 1039 755 Graev.
1062 732 1178 765 posse.
1230 722 1331 757 Quod
1351 726 1436 766 puto
1462 740 1509 747 —
1535 723 1674 754 tantum

200 770 291 805 enim
316 770 418 803 video
449 787 488 792 -
517 780 583 803 non
610 770 772 803 videmur
797 780 824 803 e.
850 779 881 802 v.
933 770 1131 803 Praeterea
1168 780 1236 815 pro
1272 771 1358 814 quid
1382 771 1425 803 de
1451 770 1516 803 B..·
1549 768 1609 812 qui
1633 769 1676 801 de

200 820 245 853 B.
274 819 366 853 Cdd.
394 819 525 853 Lamb.
563 818 685 862 Regii.
719 817 813 853 Lall.
864 818 936 850 Pro
968 828 1038 850 non
1069 818 1232 850 videmur
1262 819 1394 852 Lamb.
1432 818 1581 850 volebat
1611 826 1677 849 nos

199 867 368 900 videmur.
394 866 422 898 Ι.
450 867 489 900 F.
518 866 679 899 Gronov.
707 877 800 909 susp.
841 865 913 898 Sed
937 876 1005 898 non
1027 867 1119 898 satis
1149 865 1239 898 haec
1265 866 1375 910 (quae
1401 865 1445 898 de
1470 863 1680 909 legionibus

201 915 349 953 scribis)
375 912 460 946 mihi
484 913 620 946 rideris
647 912 712 946 tibi
733 913 976 955 persuasisse,
1013 913 1070 955 qui
1105 913 1146 946 de
1177 914 1222 946 Β.
1257 913 1392 947 nostris
1423 924 1491 957 per
1520 915 1677 945 senatum

199 973 323 1005 speres
348 960 479 1001 confici
502 971 619 1005 posse.
669 961 777 994 Haud
800 965 898 1004 puto.
951 962 1122 996 Quantmn
1149 961 1265 1003 video,
1290 971 1358 993 non
1374 961 1529 994 videmur
1545 959 1678 992 victuri

201 1011 280 1050 (sed
307 1009 419 1042 armis
445 1009 598 1042 Antonii
623 1009 810 1053 perituri).
844 1009 931 1045 Sch,
965 1009 1066 1045 coni.
1099 1009 1137 1041 in
1168 1008 1238 1042 Ed.
1273 1009 1365 1043 min.
1403 1020 1489 1042 cum
1519 1007 1676 1043 Lallem.

202 1058 332 1099 (Li'in.)
359 1057 429 1091 Sed
454 1069 485 1090 ῃ.
511 1068 538 1090 s.
568 1056 632 1089 hoc
657 1067 697 1089 m.
726 1068 755 1089 v.
783 1060 805 1089 t.
830 1068 889 1099 p.,
917 1057 1004 1099 quid
1027 1057 1069 1089 cle
1093 1057 1138 1090 B.
1164 1057 1303 1090 nostris
1328 1067 1394 1100 per
1412 1060 1573 1090 senatum
1596 1065 1676 1097 spe-

202 1116 279 1145 res:
307 1104 441 1143 confici
465 1115 569 1147 posse
595 1109 692 1146 puro.
747 1104 923 1137 Quantam
950 1104 1177 1143 enimv-ideo,
1202 1114 1266 1137 nos
1283 1104 1441 1138 videmur
1457 1115 1530 1137 esse
1544 1101 1678 1137 victuri

201 1154 241 1190 (i.
270 1165 300 1184 e.
329 1153 502 1185 effecturi
535 1163 555 1183 a
588 1163 620 1186 v.
648 1152 820 1192 vincere).
873 1152 952 1194 Ego
988 1152 1041 1184 sic
1077 1151 1180 1184 dedi:
1220 1151 1282 1195 qui
1313 1153 1355 1184 de
1388 1152 1437 1187 Β.
1469 1176 1478 1184 .
1511 1176 1520 1184 .
1556 1160 1677 1194 posse.

205 1200 307 1235 Quod
326 1203 415 1243 puto
439 1217 484 1225 -ν
513 1203 647 1232 lantum
673 1198 767 1230 enim
793 1198 895 1231 video
919 1217 966 1222 —
991 1209 1060 1233 non
1095 1199 1259 1233 videmur
1291 1209 1368 1232 esse
1400 1198 1545 1232 victuri.
1597 1198 1678 1231 Iam

201 1249 306 1293 prior
341 1259 424 1290 pars
457 1248 550 1282 Em.
588 1246 759 1279 lectionis
798 1253 834 1279 et
870 1247 1122 1280 distinctionis
1163 1248 1338 1290 congruit
1375 1258 1463 1281 cum
1496 1246 1678 1284 historin

205 1297 274 1329 cfr.
307 1296 384 1329 Lib.
416 1296 474 1335 16,
503 1295 572 1338 Ep.
602 1296 664 1334 163
692 1300 730 1327 et
755 1294 895 1327 rectius
920 1296 1016 1338 quod
1035 1299 1120 1338 puto
1153 1295 1322 1338 iungitur
1348 1307 1436 1329 curn
1462 1307 1519 1329 vv.
1546 1293 1681 1334 confici

201 1353 325 1386 posse,
352 1349 392 1375 ut
417 1353 526 1386 saepe
552 1342 606 1374 sic
632 1342 870 1387 postponitur
897 1343 988 1384 quod
1006 1347 1115 1385 puto,
1142 1343 1237 1385 quod
1259 1343 1366 1375 credo
1392 1355 1428 1379 v.
1456 1355 1487 1376 c.
1514 1342 1594 1376 Lib.
1623 1343 1678 1375 15.

203 1393 269 1435 Ep.
298 1392 332 1431 4,
362 1393 396 1424 1.
446 1390 516 1423 Sed
541 1389 681 1422 nullam
707 1397 786 1422 tum
810 1389 917 1423 video
945 1391 1251 1423 coniunctionem
1284 1390 1553 1424 sententiarum
1579 1390 1620 1423 in
1646 1401 1678 1422 v.

206 1439 358 1472 Tantum
395 1438 487 1470 enim
519 1438 621 1470 video
659 1443 753 1480 cet.;
789 1437 882 1470 enim
917 1444 1017 1470 certe
1052 1439 1179 1471 abesse
1212 1438 1378 1475 deberet.
1428 1439 1486 1472 Ex
1517 1439 1680 1471 lectione

196 1487 293 1526 Lau.
347 1486 481 1521 Cicero
507 1492 595 1519 tunc
621 1486 800 1530 temporis
827 1486 1048 1527 dubitasset,
1086 1498 1133 1519 an
1167 1497 1224 1519 res
1250 1498 1319 1531 per
1344 1493 1512 1519 senatum
1538 1485 1681 1520 confici

204 1540 352 1579 posset:
398 1541 434 1566 et
467 1545 600 1578 magno
635 1544 746 1577 opere
778 1545 878 1566 nunc
919 1534 1111 1579 displicet:
1164 1534 1264 1569 Quod
1292 1538 1378 1577 puto
1410 1546 1478 1579 pro
1511 1537 1681 1577 quantum

204 1586 311 1625 puto.-
349 1583 412 1615 sed
440 1586 578 1614 tantum
612 1582 708 1614 enim
739 1581 843 1614 video
876 1582 1011 1622 habet,
1048 1593 1120 1627 quo
1154 1583 1359 1616 referatur:
1396 1588 1549 1627 totaque
1580 1581 1680 1614 ratio

203 1631 372 1675 proxime
406 1630 554 1663 accedit
587 1629 634 1662 nd
667 1641 747 1663 eam
780 1630 1021 1671 sententiam,
1066 1641 1175 1674 quam
1211 1641 1277 1663 sua
1310 1630 1528 1663 coniectura
1557 1631 1680 1675 expri-

205 1690 308 1711 mere
343 1678 492 1711 volebat
526 1678 695 1711 Gronov.
751 1678 793 1711 In
825 1677 912 1711 Sch.
948 1678 1042 1713 coni.
1079 1679 1119 1710 id
1157 1689 1305 1722 prorsus
1347 1679 1480 1712 salsum
1515 1677 1678 1717 videtur,

204 1726 304 1771 quod
331 1727 464 1761 Cicero
491 1726 607 1759 bonos
632 1727 793 1759 victores
820 1727 900 1759 fore
925 1732 1061 1771 sperat.
1112 1726 1265 1770 Quoties
1284 1725 1382 1758 enim
1404 1726 1441 1759 in
1458 1726 1516 1759 his
1542 1726 1680 1770 episto-

205 1775 250 1807 lis
277 1780 314 1807 et
341 1775 386 1806 de
419 1774 579 1807 victoria
609 1780 646 1806 et
679 1774 725 1806 de
757 1774 830 1806 vita
865 1774 1054 1819 desperat!
1089 1774 1225 1808 Malim
1259 1785 1374 1807 nunc:
1411 1775 1469 1817 qui
1494 1774 1537 1807 de
1560 1774 1606 1808 B.
1635 1798 1643 1805 .
1669 1797 1678 1805 .

202 1833 318 1865 posse.
369 1822 476 1855 Haud
498 1826 595 1865 puto.
646 1821 796 1855 Tantum
829 1822 917 1855 enim
951 1823 1077 1855 video.-
1120 1832 1190 1855 non
1224 1821 1390 1855 videmur
1423 1832 1499 1855 esse
1531 1821 1677 1855 victuri.

208 1869 402 1903 ORELLI.
430 1890 469 1896 -
507 1870 596 1908 Sed,
623 1870 658 1903 si
683 1870 791 1903 etiam
815 1880 880 1903 nos
895 1870 1040 1912 sallat,
1064 1870 1204 1915 inquit,
1231 1876 1271 1902 ut
1293 1876 1440 1903 senatus
1466 1869 1680 1903 consultum

207 1929 279 1951 non
305 1918 551 1951 obtineamus.
578 1917 684 1953 SCH.
734 1917 777 1950 ln
803 1917 894 1959 hoc,
935 1919 1031 1963 quod
1057 1925 1184 1962 putem
1207 1929 1274 1951 nos
1299 1917 1453 1952 Antonii
1480 1918 1591 1950 armis
1614 1928 1680 1962 pe-

205 1966 345 1998 rituros
370 1976 472 2007 esse,
499 1967 529 1998 si
556 1977 670 1998 vanus
695 1976 775 1999 sum
802 1972 916 2000 vates.
944 1965 1161 2000 GRONOV.
1194 1984 1240 2002 ,-
1276 1972 1403 1998 tamen
1429 1965 1471 1998 «ie
1499 1965 1680 1999 Buthroto

206 2018 239 2046 te
260 2024 326 2045 non
342 2014 460 2055 fallet
484 2014 563 2047 scil.
592 2026 674 2058 spes
698 2021 779 2053 tua,
809 2013 983 2058 quoniam
1009 2013 1040 2046 si
1064 2024 1139 2052 non
1166 2024 1235 2058 per
1253 2021 1441 2055 senatum,
1468 2020 1591 2046 tamen
1606 2013 1679 2046 alio

206 2061 316 2094 modo
343 2073 402 2094 res
429 2063 672 2095 conficietur:
698 2062 735 2095 id
762 2062 859 2107 quod
885 2062 1029 2095 facturn
1054 2072 1129 2094 esse
1154 2062 1323 2096 videmus
1350 2074 1416 2108 per
1432 2062 1678 2095 Dolabellam.
1723 2077 1730 2087 ι

204 2110 258 2141 Cf.
288 2121 343 2153 ep.
372 2110 453 2145 737.
480 2110 590 2144 SCH.

299 2160 333 2192 3.
366 2156 419 2189 De
454 2157 597 2190 Octavii
631 2158 816 2192 concione.
853 2158 886 2191 S.
918 2170 962 2192 zu
989 2169 1044 2203 ep.
1071 2159 1151 2201 704,
1177 2160 1214 2195 5.
1248 2176 1291 2182 —·
1327 2158 1570 2201 ludorumque.
1620 2158 1679 2191 In-

206 2205 347 2249 telligit
375 2216 436 2238 eos
462 2205 588 2247 ludos,
623 2217 712 2250 quos
748 2206 915 2241 Caesaris
941 2206 1127 2239 victoriae
1153 2207 1230 2240 sive
1257 2217 1299 2239 ex
1324 2212 1410 2239 voto
1440 2206 1606 2238 Caesaris
1631 2205 1680 2238 ob

208 2253 407 2286 victoriam
449 2254 701 2287 Pharsalicam
738 2255 872 2287 Veneri
908 2253 1101 2286 Genetrici
1140 2255 1309 2289 Octavius
1342 2265 1377 2286 s,
1411 2255 1546 2290 Caesar
1591 2253 1680 2287 ado-

207 2302 347 2334 lescens
372 2301 488 2340 fecit,
524 2304 569 2333 de
596 2303 726 2346 quibus
761 2302 908 2335 Sueton.
936 2302 972 2334 in
1000 2302 1084 2335 Oct.
1111 2313 1142 2334 c.
1170 2304 1226 2336 10.
1255 2309 1291 2335 et
1317 2302 1455 2335 Matius
1480 2303 1518 2334 in
1546 2312 1606 2346 ep.
1634 2301 1680 2334 ad

208 2350 287 2384 Cic.
316 2349 354 2383 h.
380 2350 544 2394 ed:.7¹⁷³
571 2351 605 2386 6,
633 2350 755 2383 SCHs
790 2350 904 2383 Iulius
932 2351 1045 2385 C'a'sar
1070 2351 1140 2394 gab
1166 2362 1250 2391 vor,
1287 2350 1406 2383 durch
1432 2350 1567 2391 Iulius,
1607 2350 1678 2383 den

207 2397 309 2436 Sohn
336 2398 398 2429 des
422 2397 568 2438 Auens,
602 2410 676 2431 von
705 2399 771 2431 der
797 2399 924 2433 Venus
961 2399 1249 2432 abzustammen.
1307 2399 1420 2431 Diese
1454 2398 1577 2443 Spiele
1612 2398 1680 2430 der

207 2447 332 2479 venus
359 2446 538 2478 Genetrix
563 2444 646 2479 dem
674 2446 846 2480 Geliibde
873 2450 1018 2489 gemass
1045 2458 1088 2479 zu
1113 2447 1234 2480 feiern
1261 2458 1340 2479 war
1367 2458 1406 2479 er
1433 2446 1551 2479 durch
1578 2446 1679 2478 seine

207 2494 446 2538 Ermordung
482 2493 682 2527 behindert
724 2493 884 2526 worden.
942 2495 1086 2528 Aietius
1129 2497 1176 2535 (s.
1212 2506 1254 2528 zu
1287 2506 1343 2539 ep.
1377 2496 1447 2529 356
1478 2495 1529 2527 im
1563 2494 1677 2533 Anf.)‚

207 2543 412 2575 Postumius
434 2542 478 2581 (s.
507 2552 563 2585 ep.
591 2543 686 2582 514.)
714 2542 787 2574 und
820 2542 978 2576 Saserna
1013 2545 1053 2585 (s.
1080 2543 1125 2576 de
1150 2543 1241 2576 Bell.
1271 2543 1391 2576 Afric.
1417 2554 1449 2575 c.
1476 2543 1528 2584 9.)
1554 2553 1677 2574 waren

209 2590 269 2622 die
301 2591 494 2634 eifrigsten
530 2590 731 2635 Anhanger
776 2592 904 2623 casars
937 2601 1115 2635 gewesen.
1183 2592 1229 2624 Es
1264 2591 1406 2623 konnte
1439 2591 1557 2625 daher
1592 2590 1677 2622 dem

206 2638 480 2682 patriotischen
509 2640 640 2672 Cicero
666 2638 774 2671 nicht
799 2639 979 2683 gefallen,
1012 2639 1094 2672 dass
1120 2639 1295 2672 Octavius
1321 2639 1448 2672 diesen
1476 2638 1552 2670 sein
1580 2637 1678 2672 Ver-

206 2693 340 2719 trauen
366 2686 548 2719 schenkte
574 2688 649 2720 und
684 2685 803 2719 durch
839 2687 891 2719 sie
915 2687 999 2719 iene
1035 2687 1159 2731 Spiele
1202 2688 1386 2731 besorgen
1420 2687 1517 2720 Jiess.
1554 2685 1592 2722 S.
1619 2696 1674 2730 ep.

208 2736 275 2769 716
302 2746 335 2769 u.
364 2737 442 2770 717.
470 2753 512 2758 —
540 2735 674 2778 dignus
698 2734 784 2769 illis.
815 2735 956 2768 Ironie!
984 2753 1028 2758 —
1055 2735 1193 2768 Balbus
1216 2737 1336 2769 maior
1361 2736 1407 2778 (s.
1434 2745 1479 2768 zu
1505 2744 1562 2779 ep.
1590 2735 1678 2775 339)
