1795 3086
526 85 836 129 EPISTOLA
865 86 1054 129 DCLX.
1483 83 1533 127 17

100 216 129 252 0
251 216 564 261 EPISTOLA
606 216 787 258 DCLX.
848 217 923 267 (ad
954 216 1056 258 Div.
1089 213 1222 256 XVI.
1254 214 1340 261 22.)

316 296 394 329 Ser.
423 295 458 327 in
486 294 594 335 villa,
621 294 662 329 A.
691 300 731 327 ut
757 291 905 326 videtur
931 294 1009 327 708.
1062 291 1107 335 (a.
1139 293 1176 324 C.
1203 290 1278 332 46.)

63 361 292 396 Valetudinis
319 361 504 396 curandae
531 360 710 393 admonet
737 364 1010 404 aegrotanten13
1044 359 1218 392 librarios
1248 364 1374 390 tamen
1406 366 1533 401 regere

518 409 643 447 iubet;
671 407 777 441 addit
803 407 847 439 de
872 407 964 439 aliis.
992 407 1081 440 1-2.

444 493 699 530 TULLIUS
725 493 940 527 TIRONI
968 491 1074 525 SUO
1101 491 1133 524 S.

173 565 312 618 Spero
353 577 405 604 ex
445 563 532 604 tuis
577 561 717 603 literis
755 561 837 601 tibi
877 560 1033 601 melius
1074 570 1193 599 esse.-
1236 560 1363 612 cupio
1405 560 1535 599 certe.

63 620 147 661 Cui
177 621 349 674 quidem
381 619 447 659 rei
476 618 595 659 omni
625 618 796 658 ratione
837 629 943 657 cura
983 620 1029 656 ut
1068 614 1308 655 inservias:
1348 619 1390 654 et
1430 626 1537 655 cave

63 677 286 730 suspicere
315 679 470 717 contra
511 687 651 715 meam
690 674 954 715 voluntatem
995 675 1038 713 te
1077 670 1251 721 facere,
1290 670 1408 723 quod
1451 682 1538 709 non

63 732 124 771 sis
153 745 335 772 mecum.
395 729 574 770 Mecum
605 743 676 777 es,
707 729 745 770 si
774 733 816 769 te
846 740 985 769 curas.
1045 724 1195 775 Quare
1218 725 1334 766 malo
1358 728 1403 766 te
1423 726 1539 766 vale-

64 787 207 828 tudini
236 794 335 828 tuae
367 786 559 836 servire,
600 798 729 839 quam
769 784 880 825 meis
919 782 1055 824 oculis
1097 785 1139 822 et
1176 781 1367 822 auribus.
1438 781 1537 821 Etsi

65 844 182 883 enim
211 848 254 884 et
283 842 414 884 audio
442 846 485 882 te
515 847 559 882 et
586 841 713 881 video
744 839 952 891 libenter,
983 844 1128 879 tamen
1158 836 1243 877 hoc
1272 836 1408 876 multo
1437 836 1537 886 erit,

65 899 104 939 si
141 898 332 950 valebis,
384 898 630 949 iuqundius.
706 895 806 949 Ego
846 895 920 935 hic
958 907 1106 946 cesso,
1156 893 1260 947 quia
1296 892 1391 946 ipse
1431 890 1541 931 nihil

66 955 235 995 scribo:
272 955 371 1007 lego
402 956 545 993 autem
574 951 875 992 libentissime.
950 950 1023 991 Tu
1052 948 1179 1001 istic,
1210 948 1249 989 si
1278 947 1382 1002 quid
1411 947 1541 987 libra-

67 1011 125 1050 rii
154 1024 252 1050 mea
281 1022 411 1049 manu
440 1022 524 1048 non
563 1008 835 1060 intelligent,
882 1005 1157 1047 monstrabis.
1227 1004 1326 1044 Una
1364 1003 1542 1043 omnino

68 1065 346 1120 interpositio
387 1063 621 1104 difficilior
660 1068 749 1114 est,
799 1076 927 1117 quam
970 1075 1023 1102 ne
1061 1062 1155 1115 ipse
1193 1059 1371 1113 quidem
1410 1058 1543 1099 facile

69 1123 212 1175 legere
243 1121 388 1171 soleo,
418 1120 472 1160 de
503 1119 735 1174 quadrimo
767 1118 946 1158 Catone.
1006 1118 1078 1157 De
1108 1116 1306 1157 triclinio
1337 1127 1466 1164 cura,
1496 1117 1544 1154 ut

72 1177 198 1217 facis.
271 1176 430 1216 Tertia
458 1176 625 1227 aderit,
656 1174 789 1215 modo
818 1187 871 1214 ne
900 1173 1084 1213 Publius
1116 1176 1293 1224 rogatus
1324 1170 1394 1211 sit.
1453 1170 1581 1212 De-2

71 1232 252 1272 meti-ius
282 1231 366 1272 iste
407 1244 624 1284 nunquam
666 1230 841 1270 omnino
880 1228 1122 1270 Phalereus
1163 1227 1271 1279 suit,
1313 1227 1391 1266 sed
1431 1238 1545 1267 nunc

70 1288 197 1342 plane
236 1286 454 1328 Billienus
494 1290 569 1327 est.
645 1286 800 1339 Itaque
839 1290 882 1325 te
929 1285 987 1325 do
1030 1282 1261 1325 vicarium.
1329 1281 1402 1322 Tu
1446 1295 1545 1323 eum

168 1447 201 1481 l.
231 1443 301 1477 Cui
325 1444 349 1476 i.
378 1455 410 1476 e.
440 1450 482 1476 ut
508 1443 577 1476 tibi
612 1443 742 1476 melius
778 1442 834 1475 sit.
866 1460 910 1466 —
942 1451 1135 1484 suspzcere.
1161 1440 1221 1473 Sic
1248 1438 1329 1474 Md.
1357 1452 1405 1470 r:
1431 1438 1549 1482 suspi-

75 1492 173 1527 ceris
198 1494 282 1528 Bas,
309 1491 391 1525 edd.
418 1502 535 1525 meae.
564 1490 759 1526 ORELLI.
788 1511 830 1516 -
857 1491 890 1523 δι’
916 1494 948 1523 te
971 1500 1098 1531 curas,
1127 1500 1231 1522 wenn
1256 1490 1315 1521 Du
1339 1487 1441 1520 Dich
1466 1498 1549 1519 ver-

73 1543 223 1587 pflegst.
250 1558 295 1564 —
332 1538 410 1581 liic,
449 1540 487 1572 in
515 1539 612 1572 villa.
664 1539 811 1572 Literae
845 1539 1010 1584 scriptae
1045 1537 1219 1570 videntur
1248 1536 1373 1570 statim
1409 1537 1550 1568 Catone

74 1590 269 1627 absoluto,
297 1599 327 1620 a.
354 1600 394 1624 u.
421 1598 452 1620 c.
479 1588 560 1622 708.
585 1597 710 1619 mense
735 1585 892 1629 Sextili,
931 1598 1005 1631 quo
1031 1592 1204 1631 tempore
1227 1585 1362 1618 Cicero
1385 1583 1422 1616 in
1450 1583 1549 1616 villis

75 1644 166 1671 erat.
192 1635 300 1670 SCH.
327 1654 368 1659 —
395 1645 512 1677 cesso,
538 1633 603 1667 ich
629 1635 727 1679 gehe
750 1635 908 1679 miissig.
930 1653 973 1659 —
1000 1638 1168 1675 monstr.‚
1194 1634 1254 1666 Du
1279 1633 1383 1666 wirst
1408 1633 1461 1665 sie
1487 1643 1550 1664 zu-

75 1685 184 1719 recht
201 1684 344 1717 weisen.
367 1701 407 1707 —
434 1683 669 1726 interpositio
685 1696 733 1713 τ·-
758 1683 857 1728 quod
877 1689 933 1716 est
955 1682 1123 1716 additum
1139 1688 1176 1715 et
1195 1682 1376 1715 insertum
1395 1680 1550 1723 scripto,

75 1735 160 1768 eine
185 1731 430 1776 eingeriickte
455 1730 580 1767 Stelle.
611 1750 653 1755 —
680 1730 883 1773 defficilior
905 1731 1018 1764 lectu.
1070 1730 1202 1763 Cicero
1240 1730 1277 1762 in
1310 1728 1550 1774 autographo

75 1793 140 1815 suo
165 1781 289 1814 locum
314 1779 472 1824 reliquis
497 1779 572 1812 iam
597 1779 748 1824 scriptis
784 1779 1060 1823 interposuerat
1090 1778 1211 1811 literis
1243 1778 1298 1811 ita
1329 1775 1551 1809 minusculis

76 1836 112 1863 et
138 1828 325 1874 perplexis
349 1827 550 1872 scriptum,
583 1834 623 1860 ut
655 1828 733 1873 ipse
766 1828 826 1860 vix
849 1827 959 1860 illum
985 1828 1108 1870 legere
1133 1832 1266 1872 posset.
1292 1824 1398 1861 SCH.
1435 1843 1476 1848 —
1510 1824 1553 1856 de

77 1878 203 1921 quadr.
231 1877 335 1915 Cam,
380 1876 595 1919 intelligunt
630 1876 676 1909 de
712 1875 922 1909 constantia
957 1875 1107 1908 Catonis
1134 1873 1339 1915 Uticensis,
1378 1873 1482 1905 cuius
1507 1871 1552 1903 de

76 1926 248 1959 laudibus
277 1924 410 1958 Cicero
435 1925 658 1968 scripserat,
684 1923 793 1968 pueri
820 1923 1019 1969 quadrimi,
1047 1934 1160 1968 quum
1186 1922 1232 1955 de
1258 1922 1422 1954 fenestra
1444 1931 1553 1965 prae-

78 1974 238 2018 cipitare
261 1973 498 2006 minarentur
522 1983 588 2017 per
613 1973 759 2013 iocum,
787 1971 827 2004 ni
852 1973 1112 2016 promitteret,
1140 1970 1239 2016 quod
1264 1969 1414 2010 vellent,
1440 1979 1555 2013 quum

79 2023 142 2055 ille
169 2027 338 2066 negasset
368 2031 405 2053 se
435 2021 647 2063 facturum3
679 2020 756 2065 ipse
785 2025 910 2053 autem
942 2026 1110 2053 maneret
1143 2020 1182 2052 in
1211 2017 1409 2051 sententia.
1436 2016 1555 2051 ERN.

78 2070 164 2106 Vid.
192 2068 381 2103 Plutarch.
411 2069 452 2101 in
487 2069 561 2101 Vit.
599 2070 732 2103 Caton.
762 2087 805 2092 —
839 2067 896 2101 De
930 2067 1095 2102 triclinio
1126 2078 1233 2107 cura,
1265 2069 1307 2099 ut
1329 2064 1456 2109 facis,
1492 2064 1558 2097 auf

79 2118 140 2151 die
164 2118 342 2151 Arbeiten
369 2117 422 2150 im
448 2117 674 2162 Speisesaale
708 2117 810 2150 wirst
841 2117 902 2149 Du
933 2117 1031 2149 nach
1068 2115 1208 2148 Deiner
1240 2113 1428 2150 loblichen
1464 2112 1557 2146 Sitte

79 2166 296 2200 sortfahren
323 2164 382 2198 ein
407 2164 511 2210 Auge
536 2176 579 2198 zu
603 2165 741 2201 haben.
779 2185 821 2190 —
862 2164 987 2198 Tertia
1013 2163 1142 2198 aderit.
1190 2164 1327 2196 Putant
1358 2161 1462 2195 Bruti
1497 2172 1556 2193 so-

78 2225 226 2256 rorem,
263 2215 304 2247 C.
337 2213 455 2246 Cassii
487 2223 662 2253 uxorem,
702 2212 890 2258 intelligi,
926 2224 1036 2258 quam
1069 2211 1115 2243 ad
1149 2210 1360 2244 convivium
1392 2210 1557 2242 futuram

81 2263 192 2296 dicat.
225 2261 459 2296 ERNESTI.
516 2260 803 2306 Intelligendum
842 2261 889 2293 de
926 2262 1036 2294 tertia
1079 2260 1176 2293 dotis
1207 2258 1402 2304 pensione,
1447 2268 1556 2302 quam

80 2310 276 2345 Dolabella
302 2309 470 2343 debebat.
529 2310 663 2342 Sensus
686 2309 804 2353 igitur
836 2316 909 2341 est:
950 2309 1006 2343 Ad
1041 2307 1250 2341 triclinium
1283 2305 1557 2339 aedificandum

81 2365 121 2390 et
152 2357 405 2392 exornandum
448 2364 599 2402 praesto
640 2357 713 2390 erit
753 2357 868 2390 tertia
904 2357 1120 2390 Dolabellae
1158 2355 1304 2401 pensio,
1344 2354 1416 2386 nisi
1457 2353 1558 2386 forte

83 2407 233 2440 Publius
258 2412 406 2450 rogatus
431 2407 478 2438 sit
504 2413 544 2439 ut
569 2404 665 2438 mihi
692 2405 828 2446 solvat,
856 2405 917 2437 cui
944 2407 1021 2451 ipse
1049 2404 1183 2439 debeo.
1233 2404 1290 2436 De
1305 2401 1476 2434 convivio
1498 2400 1558 2434 vix

84 2455 209 2499 accipi
233 2460 380 2500 potest;
421 2455 555 2489 Cicero
582 2454 684 2487 enim
709 2453 842 2487 absens
879 2461 970 2487 erat.
997 2453 1107 2488 SCH.
1160 2453 1215 2486 De
1247 2450 1383 2485 Publio
1416 2449 1487 2486 vid.
1515 2448 1560 2481 ad

83 2503 213 2535 Famil.
239 2503 340 2541 XVI,
365 2503 421 2536 22.

177 2552 210 2585 2.
250 2549 442 2583 Billienus.
493 2551 640 2595 Nempe
685 2549 877 2585 Ciceronis
916 2549 1072 2583 libertus
1113 2548 1311 2582 dicebatur
1350 2544 1562 2578 Demetrius

86 2598 293 2639 Bellienus,
323 2597 477 2641 opinor3
504 2598 540 2631 id
567 2609 704 2632 nomen
733 2599 865 2632 Cicero
893 2604 1012 2631 mutat
1046 2597 1115 2631 levi
1147 2596 1398 2641 παρονομασίᾳ
1424 2593 1460 2625 in
1495 2593 1560 2626 Bi-

86 2647 220 2685 lienus,
264 2645 309 2680 ad
344 2645 523 2679 malitiam
556 2647 719 2680 hominis
750 2646 1092 2695 perstringendam:
1131 2655 1202 2677 non
1234 2642 1449 2684 Phalereus,
1484 2651 1558 2673 non

87 2694 217 2727 doctus
244 2700 280 2726 et
306 2693 484 2737 prudens,
519 2701 559 2728 ut
592 2695 654 2728 ille
688 2696 901 2728 Demetrius
934 2695 1138 2727 Phalereus
1170 2689 1418 2726 Atheniensis.
1450 2688 1561 2722 ERN.

87 2743 146 2775 Sic
173 2742 254 2777 Md.
281 2742 396 2786 Neap.
423 2741 505 2775 Asc.
533 2746 565 2777 l.
594 2743 688 2777 Vict.
716 2745 748 2779 2.
775 2744 902 2777 Lamb.
932 2743 1097 2776 Bilz'enus
1123 2740 1223 2775 Crat.
1245 2738 1342 2771 Vict.
1373 2740 1401 2772 l.
1423 2737 1561 2771 Graev.

156 2821 213 2847 Cic.
239 2821 340 2848 Briese
372 2831 399 2847 v.
422 2821 543 2849 Billerb.
568 2822 615 2849 IV.
1137 2795 1163 2833 2
