<?xml version="1.0" encoding="UTF-8"?>
<!DOCTYPE html PUBLIC "-//W3C//DTD XHTML 1.0 Transitional//EN"
    "http://www.w3.org/TR/xhtml1/DTD/xhtml1-transitional.dtd">
<html xmlns="http://www.w3.org/1999/xhtml" xml:lang="en" lang="en">
 <head>
  <title>
</title>
<meta http-equiv="Content-Type" content="text/html;charset=utf-8" />
  <meta name='ocr-system' content='tesseract 3.04.00' />
  <meta name='ocr-capabilities' content='ocr_page ocr_carea ocr_par ocr_line ocrx_word'/>
</head>
<body>
  <div class='ocr_page' id='page_1' title='image "./epistolaeadattic04ciceuoft_0055.png"; bbox 0 0 1795 3086; ppageno 0'>
   <div class='ocr_carea' id='block_1_1' title="bbox 0 0 15 1732">
    <p class='ocr_par' dir='ltr' id='par_1_1' title="bbox 0 0 15 1732">
     <span class='ocr_line' id='line_1_1' title="bbox 0 0 15 1732; baseline 0 0"><span class='ocrx_word' id='word_1_1' title='bbox 0 0 15 1732; x_wconf 95' lang='lat' dir='ltr'> </span> 
     </span>
    </p>
   </div>
   <div class='ocr_carea' id='block_1_2' title="bbox 19 2490 27 3052">
    <p class='ocr_par' dir='ltr' id='par_1_2' title="bbox 19 2490 27 3052">
     <span class='ocr_line' id='line_1_2' title="bbox 19 2490 27 3052; baseline 0 0"><span class='ocrx_word' id='word_1_2' title='bbox 19 2490 27 3052; x_wconf 95' lang='lat' dir='ltr'> </span> 
     </span>
    </p>
   </div>
   <div class='ocr_carea' id='block_1_3' title="bbox 496 94 1585 143">
    <p class='ocr_par' dir='ltr' id='par_1_3' title="bbox 496 94 1585 143">
     <span class='ocr_line' id='line_1_3' title="bbox 496 94 1585 143; baseline -0.001 -1"><span class='ocrx_word' id='word_1_3' title='bbox 496 97 811 142; x_wconf 87' lang='lat' dir='ltr'>EPISTOLA</span> <span class='ocrx_word' id='word_1_4' title='bbox 844 98 1214 143; x_wconf 68' lang='lat' dir='ltr'><strong>DCLXXXVL</strong></span> <span class='ocrx_word' id='word_1_5' title='bbox 1523 94 1585 142; x_wconf 72' lang='lat'>45</span> 
     </span>
    </p>
   </div>
   <div class='ocr_carea' id='block_1_4' title="bbox 99 209 1590 1327">
    <p class='ocr_par' dir='ltr' id='par_1_4' title="bbox 99 209 1589 1327">
     <span class='ocr_line' id='line_1_4' title="bbox 102 209 1582 265; baseline -0.001 -14"><span class='ocrx_word' id='word_1_6' title='bbox 102 212 207 253; x_wconf 72' lang='lat' dir='ltr'>«lum</span> <span class='ocrx_word' id='word_1_7' title='bbox 237 224 294 252; x_wconf 81' lang='lat' dir='ltr'>ex</span> <span class='ocrx_word' id='word_1_8' title='bbox 326 210 477 262; x_wconf 83' lang='lat' dir='ltr'>Italia,</span> <span class='ocrx_word' id='word_1_9' title='bbox 520 209 801 265; x_wconf 76' lang='lat' dir='ltr'>niigiandum</span> <span class='ocrx_word' id='word_1_10' title='bbox 831 209 1043 253; x_wconf 86' lang='lat' dir='ltr'>Rhodum</span> <span class='ocrx_word' id='word_1_11' title='bbox 1074 216 1149 254; x_wconf 86' lang='lat' dir='ltr'>aut</span> <span class='ocrx_word' id='word_1_12' title='bbox 1179 211 1332 265; x_wconf 83' lang='lat' dir='ltr'>aliquo</span> <span class='ocrx_word' id='word_1_13' title='bbox 1362 212 1582 251; x_wconf 70' lang='lat' dir='ltr'>tetrarum</span> 
     </span>
     <span class='ocr_line' id='line_1_5' title="bbox 102 264 1583 313; baseline -0.002 -4.998"><span class='ocrx_word' id='word_1_14' title='bbox 102 267 312 309; x_wconf 28' lang='lat' dir='ltr'>arbitlffor</span> <span class='ocrx_word' id='word_1_15' title='bbox 371 266 421 307; x_wconf 90' lang='lat' dir='ltr'>Si</span> <span class='ocrx_word' id='word_1_16' title='bbox 449 266 612 307; x_wconf 86' lang='lat' dir='ltr'>melior</span> <span class='ocrx_word' id='word_1_17' title='bbox 640 279 767 307; x_wconf 84' lang='lat' dir='ltr'>casus</span> <span class='ocrx_word' id='word_1_18' title='bbox 798 264 950 313; x_wconf 86' lang='lat' dir='ltr'>fuerit,</span> <span class='ocrx_word' id='word_1_19' title='bbox 980 273 1258 309; x_wconf 36' lang='lat' dir='ltr'>lwevcltemul&#39;</span> <span class='ocrx_word' id='word_1_20' title='bbox 1286 264 1500 307; x_wconf 80' lang='lat' dir='ltr'>Romam:</span> <span class='ocrx_word' id='word_1_21' title='bbox 1541 266 1583 306; x_wconf 88' lang='lat' dir='ltr'>si</span> 
     </span>
     <span class='ocr_line' id='line_1_6' title="bbox 101 321 1586 376; baseline -0.001 -12"><span class='ocrx_word' id='word_1_22' title='bbox 101 323 358 367; x_wconf 80' lang='lat' dir='ltr'>mediocris,</span> <span class='ocrx_word' id='word_1_23' title='bbox 387 324 433 362; x_wconf 90' lang='lat' dir='ltr'>in</span> <span class='ocrx_word' id='word_1_24' title='bbox 464 322 631 363; x_wconf 82' lang='lat' dir='ltr'>exsilio</span> <span class='ocrx_word' id='word_1_25' title='bbox 659 322 887 364; x_wconf 85' lang='lat' dir='ltr'>vivemus·</span> <span class='ocrx_word' id='word_1_26' title='bbox 925 323 964 362; x_wconf 89' lang='lat' dir='ltr'>si</span> <span class='ocrx_word' id='word_1_27' title='bbox 994 324 1226 376; x_wconf 77' lang='lat' dir='ltr'>pessimus,</span> <span class='ocrx_word' id='word_1_28' title='bbox 1256 322 1313 364; x_wconf 87' lang='lat' dir='ltr'>ad</span> <span class='ocrx_word' id='word_1_29' title='bbox 1342 321 1586 364; x_wconf 83' lang='lat' dir='ltr'>novissima</span> 
     </span>
     <span class='ocr_line' id='line_1_7' title="bbox 103 376 1584 420; baseline -0.002 -1"><span class='ocrx_word' id='word_1_30' title='bbox 103 380 272 420; x_wconf 81' lang='lat' dir='ltr'>auxilia</span> <span class='ocrx_word' id='word_1_31' title='bbox 301 378 633 419; x_wconf 78' lang='lat' dir='ltr'>descendemus.</span> <span class='ocrx_word' id='word_1_32' title='bbox 693 376 936 418; x_wconf 85' lang='lat' dir='ltr'>Succurret</span> <span class='ocrx_word' id='word_1_33' title='bbox 965 376 1155 419; x_wconf 86' lang='lat' dir='ltr'>fortasse</span> <span class='ocrx_word' id='word_1_34' title='bbox 1194 379 1284 420; x_wconf 88' lang='lat' dir='ltr'>hoc</span> <span class='ocrx_word' id='word_1_35' title='bbox 1312 379 1415 418; x_wconf 88' lang='lat' dir='ltr'>loco</span> <span class='ocrx_word' id='word_1_36' title='bbox 1447 376 1584 417; x_wconf 85' lang='lat' dir='ltr'>alicui</span> 
     </span>
     <span class='ocr_line' id='line_1_8' title="bbox 103 433 1586 488; baseline -0.001 -12"><span class='ocrx_word' id='word_1_37' title='bbox 103 435 324 478; x_wconf 23' lang='lat' dir='ltr'>vestium</span> <span class='ocrx_word' id='word_1_38' title='bbox 374 447 455 474; x_wconf 80' lang='lat' dir='ltr'>cui</span> <span class='ocrx_word' id='word_1_39' title='bbox 503 433 797 475; x_wconf 70' lang='lat' dir='ltr'>novissimum</span> <span class='ocrx_word' id='word_1_40' title='bbox 839 436 1013 486; x_wconf 87' lang='lat' dir='ltr'>tempus</span> <span class='ocrx_word' id='word_1_41' title='bbox 1061 440 1372 488; x_wconf 74' lang='lat' dir='ltr'>exspectemus</span> <span class='ocrx_word' id='word_1_42' title='bbox 1419 434 1586 488; x_wconf 81' lang='lat' dir='ltr'>potius,</span> 
     </span>
     <span class='ocr_line' id='line_1_9' title="bbox 102 488 1584 546; baseline -0.002 -14"><span class='ocrx_word' id='word_1_43' title='bbox 102 505 232 546; x_wconf 85' lang='lat' dir='ltr'>quam</span> <span class='ocrx_word' id='word_1_44' title='bbox 282 503 399 530; x_wconf 89' lang='lat' dir='ltr'>nunc</span> <span class='ocrx_word' id='word_1_45' title='bbox 451 489 624 543; x_wconf 86' lang='lat' dir='ltr'>aliquid</span> <span class='ocrx_word' id='word_1_46' title='bbox 669 488 934 530; x_wconf 71' lang='lat' dir='ltr'>moliamur?</span> <span class='ocrx_word' id='word_1_47' title='bbox 1001 488 1124 539; x_wconf 83' lang='lat' dir='ltr'>Quia</span> <span class='ocrx_word' id='word_1_48' title='bbox 1174 491 1249 529; x_wconf 87' lang='lat' dir='ltr'>ubi</span> <span class='ocrx_word' id='word_1_49' title='bbox 1289 490 1584 531; x_wconf 78' lang='lat' dir='ltr'>consistamus</span> 
     </span>
     <span class='ocr_line' id='line_1_10' title="bbox 102 543 1584 609; baseline -0.002 -22"><span class='ocrx_word' id='word_1_50' title='bbox 102 562 190 588; x_wconf 85' lang='lat' dir='ltr'>non</span> <span class='ocrx_word' id='word_1_51' title='bbox 220 546 433 586; x_wconf 84' lang='lat' dir='ltr'>habemus</span> <span class='ocrx_word' id='word_1_52' title='bbox 463 550 642 600; x_wconf 82' lang='lat' dir='ltr'>praetel</span> <span class='ocrx_word' id='word_1_53' title='bbox 671 545 779 586; x_wconf 83' lang='lat' dir='ltr'>Sex.</span> <span class='ocrx_word' id='word_1_54' title='bbox 812 544 1078 609; x_wconf 83' lang='lat' dir='ltr'>Pompeium</span> <span class='ocrx_word' id='word_1_55' title='bbox 1115 548 1160 585; x_wconf 88' lang='lat' dir='ltr'>et</span> <span class='ocrx_word' id='word_1_56' title='bbox 1198 543 1386 586; x_wconf 81' lang='lat' dir='ltr'>Bassum</span> <span class='ocrx_word' id='word_1_57' title='bbox 1425 545 1584 586; x_wconf 83' lang='lat' dir='ltr'>Caeci-</span> 
     </span>
     <span class='ocr_line' id='line_1_11' title="bbox 103 600 1586 656; baseline -0.001 -13"><span class='ocrx_word' id='word_1_58' title='bbox 103 604 238 644; x_wconf 85' lang='lat' dir='ltr'>lium:</span> <span class='ocrx_word' id='word_1_59' title='bbox 278 602 355 656; x_wconf 84' lang='lat' dir='ltr'>qui</span> <span class='ocrx_word' id='word_1_60' title='bbox 394 600 508 642; x_wconf 89' lang='lat' dir='ltr'>mihi</span> <span class='ocrx_word' id='word_1_61' title='bbox 549 600 774 647; x_wconf 79' lang='lat' dir='ltr'>videntur,</span> <span class='ocrx_word' id='word_1_62' title='bbox 815 600 904 642; x_wconf 90' lang='lat' dir='ltr'>hoc</span> <span class='ocrx_word' id='word_1_63' title='bbox 932 602 1090 642; x_wconf 89' lang='lat' dir='ltr'>nuntio</span> <span class='ocrx_word' id='word_1_64' title='bbox 1120 600 1176 641; x_wconf 88' lang='lat' dir='ltr'>de</span> <span class='ocrx_word' id='word_1_65' title='bbox 1207 600 1399 641; x_wconf 78' lang='lat' dir='ltr'>Caesaie</span> <span class='ocrx_word' id='word_1_66' title='bbox 1428 602 1586 651; x_wconf 75' lang='lat' dir='ltr'>allate,</span> 
     </span>
     <span class='ocr_line' id='line_1_12' title="bbox 103 655 1588 711; baseline -0.001 -12"><span class='ocrx_word' id='word_1_67' title='bbox 103 658 326 699; x_wconf 77' lang='lat' dir='ltr'>fiiniiores</span> <span class='ocrx_word' id='word_1_68' title='bbox 357 655 511 697; x_wconf 89' lang='lat' dir='ltr'>futuri.</span> <span class='ocrx_word' id='word_1_69' title='bbox 570 656 689 697; x_wconf 84' lang='lat' dir='ltr'>Satis</span> <span class='ocrx_word' id='word_1_70' title='bbox 731 661 930 711; x_wconf 86' lang='lat' dir='ltr'>tempore</span> <span class='ocrx_word' id='word_1_71' title='bbox 969 657 1026 698; x_wconf 87' lang='lat' dir='ltr'>ad</span> <span class='ocrx_word' id='word_1_72' title='bbox 1070 669 1145 697; x_wconf 85' lang='lat' dir='ltr'>eos</span> <span class='ocrx_word' id='word_1_73' title='bbox 1177 656 1456 708; x_wconf 79' lang='lat' dir='ltr'>accedemus,</span> <span class='ocrx_word' id='word_1_74' title='bbox 1494 656 1588 708; x_wconf 80' lang='lat' dir='ltr'>ubi,</span> 
     </span>
     <span class='ocr_line' id='line_1_13' title="bbox 102 711 1585 768; baseline -0.001 -14"><span class='ocrx_word' id='word_1_75' title='bbox 102 715 211 768; x_wconf 89' lang='lat' dir='ltr'>quid</span> <span class='ocrx_word' id='word_1_76' title='bbox 241 714 433 759; x_wconf 54' lang='lat' dir='ltr'>valeant,</span> <span class='ocrx_word' id='word_1_77' title='bbox 462 712 712 753; x_wconf 83' lang='lat' dir='ltr'>scierimus.</span> <span class='ocrx_word' id='word_1_78' title='bbox 771 712 866 753; x_wconf 88' lang='lat' dir='ltr'>Pro</span> <span class='ocrx_word' id='word_1_79' title='bbox 906 712 1064 753; x_wconf 85' lang='lat' dir='ltr'>Cassio</span> <span class='ocrx_word' id='word_1_80' title='bbox 1105 715 1150 752; x_wconf 86' lang='lat' dir='ltr'>et</span> <span class='ocrx_word' id='word_1_81' title='bbox 1188 716 1247 759; x_wconf 86' lang='lat' dir='ltr'>te,</span> <span class='ocrx_word' id='word_1_82' title='bbox 1286 711 1327 752; x_wconf 90' lang='lat' dir='ltr'>si</span> <span class='ocrx_word' id='word_1_83' title='bbox 1367 712 1478 766; x_wconf 85' lang='lat' dir='ltr'>quid</span> <span class='ocrx_word' id='word_1_84' title='bbox 1516 725 1585 752; x_wconf 85' lang='lat' dir='ltr'>me</span> 
     </span>
     <span class='ocr_line' id='line_1_14' title="bbox 101 767 1586 822; baseline -0.001 -11"><span class='ocrx_word' id='word_1_85' title='bbox 101 770 256 812; x_wconf 72' lang='lat' dir='ltr'>velitis</span> <span class='ocrx_word' id='word_1_86' title='bbox 297 768 515 822; x_wconf 76' lang='lat' dir='ltr'>recipere,</span> <span class='ocrx_word' id='word_1_87' title='bbox 557 768 788 822; x_wconf 81' lang='lat' dir='ltr'>recipiam.</span> <span class='ocrx_word' id='word_1_88' title='bbox 861 769 1074 810; x_wconf 80' lang='lat' dir='ltr'>Postulat</span> <span class='ocrx_word' id='word_1_89' title='bbox 1113 768 1231 808; x_wconf 85' lang='lat' dir='ltr'>enim</span> <span class='ocrx_word' id='word_1_90' title='bbox 1271 767 1361 808; x_wconf 90' lang='lat' dir='ltr'>hoc</span> <span class='ocrx_word' id='word_1_91' title='bbox 1391 768 1586 819; x_wconf 70' lang='lat' dir='ltr'>Hirtius⁷</span> 
     </span>
     <span class='ocr_line' id='line_1_15' title="bbox 102 823 1585 879; baseline -0.002 -12"><span class='ocrx_word' id='word_1_92' title='bbox 102 831 150 867; x_wconf 89' lang='lat' dir='ltr'>ut</span> <span class='ocrx_word' id='word_1_93' title='bbox 191 825 368 866; x_wconf 84' lang='lat' dir='ltr'>faciam.</span> <span class='ocrx_word' id='word_1_94' title='bbox 435 824 567 879; x_wconf 80' lang='lat' dir='ltr'>Rogo</span> <span class='ocrx_word' id='word_1_95' title='bbox 607 838 702 869; x_wconf 81' lang='lat' dir='ltr'>vos,</span> <span class='ocrx_word' id='word_1_96' title='bbox 744 838 876 878; x_wconf 83' lang='lat' dir='ltr'>quam</span> <span class='ocrx_word' id='word_1_97' title='bbox 915 824 1108 878; x_wconf 89' lang='lat' dir='ltr'>primum</span> <span class='ocrx_word' id='word_1_98' title='bbox 1146 823 1260 864; x_wconf 89' lang='lat' dir='ltr'>mihi</span> <span class='ocrx_word' id='word_1_99' title='bbox 1302 824 1585 864; x_wconf 36' lang='lat' dir='ltr'>1NJesc1ibatis2</span> 
     </span>
     <span class='ocr_line' id='line_1_16' title="bbox 101 878 1588 934; baseline -0.002 -12"><span class='ocrx_word' id='word_1_100' title='bbox 101 896 203 922; x_wconf 85' lang='lat' dir='ltr'>nam</span> <span class='ocrx_word' id='word_1_101' title='bbox 231 895 318 921; x_wconf 87' lang='lat' dir='ltr'>non</span> <span class='ocrx_word' id='word_1_102' title='bbox 349 880 520 932; x_wconf 76' lang='lat' dir='ltr'>dubito,</span> <span class='ocrx_word' id='word_1_103' title='bbox 558 880 666 934; x_wconf 90' lang='lat' dir='ltr'>quin</span> <span class='ocrx_word' id='word_1_104' title='bbox 696 878 770 921; x_wconf 89' lang='lat' dir='ltr'>his</span> <span class='ocrx_word' id='word_1_105' title='bbox 810 880 867 920; x_wconf 85' lang='lat' dir='ltr'>de</span> <span class='ocrx_word' id='word_1_106' title='bbox 898 881 1031 921; x_wconf 83' lang='lat' dir='ltr'>rebus</span> <span class='ocrx_word' id='word_1_107' title='bbox 1062 885 1163 920; x_wconf 79' lang='lat' dir='ltr'>ante</span> <span class='ocrx_word' id='word_1_108' title='bbox 1193 879 1353 920; x_wconf 82' lang='lat' dir='ltr'>horam</span> <span class='ocrx_word' id='word_1_109' title='bbox 1383 883 1588 934; x_wconf 77' lang='lat' dir='ltr'>quartam</span> 
     </span>
     <span class='ocr_line' id='line_1_17' title="bbox 102 935 1586 999; baseline -0.002 -21"><span class='ocrx_word' id='word_1_110' title='bbox 102 937 282 978; x_wconf 83' lang='lat' dir='ltr'>Hi1tius</span> <span class='ocrx_word' id='word_1_111' title='bbox 313 936 549 977; x_wconf 79' lang='lat' dir='ltr'>cer-timem</span> <span class='ocrx_word' id='word_1_112' title='bbox 580 949 650 976; x_wconf 87' lang='lat' dir='ltr'>mc</span> <span class='ocrx_word' id='word_1_113' title='bbox 679 935 740 976; x_wconf 86' lang='lat' dir='ltr'>sit</span> <span class='ocrx_word' id='word_1_114' title='bbox 768 935 985 977; x_wconf 83' lang='lat' dir='ltr'>facturus.</span> <span class='ocrx_word' id='word_1_115' title='bbox 1046 935 1191 999; x_wconf 86' lang='lat' dir='ltr'>Quem</span> <span class='ocrx_word' id='word_1_116' title='bbox 1221 936 1269 976; x_wconf 89' lang='lat' dir='ltr'>in</span> <span class='ocrx_word' id='word_1_117' title='bbox 1300 936 1450 977; x_wconf 91' lang='lat' dir='ltr'>locum</span> <span class='ocrx_word' id='word_1_118' title='bbox 1481 949 1586 976; x_wconf 90' lang='lat' dir='ltr'>con-</span> 
     </span>
     <span class='ocr_line' id='line_1_18' title="bbox 101 991 1589 1046; baseline -0.002 -11"><span class='ocrx_word' id='word_1_119' title='bbox 101 993 254 1035; x_wconf 83' lang='lat' dir='ltr'>venire</span> <span class='ocrx_word' id='word_1_120' title='bbox 284 993 518 1046; x_wconf 87' lang='lat' dir='ltr'>possimus,</span> <span class='ocrx_word' id='word_1_121' title='bbox 556 1004 644 1045; x_wconf 90' lang='lat' dir='ltr'>quo</span> <span class='ocrx_word' id='word_1_122' title='bbox 673 1004 744 1032; x_wconf 87' lang='lat' dir='ltr'>me</span> <span class='ocrx_word' id='word_1_123' title='bbox 773 992 928 1033; x_wconf 82' lang='lat' dir='ltr'>velitis</span> <span class='ocrx_word' id='word_1_124' title='bbox 957 991 1129 1043; x_wconf 78' lang='lat' dir='ltr'>venire,</span> <span class='ocrx_word' id='word_1_125' title='bbox 1169 992 1417 1033; x_wconf 30' lang='lat' dir='ltr'>weselibite.</span> <span class='ocrx_word' id='word_1_126' title='bbox 1475 991 1589 1032; x_wconf 85' lang='lat' dir='ltr'>Post</span> 
     </span>
     <span class='ocr_line' id='line_1_19' title="bbox 102 1047 1590 1110; baseline -0.001 -20"><span class='ocrx_word' id='word_1_127' title='bbox 102 1048 391 1090; x_wconf 88' lang='lat' dir='ltr'>novissimum</span> <span class='ocrx_word' id='word_1_128' title='bbox 422 1047 568 1088; x_wconf 91' lang='lat' dir='ltr'>Hirtii</span> <span class='ocrx_word' id='word_1_129' title='bbox 598 1060 849 1089; x_wconf 87' lang='lat' dir='ltr'>sermonem</span> <span class='ocrx_word' id='word_1_130' title='bbox 878 1048 1094 1102; x_wconf 84' lang='lat' dir='ltr'>placitum</span> <span class='ocrx_word' id='word_1_131' title='bbox 1125 1052 1194 1088; x_wconf 87' lang='lat' dir='ltr'>est</span> <span class='ocrx_word' id='word_1_132' title='bbox 1211 1047 1327 1087; x_wconf 88' lang='lat' dir='ltr'>mihi</span> <span class='ocrx_word' id='word_1_133' title='bbox 1347 1047 1590 1110; x_wconf 71' lang='lat' dir='ltr'>postulare,</span> 
     </span>
     <span class='ocr_line' id='line_1_20' title="bbox 100 1101 1587 1167; baseline -0.001 -22"><span class='ocrx_word' id='word_1_134' title='bbox 100 1110 148 1146; x_wconf 90' lang='lat' dir='ltr'>ut</span> <span class='ocrx_word' id='word_1_135' title='bbox 176 1105 335 1145; x_wconf 82' lang='lat' dir='ltr'>liceiet</span> <span class='ocrx_word' id='word_1_136' title='bbox 363 1104 491 1144; x_wconf 86' lang='lat' dir='ltr'>nobis</span> <span class='ocrx_word' id='word_1_137' title='bbox 520 1116 618 1144; x_wconf 85' lang='lat' dir='ltr'>esse</span> <span class='ocrx_word' id='word_1_138' title='bbox 648 1101 820 1145; x_wconf 78' lang='lat' dir='ltr'>Romae</span> <span class='ocrx_word' id='word_1_139' title='bbox 858 1105 1041 1158; x_wconf 90' lang='lat' dir='ltr'>publico</span> <span class='ocrx_word' id='word_1_140' title='bbox 1081 1103 1331 1167; x_wconf 79' lang='lat' dir='ltr'>praesidio:</span> <span class='ocrx_word' id='word_1_141' title='bbox 1370 1103 1490 1159; x_wconf 89' lang='lat' dir='ltr'>quod</span> <span class='ocrx_word' id='word_1_142' title='bbox 1531 1102 1587 1144; x_wconf 77' lang='lat' dir='ltr'>il-</span> 
     </span>
     <span class='ocr_line' id='line_1_21' title="bbox 101 1159 1588 1214; baseline -0.002 -12"><span class='ocrx_word' id='word_1_143' title='bbox 101 1161 170 1202; x_wconf 88' lang='lat' dir='ltr'>los</span> <span class='ocrx_word' id='word_1_144' title='bbox 199 1160 327 1202; x_wconf 86' lang='lat' dir='ltr'>nobis</span> <span class='ocrx_word' id='word_1_145' title='bbox 357 1171 648 1201; x_wconf 86' lang='lat' dir='ltr'>concessuros</span> <span class='ocrx_word' id='word_1_146' title='bbox 688 1172 776 1200; x_wconf 91' lang='lat' dir='ltr'>non</span> <span class='ocrx_word' id='word_1_147' title='bbox 806 1163 938 1214; x_wconf 88' lang='lat' dir='ltr'>puto.-</span> <span class='ocrx_word' id='word_1_148' title='bbox 975 1172 1182 1214; x_wconf 81' lang='lat' dir='ltr'>magnam</span> <span class='ocrx_word' id='word_1_149' title='bbox 1221 1160 1338 1200; x_wconf 90' lang='lat' dir='ltr'>enim</span> <span class='ocrx_word' id='word_1_150' title='bbox 1368 1159 1588 1200; x_wconf 85' lang='lat' dir='ltr'>invidiam</span> 
     </span>
     <span class='ocr_line' id='line_1_22' title="bbox 99 1214 1587 1271; baseline -0.001 -15"><span class='ocrx_word' id='word_1_151' title='bbox 99 1216 158 1258; x_wconf 91' lang='lat' dir='ltr'>iis</span> <span class='ocrx_word' id='word_1_152' title='bbox 189 1215 418 1257; x_wconf 86' lang='lat' dir='ltr'>faciemus.</span> <span class='ocrx_word' id='word_1_153' title='bbox 474 1214 609 1256; x_wconf 87' lang='lat' dir='ltr'>Nihil</span> <span class='ocrx_word' id='word_1_154' title='bbox 641 1219 788 1256; x_wconf 82' lang='lat' dir='ltr'>tamen</span> <span class='ocrx_word' id='word_1_155' title='bbox 817 1229 904 1258; x_wconf 90' lang='lat' dir='ltr'>non</span> <span class='ocrx_word' id='word_1_156' title='bbox 926 1215 1245 1271; x_wconf 84' lang='lat' dir='ltr'>postulandum</span> <span class='ocrx_word' id='word_1_157' title='bbox 1265 1216 1435 1270; x_wconf 81' lang='lat' dir='ltr'>putavi,</span> <span class='ocrx_word' id='word_1_158' title='bbox 1466 1215 1587 1270; x_wconf 90' lang='lat' dir='ltr'>quod</span> 
     </span>
     <span class='ocr_line' id='line_1_23' title="bbox 99 1275 701 1327; baseline -0.005 -14"><span class='ocrx_word' id='word_1_159' title='bbox 99 1285 289 1327; x_wconf 86' lang='lat' dir='ltr'>aequum</span> <span class='ocrx_word' id='word_1_160' title='bbox 318 1284 415 1312; x_wconf 85' lang='lat' dir='ltr'>esse</span> <span class='ocrx_word' id='word_1_161' title='bbox 444 1275 701 1313; x_wconf 84' lang='lat' dir='ltr'>statuerem.</span> 
     </span>
    </p>
   </div>
   <div class='ocr_carea' id='block_1_5' title="bbox 96 1377 1590 2819">
    <p class='ocr_par' dir='ltr' id='par_1_5' title="bbox 97 1377 1590 1703">
     <span class='ocr_line' id='line_1_24' title="bbox 101 1377 1588 1426; baseline -0.001 -13"><span class='ocrx_word' id='word_1_162' title='bbox 101 1378 252 1421; x_wconf 73' lang='lat' dir='ltr'>stenen,</span> <span class='ocrx_word' id='word_1_163' title='bbox 279 1377 364 1412; x_wconf 85' lang='lat' dir='ltr'>dem</span> <span class='ocrx_word' id='word_1_164' title='bbox 390 1377 656 1426; x_wconf 78' lang='lat' dir='ltr'>Augenblicke</span> <span class='ocrx_word' id='word_1_165' title='bbox 683 1377 913 1423; x_wconf 82' lang='lat' dir='ltr'>nachgeben.</span> <span class='ocrx_word' id='word_1_166' title='bbox 949 1397 996 1403; x_wconf 93' lang='lat'>—-</span> <span class='ocrx_word' id='word_1_167' title='bbox 1030 1382 1094 1412; x_wconf 80' lang='lat' dir='ltr'>aut</span> <span class='ocrx_word' id='word_1_168' title='bbox 1120 1378 1245 1425; x_wconf 77' lang='lat' dir='ltr'>aliquo</span> <span class='ocrx_word' id='word_1_169' title='bbox 1272 1383 1468 1417; x_wconf 72' lang='lat' dir='ltr'>tevrartmz,</span> <span class='ocrx_word' id='word_1_170' title='bbox 1496 1377 1588 1412; x_wconf 85' lang='lat' dir='ltr'>oder</span> 
     </span>
     <span class='ocr_line' id='line_1_25' title="bbox 99 1426 1585 1474; baseline -0.002 -13"><span class='ocrx_word' id='word_1_171' title='bbox 99 1427 199 1461; x_wconf 85' lang='lat' dir='ltr'>nach</span> <span class='ocrx_word' id='word_1_172' title='bbox 225 1426 364 1474; x_wconf 84' lang='lat' dir='ltr'>irgend</span> <span class='ocrx_word' id='word_1_173' title='bbox 390 1427 515 1461; x_wconf 86' lang='lat' dir='ltr'>einem</span> <span class='ocrx_word' id='word_1_174' title='bbox 540 1426 684 1459; x_wconf 80' lang='lat' dir='ltr'>andern</span> <span class='ocrx_word' id='word_1_175' title='bbox 700 1426 869 1462; x_wconf 86' lang='lat' dir='ltr'>Winkel</span> <span class='ocrx_word' id='word_1_176' title='bbox 893 1426 961 1460; x_wconf 84' lang='lat' dir='ltr'>der</span> <span class='ocrx_word' id='word_1_177' title='bbox 977 1427 1092 1460; x_wconf 84' lang='lat' dir='ltr'>Erde.</span> <span class='ocrx_word' id='word_1_178' title='bbox 1129 1427 1233 1461; x_wconf 80' lang='lat' dir='ltr'>Uber</span> <span class='ocrx_word' id='word_1_179' title='bbox 1257 1427 1383 1471; x_wconf 75' lang='lat' dir='ltr'>alzquo</span> <span class='ocrx_word' id='word_1_180' title='bbox 1409 1437 1440 1459; x_wconf 88' lang='lat' dir='ltr'>c.</span> <span class='ocrx_word' id='word_1_181' title='bbox 1464 1426 1585 1472; x_wconf 77' lang='lat' dir='ltr'>genit</span> 
     </span>
     <span class='ocr_line' id='line_1_26' title="bbox 100 1473 1588 1517; baseline -0.003 -7"><span class='ocrx_word' id='word_1_182' title='bbox 100 1488 129 1510; x_wconf 86' lang='lat' dir='ltr'>s.</span> <span class='ocrx_word' id='word_1_183' title='bbox 157 1475 310 1510; x_wconf 79' lang='lat' dir='ltr'>Ramsh.</span> <span class='ocrx_word' id='word_1_184' title='bbox 337 1474 364 1516; x_wconf 85' lang='lat'>§.</span> <span class='ocrx_word' id='word_1_185' title='bbox 393 1476 475 1516; x_wconf 86' lang='lat'>115,</span> <span class='ocrx_word' id='word_1_186' title='bbox 501 1475 573 1508; x_wconf 91' lang='lat' dir='ltr'>III.</span> <span class='ocrx_word' id='word_1_187' title='bbox 601 1474 749 1509; x_wconf 81' lang='lat' dir='ltr'>Grotef</span> <span class='ocrx_word' id='word_1_188' title='bbox 776 1474 805 1517; x_wconf 65' lang='grc' dir='ltr'>ξ.</span> <span class='ocrx_word' id='word_1_189' title='bbox 833 1476 913 1511; x_wconf 84' lang='grc'><strong>232.</strong></span> <span class='ocrx_word' id='word_1_190' title='bbox 941 1494 984 1499; x_wconf 89' lang='grc'><strong>-</strong></span> <span class='ocrx_word' id='word_1_191' title='bbox 1012 1475 1054 1509; x_wconf 86' lang='lat' dir='ltr'>Sz&#39;</span> <span class='ocrx_word' id='word_1_192' title='bbox 1078 1476 1160 1509; x_wconf 81' lang='lat' dir='ltr'>mel</span> <span class='ocrx_word' id='word_1_193' title='bbox 1190 1485 1262 1508; x_wconf 77' lang='lat' dir='ltr'>cas</span> <span class='ocrx_word' id='word_1_194' title='bbox 1281 1476 1339 1517; x_wconf 88' lang='lat' dir='ltr'>f.‚</span> <span class='ocrx_word' id='word_1_195' title='bbox 1365 1485 1479 1508; x_wconf 85' lang='lat' dir='ltr'>wenn</span> <span class='ocrx_word' id='word_1_196' title='bbox 1506 1473 1588 1508; x_wconf 89' lang='lat' dir='ltr'>sich</span> 
     </span>
     <span class='ocr_line' id='line_1_27' title="bbox 100 1522 1590 1577; baseline -0.002 -19"><span class='ocrx_word' id='word_1_197' title='bbox 100 1524 163 1558; x_wconf 86' lang='lat' dir='ltr'>ein</span> <span class='ocrx_word' id='word_1_198' title='bbox 178 1524 435 1577; x_wconf 76' lang='lat' dir='ltr'>gunstigerex·</span> <span class='ocrx_word' id='word_1_199' title='bbox 460 1523 592 1556; x_wconf 85' lang='lat' dir='ltr'>Zufall</span> <span class='ocrx_word' id='word_1_200' title='bbox 620 1523 800 1566; x_wconf 77' lang='lat' dir='ltr'>ereignet.</span> <span class='ocrx_word' id='word_1_201' title='bbox 830 1541 873 1546; x_wconf 97' lang='lat'><strong>—</strong></span> <span class='ocrx_word' id='word_1_202' title='bbox 900 1523 1109 1567; x_wconf 64' lang='lat' dir='ltr'>mediocris,</span> <span class='ocrx_word' id='word_1_203' title='bbox 1137 1523 1199 1557; x_wconf 87' lang='lat' dir='ltr'>ein</span> <span class='ocrx_word' id='word_1_204' title='bbox 1225 1522 1445 1557; x_wconf 85' lang='lat' dir='ltr'>leidlicher.</span> <span class='ocrx_word' id='word_1_205' title='bbox 1472 1542 1515 1548; x_wconf 90' lang='lat'>--</span> <span class='ocrx_word' id='word_1_206' title='bbox 1542 1523 1590 1556; x_wconf 80' lang='lat' dir='ltr'>ad</span> 
     </span>
     <span class='ocr_line' id='line_1_28' title="bbox 97 1570 1588 1627; baseline -0.001 -22"><span class='ocrx_word' id='word_1_207' title='bbox 97 1571 296 1616; x_wconf 65' lang='lat' dir='ltr'>novissiyyza</span> <span class='ocrx_word' id='word_1_208' title='bbox 322 1581 418 1613; x_wconf 59' lang='lat' dir='ltr'>aux„</span> <span class='ocrx_word' id='word_1_209' title='bbox 456 1571 502 1603; x_wconf 85' lang='lat' dir='ltr'>ad</span> <span class='ocrx_word' id='word_1_210' title='bbox 527 1581 643 1610; x_wconf 83' lang='lat' dir='ltr'>arma,</span> <span class='ocrx_word' id='word_1_211' title='bbox 677 1571 723 1604; x_wconf 80' lang='lat' dir='ltr'>ad</span> <span class='ocrx_word' id='word_1_212' title='bbox 750 1577 919 1605; x_wconf 81' lang='lat' dir='ltr'>extrema</span> <span class='ocrx_word' id='word_1_213' title='bbox 943 1572 1218 1627; x_wconf 79' lang='lat' dir='ltr'>confugiamus,</span> <span class='ocrx_word' id='word_1_214' title='bbox 1250 1582 1290 1605; x_wconf 85' lang='lat' dir='ltr'>so</span> <span class='ocrx_word' id='word_1_215' title='bbox 1318 1571 1441 1605; x_wconf 80' lang='lat' dir='ltr'>lassen</span> <span class='ocrx_word' id='word_1_216' title='bbox 1464 1570 1570 1606; x_wconf 80' lang='lat' dir='ltr'>Wir’</span> <span class='ocrx_word' id='word_1_217' title='bbox 1572 1583 1588 1604; x_wconf 88' lang='lat' dir='ltr'>s</span> 
     </span>
     <span class='ocr_line' id='line_1_29' title="bbox 98 1610 1588 1666; baseline 0.001 -13"><span class='ocrx_word' id='word_1_218' title='bbox 98 1619 192 1653; x_wconf 71' lang='lat' dir='ltr'>auf&#39;s</span> <span class='ocrx_word' id='word_1_219' title='bbox 229 1610 426 1653; x_wconf 55' lang='lat' dir='ltr'>Russerste</span> <span class='ocrx_word' id='word_1_220' title='bbox 455 1618 699 1654; x_wconf 81' lang='lat' dir='ltr'>ankommen.</span> <span class='ocrx_word' id='word_1_221' title='bbox 751 1619 882 1666; x_wconf 84' lang='lat' dir='ltr'>Vergl.</span> <span class='ocrx_word' id='word_1_222' title='bbox 909 1631 968 1665; x_wconf 85' lang='lat' dir='ltr'>ep.</span> <span class='ocrx_word' id='word_1_223' title='bbox 995 1621 1079 1664; x_wconf 73' lang='grc'>834,</span> <span class='ocrx_word' id='word_1_224' title='bbox 1107 1621 1149 1655; x_wconf 82' lang='lat'>4:</span> <span class='ocrx_word' id='word_1_225' title='bbox 1183 1620 1215 1653; x_wconf 83' lang='lat' dir='ltr'>si</span> <span class='ocrx_word' id='word_1_226' title='bbox 1241 1619 1344 1653; x_wconf 78' lang='lat' dir='ltr'>nihil</span> <span class='ocrx_word' id='word_1_227' title='bbox 1377 1619 1417 1652; x_wconf 87' lang='lat' dir='ltr'>in</span> <span class='ocrx_word' id='word_1_228' title='bbox 1443 1618 1588 1664; x_wconf 79' lang='lat' dir='ltr'>Lepido</span> 
     </span>
     <span class='ocr_line' id='line_1_30' title="bbox 98 1674 170 1703; baseline 0.033 -2"><span class='ocrx_word' id='word_1_229' title='bbox 98 1674 170 1703; x_wconf 82' lang='lat' dir='ltr'>cet.</span> 
     </span>
    </p>

    <p class='ocr_par' dir='ltr' id='par_1_6' title="bbox 97 1714 1588 2244">
     <span class='ocr_line' id='line_1_31' title="bbox 193 1714 1587 1758; baseline -0.001 -8"><span class='ocrx_word' id='word_1_230' title='bbox 193 1714 713 1758; x_wconf 70' lang='lat' dir='ltr'>4.Szcccurret,vie11eicht</span> <span class='ocrx_word' id='word_1_231' title='bbox 744 1715 837 1749; x_wconf 63' lang='lat' dir='ltr'>faint</span> <span class='ocrx_word' id='word_1_232' title='bbox 872 1715 1010 1749; x_wconf 86' lang='lat' dir='ltr'>Einem</span> <span class='ocrx_word' id='word_1_233' title='bbox 1045 1727 1122 1750; x_wconf 88' lang='lat' dir='ltr'>von</span> <span class='ocrx_word' id='word_1_234' title='bbox 1147 1714 1258 1750; x_wconf 88' lang='lat' dir='ltr'>Euch</span> <span class='ocrx_word' id='word_1_235' title='bbox 1283 1714 1373 1749; x_wconf 84' lang='lat' dir='ltr'>hier</span> <span class='ocrx_word' id='word_1_236' title='bbox 1398 1715 1472 1749; x_wconf 88' lang='lat' dir='ltr'>ein.</span> <span class='ocrx_word' id='word_1_237' title='bbox 1523 1715 1587 1749; x_wconf 80' lang='lat' dir='ltr'>Fi-</span> 
     </span>
     <span class='ocr_line' id='line_1_32' title="bbox 99 1760 1586 1811; baseline 0 -14"><span class='ocrx_word' id='word_1_238' title='bbox 99 1775 195 1811; x_wconf 72' lang='lat' dir='ltr'>gum</span> <span class='ocrx_word' id='word_1_239' title='bbox 221 1762 437 1808; x_wconf 85' lang='lat' dir='ltr'>Occupatio.</span> <span class='ocrx_word' id='word_1_240' title='bbox 483 1782 525 1786; x_wconf 92' lang='lat'><strong>—</strong></span> <span class='ocrx_word' id='word_1_241' title='bbox 566 1763 699 1796; x_wconf 68' lang='grc' dir='ltr'>770ιί33.</span> <span class='ocrx_word' id='word_1_242' title='bbox 727 1767 832 1807; x_wconf 79' lang='lat' dir='ltr'>temp.</span> <span class='ocrx_word' id='word_1_243' title='bbox 826 1787 848 1804; x_wconf 91' lang='lat'>.,</span> <span class='ocrx_word' id='word_1_244' title='bbox 877 1764 958 1798; x_wconf 79' lang='lat' dir='ltr'>dass</span> <span class='ocrx_word' id='word_1_245' title='bbox 984 1775 1022 1798; x_wconf 86' lang='lat' dir='ltr'>es</span> <span class='ocrx_word' id='word_1_246' title='bbox 1051 1775 1091 1798; x_wconf 91' lang='lat' dir='ltr'>so</span> <span class='ocrx_word' id='word_1_247' title='bbox 1109 1760 1211 1798; x_wconf 84' lang='lat' dir='ltr'>weit</span> <span class='ocrx_word' id='word_1_248' title='bbox 1234 1763 1306 1797; x_wconf 86' lang='lat' dir='ltr'>mit</span> <span class='ocrx_word' id='word_1_249' title='bbox 1331 1775 1400 1797; x_wconf 90' lang='lat' dir='ltr'>uns</span> <span class='ocrx_word' id='word_1_250' title='bbox 1426 1763 1586 1797; x_wconf 85' lang='lat' dir='ltr'>kommt</span> 
     </span>
     <span class='ocr_line' id='line_1_33' title="bbox 98 1810 1586 1853; baseline 0 -9"><span class='ocrx_word' id='word_1_251' title='bbox 98 1831 142 1836; x_wconf 97' lang='lat'><strong>—</strong></span> <span class='ocrx_word' id='word_1_252' title='bbox 168 1812 366 1845; x_wconf 82' lang='lat' dir='ltr'>moliamur</span> <span class='ocrx_word' id='word_1_253' title='bbox 392 1811 416 1844; x_wconf 88' lang='lat' dir='ltr'>i.</span> <span class='ocrx_word' id='word_1_254' title='bbox 445 1821 475 1844; x_wconf 88' lang='lat' dir='ltr'>e.</span> <span class='ocrx_word' id='word_1_255' title='bbox 495 1810 549 1844; x_wconf 83' lang='lat' dir='ltr'>ad</span> <span class='ocrx_word' id='word_1_256' title='bbox 575 1822 679 1845; x_wconf 85' lang='lat' dir='ltr'>arma</span> <span class='ocrx_word' id='word_1_257' title='bbox 705 1812 912 1846; x_wconf 79' lang='lat' dir='ltr'>veniamus.</span> <span class='ocrx_word' id='word_1_258' title='bbox 956 1833 999 1838; x_wconf 92' lang='lat'><strong>—</strong></span> <span class='ocrx_word' id='word_1_259' title='bbox 1040 1813 1103 1846; x_wconf 83' lang='lat' dir='ltr'>ubi</span> <span class='ocrx_word' id='word_1_260' title='bbox 1127 1812 1284 1853; x_wconf 61' lang='lat' dir='ltr'>consist„</span> <span class='ocrx_word' id='word_1_261' title='bbox 1320 1822 1382 1845; x_wconf 86' lang='lat' dir='ltr'>wo</span> <span class='ocrx_word' id='word_1_262' title='bbox 1408 1810 1504 1846; x_wconf 76' lang='lat' dir='ltr'>Wir</span> <span class='ocrx_word' id='word_1_263' title='bbox 1528 1813 1586 1844; x_wconf 84' lang='lat' dir='ltr'>fe-</span> 
     </span>
     <span class='ocr_line' id='line_1_34' title="bbox 98 1858 1588 1901; baseline -0.001 -7"><span class='ocrx_word' id='word_1_264' title='bbox 98 1866 181 1894; x_wconf 81' lang='lat' dir='ltr'>sten</span> <span class='ocrx_word' id='word_1_265' title='bbox 199 1859 292 1894; x_wconf 83' lang='lat' dir='ltr'>Fuss</span> <span class='ocrx_word' id='word_1_266' title='bbox 317 1860 440 1893; x_wconf 79' lang='lat' dir='ltr'>fassen</span> <span class='ocrx_word' id='word_1_267' title='bbox 466 1858 649 1900; x_wconf 64' lang='grc' dir='ltr'>Ιιὸηηῒρῃ,</span> <span class='ocrx_word' id='word_1_268' title='bbox 675 1861 828 1894; x_wconf 82' lang='lat' dir='ltr'>worauf</span> <span class='ocrx_word' id='word_1_269' title='bbox 850 1861 926 1894; x_wconf 65' lang='lat' dir='ltr'>wir</span> <span class='ocrx_word' id='word_1_270' title='bbox 951 1862 1080 1894; x_wconf 87' lang='lat' dir='ltr'>sussen</span> <span class='ocrx_word' id='word_1_271' title='bbox 1105 1860 1290 1901; x_wconf 81' lang='lat' dir='ltr'>kb&#39;nnten,</span> <span class='ocrx_word' id='word_1_272' title='bbox 1316 1860 1378 1892; x_wconf 88' lang='lat' dir='ltr'>ubi</span> <span class='ocrx_word' id='word_1_273' title='bbox 1405 1859 1455 1893; x_wconf 86' lang='lat' dir='ltr'>sit</span> <span class='ocrx_word' id='word_1_274' title='bbox 1479 1860 1588 1893; x_wconf 85' lang='lat' dir='ltr'>nobis</span> 
     </span>
     <span class='ocr_line' id='line_1_35' title="bbox 99 1907 1586 1963; baseline -0.001 -21"><span class='ocrx_word' id='word_1_275' title='bbox 99 1909 188 1942; x_wconf 81' lang='lat' dir='ltr'>satis</span> <span class='ocrx_word' id='word_1_276' title='bbox 214 1907 408 1963; x_wconf 72' lang='lat' dir='ltr'>praesidii.</span> <span class='ocrx_word' id='word_1_277' title='bbox 438 1927 481 1932; x_wconf 97' lang='lat'><strong>—</strong></span> <span class='ocrx_word' id='word_1_278' title='bbox 507 1907 590 1942; x_wconf 68' lang='lat' dir='ltr'>Sex.</span> <span class='ocrx_word' id='word_1_279' title='bbox 618 1908 742 1951; x_wconf 81' lang='lat' dir='ltr'>Pomp.</span> <span class='ocrx_word' id='word_1_280' title='bbox 735 1932 760 1948; x_wconf 85' lang='lat'>.‚</span> <span class='ocrx_word' id='word_1_281' title='bbox 788 1908 917 1956; x_wconf 79' lang='lat' dir='ltr'>Magni</span> <span class='ocrx_word' id='word_1_282' title='bbox 942 1909 1077 1943; x_wconf 84' lang='lat' dir='ltr'>filium.</span> <span class='ocrx_word' id='word_1_283' title='bbox 1122 1909 1258 1943; x_wconf 85' lang='lat' dir='ltr'>Dieser·</span> <span class='ocrx_word' id='word_1_284' title='bbox 1282 1907 1390 1942; x_wconf 82' lang='lat' dir='ltr'>stand</span> <span class='ocrx_word' id='word_1_285' title='bbox 1414 1907 1586 1941; x_wconf 77' lang='lat' dir='ltr'>damahls</span> 
     </span>
     <span class='ocr_line' id='line_1_36' title="bbox 100 1955 1585 2004; baseline 0.002 -15"><span class='ocrx_word' id='word_1_286' title='bbox 100 1957 154 1989; x_wconf 87' lang='lat' dir='ltr'>im</span> <span class='ocrx_word' id='word_1_287' title='bbox 179 1955 407 2004; x_wconf 80' lang='lat' dir='ltr'>mitt&#39;a&#39;gigen</span> <span class='ocrx_word' id='word_1_288' title='bbox 434 1955 614 2001; x_wconf 86' lang='lat' dir='ltr'>Spanien,</span> <span class='ocrx_word' id='word_1_289' title='bbox 647 1957 776 1989; x_wconf 80' lang='lat' dir='ltr'>Bassus</span> <span class='ocrx_word' id='word_1_290' title='bbox 811 1956 975 1991; x_wconf 80' lang='lat' dir='ltr'>Ca’cilius</span> <span class='ocrx_word' id='word_1_291' title='bbox 1011 1957 1051 1990; x_wconf 86' lang='lat' dir='ltr'>in</span> <span class='ocrx_word' id='word_1_292' title='bbox 1088 1956 1242 2002; x_wconf 81' lang='lat' dir='ltr'>Syrien.</span> <span class='ocrx_word' id='word_1_293' title='bbox 1293 1955 1329 1990; x_wconf 89' lang='lat' dir='ltr'>S.</span> <span class='ocrx_word' id='word_1_294' title='bbox 1358 1967 1416 2002; x_wconf 82' lang='lat' dir='ltr'>ep.</span> <span class='ocrx_word' id='word_1_295' title='bbox 1443 1958 1572 1999; x_wconf 80' lang='lat'>798‚1</span> <span class='ocrx_word' id='word_1_296' title='bbox 1579 1982 1585 1987; x_wconf 74' lang='lat'><em>-</em></span> 
     </span>
     <span class='ocr_line' id='line_1_37' title="bbox 97 1985 1585 2047; baseline -0.002 -6"><span class='ocrx_word' id='word_1_297' title='bbox 97 2005 180 2047; x_wconf 79' lang='lat'><strong>646,</strong></span> <span class='ocrx_word' id='word_1_298' title='bbox 206 2007 239 2039; x_wconf 94' lang='lat'>1.</span> <span class='ocrx_word' id='word_1_299' title='bbox 267 1985 388 2038; x_wconf 83' lang='lat' dir='ltr'>strab.</span> <span class='ocrx_word' id='word_1_300' title='bbox 414 2005 509 2038; x_wconf 87' lang='lat' dir='ltr'>XVI.</span> <span class='ocrx_word' id='word_1_301' title='bbox 536 2004 608 2038; x_wconf 91' lang='lat' dir='ltr'>Dio</span> <span class='ocrx_word' id='word_1_302' title='bbox 635 2004 782 2037; x_wconf 88' lang='lat' dir='ltr'>XLVII.</span> <span class='ocrx_word' id='word_1_303' title='bbox 827 2024 874 2030; x_wconf 97' lang='lat'><strong>—</strong></span> <span class='ocrx_word' id='word_1_304' title='bbox 911 2006 955 2039; x_wconf 76' lang='lat' dir='ltr'>(Ie</span> <span class='ocrx_word' id='word_1_305' title='bbox 982 2005 1145 2039; x_wconf 78' lang='lat' dir='ltr'>Caesare</span> <span class='ocrx_word' id='word_1_306' title='bbox 1176 2005 1397 2047; x_wconf 80' lang='lat' dir='ltr'>interfecto,</span> <span class='ocrx_word' id='word_1_307' title='bbox 1433 2004 1478 2039; x_wconf 86' lang='lat' dir='ltr'>de</span> <span class='ocrx_word' id='word_1_308' title='bbox 1504 2005 1585 2039; x_wconf 83' lang='lat' dir='ltr'>eius</span> 
     </span>
     <span class='ocr_line' id='line_1_38' title="bbox 98 2052 1584 2093; baseline 0.001 -7"><span class='ocrx_word' id='word_1_309' title='bbox 98 2053 220 2087; x_wconf 82' lang='lat' dir='ltr'>caede.</span> <span class='ocrx_word' id='word_1_310' title='bbox 248 2071 291 2077; x_wconf 94' lang='lat'>—</span> <span class='ocrx_word' id='word_1_311' title='bbox 311 2052 516 2093; x_wconf 78' lang='lat' dir='ltr'>firmiores,</span> <span class='ocrx_word' id='word_1_312' title='bbox 543 2052 789 2087; x_wconf 86' lang='lat' dir='ltr'>animosiores</span> <span class='ocrx_word' id='word_1_313' title='bbox 818 2059 854 2087; x_wconf 83' lang='lat' dir='ltr'>et</span> <span class='ocrx_word' id='word_1_314' title='bbox 880 2053 1083 2088; x_wconf 81' lang='lat' dir='ltr'>collecturi</span> <span class='ocrx_word' id='word_1_315' title='bbox 1108 2053 1268 2087; x_wconf 87' lang='lat' dir='ltr'>maiores</span> <span class='ocrx_word' id='word_1_316' title='bbox 1295 2053 1406 2086; x_wconf 86' lang='lat' dir='ltr'>vires.</span> <span class='ocrx_word' id='word_1_317' title='bbox 1436 2073 1478 2078; x_wconf 86' lang='lat'><strong>—</strong></span> <span class='ocrx_word' id='word_1_318' title='bbox 1514 2053 1584 2088; x_wconf 82' lang='lat' dir='ltr'>Sa-</span> 
     </span>
     <span class='ocr_line' id='line_1_39' title="bbox 99 2099 1584 2157; baseline 0.001 -23"><span class='ocrx_word' id='word_1_319' title='bbox 99 2101 148 2134; x_wconf 77' lang='lat' dir='ltr'>tis</span> <span class='ocrx_word' id='word_1_320' title='bbox 182 2105 360 2145; x_wconf 85' lang='lat' dir='ltr'>tempore,</span> <span class='ocrx_word' id='word_1_321' title='bbox 405 2100 503 2134; x_wconf 87' lang='lat' dir='ltr'>noch</span> <span class='ocrx_word' id='word_1_322' title='bbox 539 2099 756 2149; x_wconf 80' lang='lat' dir='ltr'>sriihzeitig</span> <span class='ocrx_word' id='word_1_323' title='bbox 791 2113 929 2150; x_wconf 79' lang='lat' dir='ltr'>genug.</span> <span class='ocrx_word' id='word_1_324' title='bbox 982 2103 1141 2157; x_wconf 57' lang='lat' dir='ltr'>tempori</span> <span class='ocrx_word' id='word_1_325' title='bbox 1180 2103 1300 2147; x_wconf 87' lang='lat' dir='ltr'>Neap.</span> <span class='ocrx_word' id='word_1_326' title='bbox 1346 2102 1385 2134; x_wconf 78' lang='lat' dir='ltr'>in</span> <span class='ocrx_word' id='word_1_327' title='bbox 1421 2106 1584 2146; x_wconf 67' lang='lat' dir='ltr'>tempowc</span> 
     </span>
     <span class='ocr_line' id='line_1_40' title="bbox 98 2148 1583 2195; baseline -0.001 -12"><span class='ocrx_word' id='word_1_328' title='bbox 98 2149 357 2184; x_wconf 82' lang='lat' dir='ltr'>Crat.1amb.</span> <span class='ocrx_word' id='word_1_329' title='bbox 395 2148 591 2185; x_wconf 85' lang='lat' dir='ltr'>ORELLI.</span> <span class='ocrx_word' id='word_1_330' title='bbox 635 2169 674 2175; x_wconf 88' lang='lat'><strong>—</strong></span> <span class='ocrx_word' id='word_1_331' title='bbox 725 2150 884 2191; x_wconf 79' lang='lat' dir='ltr'>valeant,</span> <span class='ocrx_word' id='word_1_332' title='bbox 920 2149 1011 2195; x_wconf 81' lang='lat' dir='ltr'>quid</span> <span class='ocrx_word' id='word_1_333' title='bbox 1039 2150 1181 2184; x_wconf 85' lang='lat' dir='ltr'>virium</span> <span class='ocrx_word' id='word_1_334' title='bbox 1207 2156 1269 2184; x_wconf 82' lang='lat' dir='ltr'>aut</span> <span class='ocrx_word' id='word_1_335' title='bbox 1295 2149 1491 2195; x_wconf 81' lang='lat' dir='ltr'>copiarum</span> <span class='ocrx_word' id='word_1_336' title='bbox 1518 2149 1583 2183; x_wconf 84' lang='lat' dir='ltr'>ha-</span> 
     </span>
     <span class='ocr_line' id='line_1_41' title="bbox 98 2197 1050 2244; baseline 0.001 -13"><span class='ocrx_word' id='word_1_337' title='bbox 98 2197 220 2232; x_wconf 78' lang='lat' dir='ltr'>beant.</span> <span class='ocrx_word' id='word_1_338' title='bbox 246 2216 291 2222; x_wconf 91' lang='lat'><em>-</em></span> <span class='ocrx_word' id='word_1_339' title='bbox 316 2197 506 2242; x_wconf 76' lang='lat' dir='ltr'>recipiam,</span> <span class='ocrx_word' id='word_1_340' title='bbox 533 2197 756 2242; x_wconf 82' lang='lat' dir='ltr'>promittam</span> <span class='ocrx_word' id='word_1_341' title='bbox 782 2204 820 2232; x_wconf 89' lang='lat' dir='ltr'>et</span> <span class='ocrx_word' id='word_1_342' title='bbox 845 2198 1050 2244; x_wconf 86' lang='lat' dir='ltr'>spondebo.</span> 
     </span>
    </p>

    <p class='ocr_par' dir='ltr' id='par_1_7' title="bbox 96 2244 1582 2376">
     <span class='ocr_line' id='line_1_42' title="bbox 193 2244 1582 2281; baseline -0.001 -1"><span class='ocrx_word' id='word_1_343' title='bbox 193 2247 228 2281; x_wconf 84' lang='lat'>5.</span> <span class='ocrx_word' id='word_1_344' title='bbox 255 2244 310 2279; x_wconf 77' lang='lat' dir='ltr'>his</span> <span class='ocrx_word' id='word_1_345' title='bbox 335 2247 378 2279; x_wconf 82' lang='lat' dir='ltr'>de</span> <span class='ocrx_word' id='word_1_346' title='bbox 403 2246 508 2279; x_wconf 67' lang='lat' dir='ltr'>nebus</span> <span class='ocrx_word' id='word_1_347' title='bbox 532 2260 582 2276; x_wconf 70' lang='lat' dir='ltr'><em>z</em></span> <span class='ocrx_word' id='word_1_348' title='bbox 607 2246 650 2278; x_wconf 87' lang='lat' dir='ltr'>de</span> <span class='ocrx_word' id='word_1_349' title='bbox 673 2245 731 2279; x_wconf 74' lang='lat' dir='ltr'>Ins</span> <span class='ocrx_word' id='word_1_350' title='bbox 756 2246 840 2280; x_wconf 87' lang='lat' dir='ltr'>Asc.</span> <span class='ocrx_word' id='word_1_351' title='bbox 871 2249 901 2281; x_wconf 88' lang='lat' dir='ltr'>l.</span> <span class='ocrx_word' id='word_1_352' title='bbox 934 2246 1034 2281; x_wconf 79' lang='lat' dir='ltr'>Crat.</span> <span class='ocrx_word' id='word_1_353' title='bbox 1058 2246 1154 2280; x_wconf 84' lang='lat' dir='ltr'>Vict.</span> <span class='ocrx_word' id='word_1_354' title='bbox 1181 2247 1213 2281; x_wconf 83' lang='lat'>2.</span> <span class='ocrx_word' id='word_1_355' title='bbox 1242 2245 1370 2281; x_wconf 81' lang='lat' dir='ltr'>Lamb.</span> <span class='ocrx_word' id='word_1_356' title='bbox 1407 2248 1455 2280; x_wconf 90' lang='lat' dir='ltr'>ln</span> <span class='ocrx_word' id='word_1_357' title='bbox 1480 2252 1582 2280; x_wconf 76' lang='lat' dir='ltr'>utra-</span> 
     </span>
     <span class='ocr_line' id='line_1_43' title="bbox 97 2293 1581 2340; baseline -0.001 -13"><span class='ocrx_word' id='word_1_358' title='bbox 97 2305 171 2340; x_wconf 86' lang='lat' dir='ltr'>que</span> <span class='ocrx_word' id='word_1_359' title='bbox 196 2294 286 2329; x_wconf 82' lang='lat' dir='ltr'>lect.</span> <span class='ocrx_word' id='word_1_360' title='bbox 315 2293 412 2328; x_wconf 81' lang='lat' dir='ltr'>Med.</span> <span class='ocrx_word' id='word_1_361' title='bbox 447 2305 491 2326; x_wconf 79' lang='lat' dir='ltr'>ex</span> <span class='ocrx_word' id='word_1_362' title='bbox 517 2305 600 2328; x_wconf 85' lang='lat' dir='ltr'>mea</span> <span class='ocrx_word' id='word_1_363' title='bbox 624 2294 754 2329; x_wconf 82' lang='lat' dir='ltr'>collat.</span> <span class='ocrx_word' id='word_1_364' title='bbox 793 2294 990 2329; x_wconf 87' lang='lat' dir='ltr'>nobiscum</span> <span class='ocrx_word' id='word_1_365' title='bbox 1030 2295 1135 2330; x_wconf 85' lang='lat' dir='ltr'>facit.</span> <span class='ocrx_word' id='word_1_366' title='bbox 1186 2295 1256 2329; x_wconf 84' lang='lat' dir='ltr'>Est</span> <span class='ocrx_word' id='word_1_367' title='bbox 1282 2301 1409 2329; x_wconf 80' lang='lat' dir='ltr'>tamen</span> <span class='ocrx_word' id='word_1_368' title='bbox 1436 2305 1496 2328; x_wconf 83' lang='lat' dir='ltr'>res</span> <span class='ocrx_word' id='word_1_369' title='bbox 1521 2294 1581 2327; x_wconf 47' lang='lat' dir='ltr'>ine</span> 
     </span>
     <span class='ocr_line' id='line_1_44' title="bbox 96 2342 437 2376; baseline -0.006 0"><span class='ocrx_word' id='word_1_370' title='bbox 96 2349 208 2376; x_wconf 80' lang='lat' dir='ltr'>certa.</span> <span class='ocrx_word' id='word_1_371' title='bbox 242 2342 437 2376; x_wconf 85' lang='lat' dir='ltr'>ORELLI.</span> 
     </span>
    </p>

    <p class='ocr_par' dir='ltr' id='par_1_8' title="bbox 96 2390 1581 2817">
     <span class='ocr_line' id='line_1_45' title="bbox 193 2390 1579 2436; baseline -0.002 -11"><span class='ocrx_word' id='word_1_372' title='bbox 193 2392 226 2426; x_wconf 83' lang='lat'>6.</span> <span class='ocrx_word' id='word_1_373' title='bbox 250 2391 441 2434; x_wconf 72' lang='lat' dir='ltr'>postulare</span> <span class='ocrx_word' id='word_1_374' title='bbox 466 2402 486 2424; x_wconf 85' lang='lat' dir='ltr'>a</span> <span class='ocrx_word' id='word_1_375' title='bbox 515 2397 654 2425; x_wconf 86' lang='lat' dir='ltr'>senatu.</span> <span class='ocrx_word' id='word_1_376' title='bbox 683 2409 725 2415; x_wconf 85' lang='lat'>—-</span> <span class='ocrx_word' id='word_1_377' title='bbox 750 2391 897 2434; x_wconf 79' lang='lat' dir='ltr'>publico</span> <span class='ocrx_word' id='word_1_378' title='bbox 919 2401 1057 2435; x_wconf 62' lang='lat' dir='ltr'>praes„</span> <span class='ocrx_word' id='word_1_379' title='bbox 1082 2390 1236 2436; x_wconf 80' lang='lat' dir='ltr'>publiea</span> <span class='ocrx_word' id='word_1_380' title='bbox 1262 2391 1349 2432; x_wconf 85' lang='lat' dir='ltr'>fide,</span> <span class='ocrx_word' id='word_1_381' title='bbox 1377 2396 1488 2424; x_wconf 87' lang='lat' dir='ltr'>unter</span> <span class='ocrx_word' id='word_1_382' title='bbox 1514 2390 1579 2423; x_wconf 88' lang='lat' dir='ltr'>Be-</span> 
     </span>
     <span class='ocr_line' id='line_1_46' title="bbox 96 2437 1581 2486; baseline 0 -15"><span class='ocrx_word' id='word_1_383' title='bbox 96 2437 274 2486; x_wconf 80' lang='lat' dir='ltr'>deckung</span> <span class='ocrx_word' id='word_1_384' title='bbox 305 2438 414 2472; x_wconf 79' lang='lat' dir='ltr'>einer</span> <span class='ocrx_word' id='word_1_385' title='bbox 446 2450 530 2473; x_wconf 85' lang='lat' dir='ltr'>vom</span> <span class='ocrx_word' id='word_1_386' title='bbox 566 2439 691 2473; x_wconf 81' lang='lat' dir='ltr'>Staate</span> <span class='ocrx_word' id='word_1_387' title='bbox 725 2451 794 2472; x_wconf 90' lang='lat' dir='ltr'>uns</span> <span class='ocrx_word' id='word_1_388' title='bbox 828 2439 1097 2486; x_wconf 84' lang='lat' dir='ltr'>zugegebenen</span> <span class='ocrx_word' id='word_1_389' title='bbox 1131 2439 1272 2483; x_wconf 79' lang='lat' dir='ltr'>Garde‚</span> <span class='ocrx_word' id='word_1_390' title='bbox 1304 2445 1420 2472; x_wconf 80' lang='lat' dir='ltr'>unter</span> <span class='ocrx_word' id='word_1_391' title='bbox 1452 2437 1581 2471; x_wconf 81' lang='lat' dir='ltr'>sicher</span> 
     </span>
     <span class='ocr_line' id='line_1_47' title="bbox 98 2486 1580 2530; baseline -0.001 -10"><span class='ocrx_word' id='word_1_392' title='bbox 98 2486 259 2520; x_wconf 86' lang='lat' dir='ltr'>Geleite.</span> <span class='ocrx_word' id='word_1_393' title='bbox 294 2505 336 2511; x_wconf 97' lang='lat'><strong>—</strong></span> <span class='ocrx_word' id='word_1_394' title='bbox 385 2487 486 2528; x_wconf 81' lang='lat' dir='ltr'>illos,</span> <span class='ocrx_word' id='word_1_395' title='bbox 514 2487 768 2528; x_wconf 83' lang='lat' dir='ltr'>Caesarianos,</span> <span class='ocrx_word' id='word_1_396' title='bbox 796 2487 1012 2521; x_wconf 84' lang='lat' dir='ltr'>Antonium.</span> <span class='ocrx_word' id='word_1_397' title='bbox 1050 2509 1093 2513; x_wconf 97' lang='lat'><strong>—</strong></span> <span class='ocrx_word' id='word_1_398' title='bbox 1135 2498 1253 2530; x_wconf 77' lang='lat' dir='ltr'>magn.</span> <span class='ocrx_word' id='word_1_399' title='bbox 1281 2513 1288 2520; x_wconf 95' lang='lat'><strong>.</strong></span> <span class='ocrx_word' id='word_1_400' title='bbox 1352 2486 1580 2529; x_wconf 60' lang='lat' dir='ltr'>,faciemus7</span> 
     </span>
     <span class='ocr_line' id='line_1_48' title="bbox 98 2533 1580 2576; baseline 0 -9"><span class='ocrx_word' id='word_1_401' title='bbox 98 2534 227 2576; x_wconf 86' lang='lat' dir='ltr'>„denn</span> <span class='ocrx_word' id='word_1_402' title='bbox 253 2533 330 2568; x_wconf 85' lang='lat' dir='ltr'>wir</span> <span class='ocrx_word' id='word_1_403' title='bbox 354 2535 511 2568; x_wconf 78' lang='lat' dir='ltr'>wiirden</span> <span class='ocrx_word' id='word_1_404' title='bbox 539 2535 657 2569; x_wconf 85' lang='lat' dir='ltr'>ihnen</span> <span class='ocrx_word' id='word_1_405' title='bbox 682 2535 852 2569; x_wconf 84' lang='lat' dir='ltr'>dadureh</span> <span class='ocrx_word' id='word_1_406' title='bbox 879 2535 962 2570; x_wconf 84' lang='lat' dir='ltr'>eine</span> <span class='ocrx_word' id='word_1_407' title='bbox 989 2536 1077 2570; x_wconf 76' lang='lat' dir='ltr'>iible</span> <span class='ocrx_word' id='word_1_408' title='bbox 1104 2536 1235 2570; x_wconf 81' lang='lat' dir='ltr'>Blame</span> <span class='ocrx_word' id='word_1_409' title='bbox 1267 2535 1477 2576; x_wconf 66' lang='lat' dir='ltr'>anh&#39;eingen,</span> <span class='ocrx_word' id='word_1_410' title='bbox 1519 2534 1580 2567; x_wconf 86' lang='lat' dir='ltr'>ih-</span> 
     </span>
     <span class='ocr_line' id='line_1_49' title="bbox 96 2582 1579 2637; baseline 0.001 -23"><span class='ocrx_word' id='word_1_411' title='bbox 96 2593 173 2615; x_wconf 87' lang='lat' dir='ltr'>nen</span> <span class='ocrx_word' id='word_1_412' title='bbox 199 2582 349 2615; x_wconf 83' lang='lat' dir='ltr'>scheele</span> <span class='ocrx_word' id='word_1_413' title='bbox 374 2582 506 2616; x_wconf 84' lang='lat' dir='ltr'>Blicke</span> <span class='ocrx_word' id='word_1_414' title='bbox 532 2583 772 2626; x_wconf 75' lang='lat' dir='ltr'>zuziehen;“</span> <span class='ocrx_word' id='word_1_415' title='bbox 809 2583 981 2618; x_wconf 80' lang='lat' dir='ltr'>n‘a&#39;mlich</span> <span class='ocrx_word' id='word_1_416' title='bbox 1019 2584 1079 2618; x_wconf 87' lang='lat' dir='ltr'>bei</span> <span class='ocrx_word' id='word_1_417' title='bbox 1117 2585 1219 2617; x_wconf 82' lang='lat' dir='ltr'>allen</span> <span class='ocrx_word' id='word_1_418' title='bbox 1246 2589 1363 2627; x_wconf 80' lang='lat' dir='ltr'>guten</span> <span class='ocrx_word' id='word_1_419' title='bbox 1389 2582 1579 2637; x_wconf 82' lang='lat' dir='ltr'>Biirger&#39;n‚</span> 
     </span>
     <span class='ocr_line' id='line_1_50' title="bbox 97 2629 1578 2671; baseline -0.001 -8"><span class='ocrx_word' id='word_1_420' title='bbox 97 2641 211 2664; x_wconf 88' lang='lat' dir='ltr'>wenn</span> <span class='ocrx_word' id='word_1_421' title='bbox 238 2631 291 2664; x_wconf 84' lang='lat' dir='ltr'>sie</span> <span class='ocrx_word' id='word_1_422' title='bbox 316 2629 443 2671; x_wconf 59' lang='lat' dir='ltr'>sfihen,</span> <span class='ocrx_word' id='word_1_423' title='bbox 481 2631 563 2666; x_wconf 84' lang='lat' dir='ltr'>dass</span> <span class='ocrx_word' id='word_1_424' title='bbox 589 2631 649 2666; x_wconf 84' lang='lat' dir='ltr'>die</span> <span class='ocrx_word' id='word_1_425' title='bbox 682 2632 851 2665; x_wconf 81' lang='lat' dir='ltr'>Befreier</span> <span class='ocrx_word' id='word_1_426' title='bbox 877 2631 941 2665; x_wconf 87' lang='lat' dir='ltr'>des</span> <span class='ocrx_word' id='word_1_427' title='bbox 967 2632 1210 2666; x_wconf 82' lang='lat' dir='ltr'>Vaterlandes</span> <span class='ocrx_word' id='word_1_428' title='bbox 1244 2631 1380 2665; x_wconf 84' lang='lat' dir='ltr'>mitten</span> <span class='ocrx_word' id='word_1_429' title='bbox 1418 2630 1458 2663; x_wconf 81' lang='lat' dir='ltr'>in</span> <span class='ocrx_word' id='word_1_430' title='bbox 1485 2631 1578 2664; x_wconf 85' lang='lat' dir='ltr'>Rom</span> 
     </span>
     <span class='ocr_line' id='line_1_51' title="bbox 99 2677 1578 2727; baseline 0 -17"><span class='ocrx_word' id='word_1_431' title='bbox 99 2678 206 2712; x_wconf 83' lang='lat' dir='ltr'>einer</span> <span class='ocrx_word' id='word_1_432' title='bbox 231 2677 392 2712; x_wconf 71' lang='lat' dir='ltr'>solchen</span> <span class='ocrx_word' id='word_1_433' title='bbox 417 2680 627 2727; x_wconf 71' lang='lat' dir='ltr'>Massregel</span> <span class='ocrx_word' id='word_1_434' title='bbox 664 2681 729 2713; x_wconf 79' lang='lat' dir='ltr'>fiir</span> <span class='ocrx_word' id='word_1_435' title='bbox 755 2680 842 2713; x_wconf 80' lang='lat' dir='ltr'>ihre</span> <span class='ocrx_word' id='word_1_436' title='bbox 869 2679 1087 2714; x_wconf 77' lang='lat' dir='ltr'>Sicheiheit</span> <span class='ocrx_word' id='word_1_437' title='bbox 1113 2680 1325 2714; x_wconf 68' lang='lat' dir='ltr'>bedursten.</span> <span class='ocrx_word' id='word_1_438' title='bbox 1367 2680 1578 2721; x_wconf 75' lang='lat' dir='ltr'>faceremus</span> 
     </span>
     <span class='ocr_line' id='line_1_52' title="bbox 98 2725 1575 2772; baseline 0.001 -14"><span class='ocrx_word' id='word_1_439' title='bbox 98 2726 193 2761; x_wconf 84' lang='lat' dir='ltr'>vict.</span> <span class='ocrx_word' id='word_1_440' title='bbox 221 2728 252 2762; x_wconf 88' lang='grc'>2.</span> <span class='ocrx_word' id='word_1_441' title='bbox 273 2728 487 2769; x_wconf 81' lang='lat' dir='ltr'>faceremus</span> <span class='ocrx_word' id='word_1_442' title='bbox 512 2728 573 2761; x_wconf 79' lang='lat' dir='ltr'>vel</span> <span class='ocrx_word' id='word_1_443' title='bbox 593 2729 801 2770; x_wconf 79' lang='lat' dir='ltr'>fecerimus</span> <span class='ocrx_word' id='word_1_444' title='bbox 825 2728 920 2761; x_wconf 87' lang='lat' dir='ltr'>Ern.</span> <span class='ocrx_word' id='word_1_445' title='bbox 947 2728 1105 2772; x_wconf 66' lang='lat' dir='ltr'>suspice²</span> <span class='ocrx_word' id='word_1_446' title='bbox 1149 2728 1221 2762; x_wconf 76' lang='lat' dir='ltr'>GR,</span> <span class='ocrx_word' id='word_1_447' title='bbox 1272 2746 1312 2752; x_wconf 85' lang='lat'>-</span> <span class='ocrx_word' id='word_1_448' title='bbox 1365 2725 1469 2762; x_wconf 75' lang='lat' dir='ltr'>Nihil</span> <span class='ocrx_word' id='word_1_449' title='bbox 1494 2737 1575 2768; x_wconf 80' lang='lat' dir='ltr'>non,</span> 
     </span>
     <span class='ocr_line' id='line_1_53' title="bbox 98 2773 1036 2819; baseline 0.002 -11"><span class='ocrx_word' id='word_1_450' title='bbox 98 2773 210 2812; x_wconf 78' lang='lat' dir='ltr'>Alles.</span> <span class='ocrx_word' id='word_1_451' title='bbox 260 2774 293 2809; x_wconf 88' lang='lat' dir='ltr'>S</span> <span class='ocrx_word' id='word_1_452' title='bbox 322 2775 472 2809; x_wconf 81' lang='lat' dir='ltr'>Rainsh.</span> <span class='ocrx_word' id='word_1_453' title='bbox 501 2775 528 2817; x_wconf 58' lang='grc' dir='ltr'>ξ)</span> <span class='ocrx_word' id='word_1_454' title='bbox 558 2778 638 2819; x_wconf 89' lang='grc'><strong>173,</strong></span> <span class='ocrx_word' id='word_1_455' title='bbox 665 2778 698 2811; x_wconf 82' lang='lat'>3.</span> <span class='ocrx_word' id='word_1_456' title='bbox 728 2776 871 2810; x_wconf 77' lang='lat' dir='ltr'>Giotcf.</span> <span class='ocrx_word' id='word_1_457' title='bbox 900 2776 926 2817; x_wconf 83' lang='lat'><strong>§</strong></span> <span class='ocrx_word' id='word_1_458' title='bbox 955 2777 1036 2811; x_wconf 85' lang='lat'>337</span> 
     </span>
    </p>
   </div>
   <div class='ocr_carea' id='block_1_6' title="bbox 1623 379 1650 418">
    <p class='ocr_par' dir='ltr' id='par_1_9' title="bbox 1623 379 1650 418">
     <span class='ocr_line' id='line_1_54' title="bbox 1623 379 1650 418; baseline 0 0"><span class='ocrx_word' id='word_1_459' title='bbox 1623 379 1650 418; x_wconf 68' lang='lat'>14</span> 
     </span>
    </p>
   </div>
  </div>
 </body>
</html>
