1795 3086
196 94 291 141 210
469 93 532 136 M.
565 93 619 135 Τ,
653 89 991 135 elcEROle
1033 77 1406 138 EP1sT'oLAE.

199 208 368 258 minus,
398 218 468 245 res
496 210 641 248 tamen
671 203 845 257 publica
874 215 952 257 per
981 215 1060 245 vos
1089 204 1211 246 brevi
1241 209 1440 261 tempore
1460 209 1527 249 ius
1553 221 1680 249 suum

201 262 477 317 reciperabit.
538 261 637 312 Ego
667 259 755 300 tuis
783 273 919 313 neque
948 259 1104 299 desum
1129 274 1267 315 neque
1288 262 1442 304 deero:
1483 265 1556 318 qui
1586 266 1679 306 sive

201 319 256 360 ad
285 332 356 358 me
386 316 580 356 reserent
610 314 728 365 [sive
756 326 853 357 non
881 314 1153 369 2·ef'erent],
1194 331 1291 359 mea
1321 319 1402 359 tibi
1431 324 1578 362 tamen
1607 321 1679 361 be-

202 373 450 419 nevolentia
481 371 671 425 fidesque
699 371 1006 425 praestabitur.
1067 371 1192 413 Vale.

366 608 681 652 EPISTOLA
712 609 1011 653 DCCLXIV,
1071 613 1148 661 (ad
1178 613 1279 655 Div.
1311 613 1421 655 XII..
1453 615 1516 664 3‘)

270 688 346 720 Ser.
375 686 516 719 Romae
544 686 648 733 ciwa
673 685 799 719 Nonas
837 687 1021 719 Octobres
1048 687 1087 719 Α.
1119 689 1160 722 U.
1188 689 1229 721 C.
1257 691 1337 723 71⁰.
1389 691 1436 731 (a.
1468 692 1510 723 C.
1536 690 1613 731 44)

415 753 591 797 Querilur
616 753 817 785 Antonium
844 753 989 786 furores
1024 755 1062 786 in
1097 754 1176 787 die-s
1201 766 1347 799 augere.
1379 757 1467 790 1—2.

723 819 908 853 CICERO
936 820 1098 854 CASSIO
1123 822 1161 854 S.

309 890 454 941 Auget
473 890 573 927 tuus
595 888 764 928 amicus
788 887 984 929 furorem
1016 889 1061 928 in
1090 888 1206 929 dics:
1237 889 1426 942 primum
1458 889 1502 927 in
1524 891 1681 939 statua,

200 957 327 998 quam
371 944 516 997 posuit
553 944 597 983 in
636 944 841 995 Rostris,
892 944 1122 998 inscripsit
1172 943 1458 985 PARENTI
1507 943 1682 986 OPTL

202 1000 297 1040 '11⁴3
350 998 629 1040 MERITO:
678 1005 723 1039 ut
765 1014 850 1040 non
893 1001 1025 1040 modo
1076 1001 1254 1051 sicarii,
1306 1000 1381 1040 sod
1421 1002 1510 1040 iam
1549 1001 1683 1040 etiam

201 1053 453 1109 parricidae
484 1055 766 1104 indicemini,
807 1055 912 1108 quid
942 1056 1068 1106 dico,
1099 1056 1356 1096 indicemini
1368 1057 1382 1096 '2
1436 1056 1683 1097 iudicemur

200 1111 369 1164 potius:
418 1111 554 1152 vestri
592 1111 709 1150 enim
749 1109 1035 1164 pulcherrimi
1083 1111 1194 1153 facti
1243 1112 1320 1152 ille
1372 1111 1564 1153 furiosus
1613 1125 1684 1151 mc

200 1166 447 1220 principem
476 1165 589 1205 dicit
618 1165 766 1206 fuisse.
826 1166 1008 1205 Utinam
1031 1166 1209 1219 quidem
1231 1167 1436 1207 fuissem!
1476 1168 1683 1207 molestus

202 1222 327 1262 nobis
367 1235 454 1261 non
492 1225 620 1261 esset.
693 1221 782 1262 Sed
822 1221 908 1262 hoc
946 1226 1138 1263 vestrum
1177 1226 1266 1263 est.-
1320 1222 1437 1276 quod
1477 1223 1685 1276 quoniam

204 1278 459 1331 praeteriit,
499 1279 667 1317 utinam
707 1277 935 1327 haberem,
981 1278 1088 1332 quid
1129 1279 1254 1320 vobis
1294 1277 1446 1319 darem
1487 1278 1683 1320 consilii!

203 1332 290 1373 Sed
329 1346 383 1373 ne
431 1332 541 1372 mihi
582 1333 760 1386 quidem
800 1334 887 1386 ipsi
926 1334 1124 1387 reperio,
1175 1333 1280 1387 quid
1319 1333 1572 1375 faciendum
1611 1335 1682 1375 sit.

204 1387 325 1436 Quid
374 1388 488 1428 enim
536 1394 626 1438 est,
675 1388 792 1442 quod
833 1393 988 1429 contra
1033 1389 1123 1430 vim
1160 1390 1257 1430 sine
1296 1390 1341 1430 vi
1379 1389 1478 1430 fieri
1517 1390 1684 1444 possit?

204 1444 453 1484 Consilium
482 1458 612 1484 omne
643 1450 786 1485 autem
816 1443 900 1484 hoc
930 1448 996 1485 cst
1025 1445 1231 1497 illorum,
1272 1449 1321 1485 ut
1358 1449 1544 1486 mortem
1575 1446 1683 1486 Cae=

204 1499 318 1540 saris
356 1504 692 1554 persequantur.
762 1501 916 1554 Itaque
954 1514 991 1541 a.
1033 1500 1075 1541 d.
1116 1500 1197 1541 VI.
1237 1499 1354 1542 Non.
1394 1501 1551 1542 Octob.
1582 1515 1683 1554 pro-

204 1555 360 1596 ductus
398 1555 444 1595 in
483 1556 742 1596 concionem
782 1569 808 1597 a
847 1556 1063 1608 Canutio,
1103 1556 1356 1610 turpissime
1393 1557 1471 1598 ille
1508 1557 1685 1612 quidem

205 1714 294 1747 abet
320 1712 415 1746 auch
443 1713 547 1746 nicht
573 1712 721 1744 erleben
751 1712 871 1745 sollte.
901 1730 945 1736 -
982 1711 1041 1744 ius
1064 1721 1186 1755 suum,
1220 1712 1455 1755 libertatem,
1489 1711 1587 1753 iura,
1626 1712 1683 1745 iu-

205 1762 325 1802 dicia,
352 1762 528 1799 comitia,
555 1767 691 1793 cetera.
722 1778 762 1783 —
791 1760 851 1803 qni
876 1785 885 1793 .
914 1786 921 1793 .
951 1761 1114 1801 reserent
1139 1766 1235 1801 cet„
1260 1763 1423 1806 „mogen
1443 1760 1496 1793 sie
1515 1760 1587 1793 mit
1611 1761 1683 1793 mir

206 1821 249 1842 zu
276 1810 402 1843 Rathe
429 1810 551 1857 gehen
579 1808 672 1841 oder
704 1808 853 1845 nicht.“
910 1808 1030 1842 Nicht
1061 1808 1162 1841 bloss
1201 1808 1488 1847 Anverwzmdte,
1523 1808 1685 1840 sondern

207 1858 389 1891 vielmehr
420 1859 485 1891 der
517 1857 676 1903 Anhang
709 1856 772 1889 des
809 1856 967 1889 Cassius.
1002 1876 1044 1881 —
1088 1855 1178 1899 [sive
1210 1867 1278 1890 non
1310 1855 1505 1898 referenlL
1563 1856 1685 1889 Verba

206 1907 276 1939 ista
308 1907 518 1939 necessaria
552 1906 779 1938 exciderunt
805 1916 825 1937 e
849 1905 954 1940 Med.
982 1904 1107 1949 sicque
1133 1915 1217 1938 cum
1251 1905 1421 1939 desectus
1447 1905 1554 1948 signo
1579 1904 1681 1937 vict.

207 1955 241 1988 2.
270 1954 346 1987 OR.
373 1973 419 1978 —
447 1955 516 1987 riba·
542 1954 609 1986 hat
636 1953 708 1986 den
735 1954 889 1986 Accent.
1202 1960 1205 1963 ·

304 2022 335 2053 l.
365 2021 502 2054 amicus
525 2020 719 2053 Antonius.
770 2021 911 2054 Ironia.
963 2019 1173 2063 „Antonius
1190 2019 1307 2053 treibt
1331 2017 1684 2053 seinenVVahnsinn

208 2067 350 2114 tziglich
376 2070 529 2110 weiter;
564 2069 608 2101 fit
643 2068 763 2113 magis
790 2069 962 2102 furiosus.
997 2087 1039 2092 ——
1071 2072 1194 2101 statua
1227 2068 1405 2102 Caesaris.
1434 2086 1477 2092 --
1509 2067 1683 2108 imlicarz',

208 2117 330 2150 wofiir
363 2116 507 2150 erklart
532 2117 686 2151 werden.
714 2136 758 2141 —-
790 2117 905 2150 vestri
929 2140 938 2148 .
968 2117 1120 2160 .sacti,
1153 2116 1251 2160 quod
1278 2115 1520 2149 interfecistis
1554 2117 1684 2147 Caesa‹

208 2176 298 2199 rem.
332 2182 378 2187 ——-
413 2165 584 2197 molestus
610 2190 617 2198 .
646 2190 657 2201 .
686 2190 696 2198 .
721 2169 810 2198 esset
837 2164 860 2197 i.
887 2176 919 2198 e.
946 2175 1031 2197 eum
1057 2175 1127 2197 una
1159 2163 1460 2197 interficiendum
1487 2173 1685 2196 curassem.

208 2212 440 2246 ERNESTI.
497 2213 568 2246 Ich
600 2212 706 2246 hatte
741 2225 778 2245 es
814 2213 1086 2256 planmzissiger
1129 2211 1324 2257 gemacht,
1367 2222 1407 2244 so
1449 2211 1528 2244 dass
1570 2211 1685 2245 ciisar

208 2260 315 2293 nicht
339 2260 437 2293 noch
463 2260 559 2292 nach
584 2262 722 2294 seinem
747 2260 853 2293 Tode
879 2260 931 2292 im
965 2260 1150 2292 Antonius
1184 2271 1250 2292 uns
1275 2259 1383 2302 lastig
1408 2259 1493 2292 fiele
1518 2258 1593 2291 und
1618 2259 1685 2291 wir

208 2308 319 2342 nicht
353 2320 394 2342 so
430 2308 571 2341 rathlos
606 2313 752 2351 wei-en,
785 2308 836 2340 als
870 2308 937 2340 wir
970 2307 1067 2340 sind.
1128 2306 1309 2341 Antonius
1344 2307 1520 2341 schiitzte
1549 2307 1687 2339 immet

209 2363 293 2390 acta
318 2356 484 2392 Caesaris
510 2368 585 2389 vor.
624 2374 665 2381 —
702 2360 864 2389 vestrum
888 2359 939 2388 est
972 2355 1007 2389 h.
1042 2367 1072 2390 e.
1111 2367 1175 2388 vos
1207 2356 1275 2389 soli
1306 2356 1470 2399 gloriam
1508 2354 1688 2389 obtinetis

207 2405 316 2438 huius
340 2410 418 2439 tam
451 2405 593 2449 egregii
626 2405 735 2440 facti,
772 2422 813 2427 -—
849 2403 1036 2448 qnoniam,
1072 2404 1141 2437 wie
1174 2414 1231 2448 ep.
1269 2406 1350 2446 761,
1383 2405 1415 2440 2.
1450 2422 1497 2428 --
1529 2402 1602 2445 ipsi
1634 2403 1688 2436 im

207 2454 364 2498 Gegens.
390 2464 466 2486 von
492 2453 606 2489 vobis.

302 2502 336 2536 2.
365 2499 567 2534 Consilium
591 2498 785 2543 (Absicht)
809 2498 963 2532 Antonii
987 2500 1138 2545 eiusque
1155 2500 1375 2533 amicorum„
1404 2519 1446 2524 -—-
1472 2509 1612 2542 perscq.
1637 2511 1686 2530 z

209 2549 463 2592 ulciscantur,
488 2549 757 2581 interfectores
786 2548 948 2581 Caesaris
976 2549 1178 2592 exagitent,
1205 2566 1246 2571 ——-
1279 2548 1343 2581 ΓΙ.
1369 2548 1463 2582 Νοη.
1494 2548 1591 2587 Ocl.‚
1627 2557 1687 2578 am

206 2598 238 2632 2.
275 2598 461 2633 October.
498 2615 541 2629 -—,
578 2597 616 2629 in
642 2596 847 2628 concionem
882 2596 1025 2640 populi.
1063 2615 1107 2621 —-
1147 2597 1345 2639 productus
1379 2607 1399 2628 a
1436 2596 1494 2631 Ti,
1532 2595 1687 2627 Canuiio

205 2645 358 2679 tribuno
384 2646 457 2690 pl.‚
495 2645 560 2689 qui
587 2655 626 2677 se
652 2645 828 2688 opposuit
854 2645 1030 2678 Antonio.
1091 2645 1269 2678 Antonius
1301 2644 1407 2677 sollte
1434 2642 1514 2676 sich
1542 2641 1599 2674 eiu
1625 2643 1686 2674 fiir

206 2693 276 2725 alle
308 2693 417 2727 Mahl
451 2693 647 2734 erkln'ren,
684 2693 755 2724 wie
791 2704 831 2724 er
864 2705 901 2726 es
935 2693 1006 2726 mit
1039 2693 1180 2727 seinem
1217 2692 1439 2726 Vama-lande
1478 2690 1609 2724 moine.
1647 2692 1684 2725 S,

204 2740 371 2787 Philipp.
412 2743 480 2776 111.
542 2742 652 2775 Ienen
692 2741 864 2776 Canutius
909 2741 994 2776 hess
1029 2740 1199 2775 nachhcr
1239 2741 1423 2777 Octavian
1468 2739 1610 2773 tb'dten.
1647 2738 1686 2773 S.
