1795 3086
194 29 282 76 122
448 32 512 75 M.
545 34 602 76 T.
633 33 975 78 CICERONIS
1004 35 1381 82 EPISTOLAE.

126 140 154 181 6
190 142 398 184 mulando
428 145 611 186 timidus
649 158 703 186 ac
730 158 867 187 vanus
895 146 1194 189 existimarer.
1254 149 1312 189 At
1349 147 1494 199 ludos,
1542 161 1653 203 quos

190 198 397 240 Caesaris
433 201 651 242 victoriae
688 201 854 242 Caesar
891 203 1152 245 adolescens
1197 202 1321 256 fecit,
1365 202 1531 245 curavi.
1592 205 1653 245 At

188 254 236 296 id
264 254 321 296 ad
351 255 570 308 privatum
598 256 815 309 officium,
844 271 930 299 non
961 259 1016 299 ad
1045 263 1208 300 statum
1238 261 1304 301 rei
1333 258 1538 312 publicae
1554 272 1652 313 per-

187 311 314 352 tinet.
374 310 507 360 Quod
536 315 682 354 tamen
709 326 865 354 munus
896 317 940 354 et
978 313 1170 356 hominis
1202 313 1461 356 amicissimi
1488 328 1652 355 memo-

187 366 282 408 riae
321 368 454 420 atque
493 366 735 410 honoribus
771 373 997 423 praestare
1035 370 1167 410 etiam
1204 370 1367 411 mortui
1405 369 1559 411 debui:
1607 373 1653 410 et

187 421 378 484 optimae
424 422 519 477 spei
555 423 830 465 adolescenti
871 436 921 464 ac
959 425 1223 480 dignissimo
1264 426 1455 467 Caesare
1493 424 1651 479 [re]pe-

186 480 298 518 tenti
327 491 490 532 negare
518 492 604 519 non
633 479 770 533 potui.
829 478 948 520 Veni
977 482 1107 522 etiam
1139 482 1336 523 consulis
1361 481 1543 522 Antonii
1572 481 1651 522 do-

185 545 301 573 mum
329 546 459 589 saepe
487 535 707 575 salutandi
738 547 898 576 causa:
928 536 985 576 ad
1016 550 1159 591 quem,
1188 539 1265 591 qui
1293 550 1362 578 me
1391 549 1545 591 parum
1575 549 1651 591 pa—

184 587 298 630 triae
328 594 545 631 amantem
587 604 684 631 esse
723 590 997 643 existimant,
1035 592 1223 647 rogandi
1261 592 1440 649 quidem
1479 591 1651 647 aliquid

186 649 262 686 aut
300 643 531 686 auferendi
576 659 709 687 causa
747 645 1000 700 frequentes
1037 648 1257 691 ventitare
1297 648 1503 702 reperies.
1561 647 1652 689 Sed

183 713 295 754 quae
332 699 445 742 haec
484 704 550 742 est
588 702 857 756 arrogantia,
895 702 1015 757 quod
1053 702 1218 745 Caesar
1258 717 1477 759 nunquam
1513 704 1651 744 inter-

182 756 377 810 pellavit,
406 757 531 812 quin,
561 757 719 812 quibus
748 758 906 798 vellem
943 761 1076 812 atque
1112 760 1244 801 etiam
1284 774 1394 814 quos
1432 760 1526 813 ipse
1564 772 1651 799 non

183 811 411 866 diligebat,
449 817 594 854 tamen
632 814 689 854 iis
731 817 904 854 uterer:
955 827 1045 866 eos,
1087 816 1164 868 qui
1202 815 1315 856 mihi
1345 816 1535 856 amicum
1564 813 1651 855 eri-

182 873 384 922 puerunt,
413 869 634 925 carpendo
665 883 733 910 me
763 868 946 911 efficere
975 872 1144 923 conari,
1173 884 1240 923 ne,
1270 884 1380 926 quos
1402 870 1552 922 velim,
1582 870 1650 909 di-

183 923 344 978 ligam?
400 923 489 966 Sed
520 939 604 966 non
633 938 809 977 vereor,
845 939 900 966 ne
930 930 1004 967 aut
1031 939 1155 968 meae
1182 928 1302 968 vitae
1328 926 1546 968 modestia
1574 938 1649 979 pa-

182 993 279 1020 rum
305 979 498 1022 valitura
525 981 584 1022 sit
620 982 667 1021 in
696 986 917 1036 posterum
957 986 1109 1023 contra
1138 981 1275 1024 salsos
1305 995 1527 1023 rumores:
1574 985 1650 1022 aut

182 1049 236 1076 ne
265 1036 397 1076 etiam
425 1036 476 1087 ii,
514 1037 590 1091 qui
619 1051 686 1077 me
715 1050 803 1077 non
832 1041 991 1089 amant,
1029 1042 1212 1091 propter
1239 1051 1380 1078 meam
1409 1037 1455 1078 in
1487 1037 1649 1078 Caesa-

180 1104 274 1132 rem
305 1093 610 1143 constantiam,
638 1106 725 1132 non
755 1093 912 1133 malint
939 1092 1042 1143 mei,
1085 1107 1215 1147 quam
1243 1094 1312 1134 sui
1342 1094 1511 1134 similes
1540 1092 1648 1132 ami-

180 1160 257 1187 cos
286 1146 460 1188 habere.
529 1147 652 1188 Mihi
682 1147 861 1202 quidem
889 1147 927 1188 si
956 1152 1106 1203 optata
1135 1150 1402 1203 contingent,
1432 1148 1549 1203 quod
1580 1161 1647 1188 re-

179 1202 350 1258 liquum
380 1208 448 1246 est
475 1203 609 1250 vitae,
637 1203 683 1244 in
713 1204 807 1245 otio
838 1202 992 1246 Rhodi
1023 1204 1201 1259 degam:
1231 1205 1300 1246 sin
1331 1218 1454 1246 casus
1483 1203 1647 1259 aliquis

178 1426 355 1460 nunquam
381 1423 516 1449 tamen.
558 1433 597 1439 —
635 1425 678 1448 ne
705 1441 714 1450 .
743 1441 752 1449 .
780 1440 788 1448 .
815 1415 1059 1458 existimarer,
1086 1415 1203 1449 damit
1230 1427 1314 1449 man
1339 1415 1447 1448 nicht
1472 1426 1546 1449 von
1572 1415 1647 1448 mir

179 1475 293 1512 sagen
318 1465 475 1504 ko‘nnte,
513 1462 578 1495 ich
611 1463 665 1497 sei
692 1462 867 1497 schlecht
898 1475 1025 1511 genug·
1050 1474 1090 1496 so
1115 1464 1244 1498 Etwas
1271 1476 1317 1497 zu
1343 1463 1526 1511 begehen,
1559 1463 1648 1496 aber

178 1512 351 1546 dennoch
377 1524 424 1545 zu
448 1510 656 1544 furchtsam
684 1510 757 1544 und
783 1523 830 1544 zu
856 1511 1129 1553 charakterlos,
1163 1524 1226 1545 um
1253 1511 1357 1545 mich
1383 1523 1429 1545 zu
1454 1510 1523 1546 der
1547 1511 1648 1545 That

178 1572 225 1594 zu
249 1560 460 1595 bekennen.
487 1579 530 1585 —-
557 1570 680 1601 vanus,
706 1559 878 1602 mendax,
905 1559 1012 1594 levis.

273 1624 306 1658 6.
356 1622 410 1656 At
446 1621 558 1655 ludos.
602 1620 639 1656 S.
673 1633 720 1655 zu
753 1632 812 1666 ep.
849 1623 931 1665 716,
963 1624 983 1657 7
1010 1633 1067 1654 am
1100 1620 1217 1654 Eride.
1262 1621 1404 1655 Plinius
1435 1620 1487 1662 11,
1524 1631 1554 1653 c.
1589 1620 1646 1655 45.

178 1671 329 1704 sueton.
356 1670 425 1704 Iul.
451 1681 483 1703 c.
507 1672 564 1706 88.
603 1670 688 1717 Vgl.
719 1670 790 1704 Dio
819 1669 925 1702 XLV.
968 1688 1015 1695 —-
1050 1670 1099 1702 ad
1120 1669 1257 1713 privat.
1283 1670 1382 1712 offic.
1409 1693 1416 1701 .
1446 1693 1453 1701 .
1478 1667 1647 1712 pertinet,

176 1719 274 1752 diess
301 1718 349 1753 ist
376 1718 457 1752 eine
470 1717 779 1766 Angelegenheit
795 1718 858 1751 des
872 1718 1051 1753 Herzens.
1082 1735 1119 1741 -—
1146 1728 1284 1759 munus,
1309 1717 1490 1758 officium,
1517 1717 1643 1759 Opfer.

177 1787 220 1792 —
248 1767 356 1800 ctiam
380 1766 512 1800 mortui
535 1766 558 1799 i.
585 1777 615 1799 e.
644 1772 728 1811 post
756 1765 832 1799 eius
860 1772 1031 1800 mortem.
1072 1764 1176 1799 etiam
1202 1769 1340 1799 mortuo
1367 1764 1493 1802 (ablat.
1519 1763 1646 1806 absol.)

175 1816 289 1860 Neap.
317 1815 401 1849 Asc.
428 1815 529 1849 Crat·
558 1814 730 1849 VVeiske.
758 1814 894 1849 Bened.
930 1813 1126 1849 ORELLI.
1179 1832 1221 1838 -
1271 1812 1483 1855 dignissimo
1505 1826 1553 1843 z
1580 1813 1644 1855 qui

175 1862 419 1910 dignissimus
441 1869 494 1897 est
523 1863 695 1901 Caesare,
723 1862 790 1895 der
815 1862 943 1896 C'zisars
971 1861 1075 1896 Sohn
1101 1861 1175 1894 und
1201 1861 1301 1895 Erbe
1326 1873 1372 1894 zu
1397 1860 1476 1893 sein
1503 1859 1643 1894 htichst

173 1910 329 1959 xviii-dig
354 1911 413 1944 ist.
457 1929 504 1936 ——
553 1911 771 1954 [reretenti.
815 1911 876 1943 Sic
902 1911 973 1943 Md.
1010 1911 1127 1954 Neap.
1161 1909 1245 1943 Asc.
1275 1912 1303 1944 l.
1339 1908 1438 1942 Crat.
1472 1907 1645 1943 Weiske.

174 1959 311 1996 Bened.
337 1958 423 1993 seh.
456 1960 593 2002 petenti
616 1960 714 1992 Vict.
746 1961 772 1992 Ι.
799 1960 831 1994 2.
859 1958 986 1991 Lamb.
1014 1957 1148 1991 Graev.
1182 1956 1274 1990 Ern.
1312 1957 1404 1989 Liin.
1451 1955 1644 1990 ORELLI.

178 2012 338 2052 repetere
363 2021 411 2038 z:
437 2017 502 2040 suo
529 2007 612 2041 iure
638 2014 778 2052 petere.
807 2025 849 2030 —
888 2016 1039 2048 negare,
1065 2017 1260 2053 versagen,
1288 2004 1527 2052 abschlagen.

270 2071 302 2102 7.
357 2067 458 2101 Veni.
501 2067 674 2101 Tertium
700 2068 857 2102 crimen.
894 2067 1011 2113 Saepe
1038 2067 1176 2101 accessi
1201 2067 1405 2100 Antonium
1432 2067 1646 2110 consulem;
1699 2092 1702 2093 ν

173 2116 239 2150 sed
263 2123 408 2150 tantum
434 2115 620 2149 salutandi
645 2129 761 2150 causa.
791 2135 830 2140 —
852 2116 1067 2159 frequentes
1093 2122 1178 2149 statt
1195 2115 1431 2159 frequentius
1448 2115 1644 2158 (Graevii).

173 2165 210 2199 S.
236 2164 386 2199 Ramsh.
413 2163 442 2205 §.
470 2166 551 2205 203,
575 2164 624 2208 ΙΙ,
651 2167 683 2200 2.
711 2176 780 2198 zur
804 2163 1068 2211 Verst'a'rkung·
1093 2163 1193 2196 noch
1217 2175 1304 2196 zum
1329 2163 1530 2206 Frequent.
1564 2174 1644 2196 ven-

175 2213 286 2247 titare
320 2212 586 2259 hinzugefiigt.
635 2231 682 2237 —
723 2222 868 2254 arrog„
902 2212 1147 2258 Aninassung.
1192 2211 1279 2244 haec
1312 2210 1444 2244 weiset
1477 2212 1543 2244 auf
1572 2211 1644 2244 den

175 2262 269 2308 folg.
295 2272 414 2295 accus.
441 2272 471 2294 c.
500 2260 567 2294 inf.
593 2271 652 2294 eos
678 2285 685 2294 .
713 2285 721 2294 .
748 2260 899 2302 efficere
934 2259 1070 2293 conari.
1114 2278 1159 2283 —
1202 2259 1296 2303 quod
1318 2273 1366 2290 z
1393 2258 1431 2291 in
1464 2258 1643 2293 Hinsicht

175 2310 320 2349 dessen,
356 2308 434 2342 dass
463 2308 576 2343 oder
609 2309 651 2342 da
679 2308 775 2343 doch
801 2308 912 2342 Casar
946 2307 1021 2340 mir
1056 2307 1117 2341 nie
1149 2313 1379 2355 untersagte‚
1422 2306 1492 2341 mit
1525 2306 1643 2342 VVem

175 2357 239 2391 ich
265 2357 414 2399 wolhe,
439 2368 549 2390 umzu
582 2357 689 2390 eben.
743 2356 871 2390 Licuit
895 2355 992 2389 mihi
1017 2367 1085 2401 per
1111 2355 1310 2389 Caesarem
1333 2355 1379 2388 iis
1405 2354 1476 2393 uti,
1511 2355 1644 2400 quibus

175 2406 332 2440 vellem.
360 2423 402 2429 —-
429 2405 487 2438 iis.
514 2407 549 2438 M
580 2430 587 2437 .
613 2405 709 2439 Vict.
735 2407 768 2440 2.
795 2403 863 2438 lu's.
892 2424 931 2430 —
959 2404 1153 2447 carpendo,
1179 2402 1502 2448 reprehendendo.

271 2455 303 2488 8.
355 2453 539 2495 modestia,
561 2452 622 2486 die
648 2451 1070 2499 Zuriickgezogenheit.
1100 2470 1140 2475 —
1176 2462 1219 2484 ne
1247 2452 1353 2484 etiam
1377 2451 1422 2492 ii,
1449 2450 1519 2484 Md.
1546 2450 1642 2484 Vici.

176 2504 208 2538 2.
242 2501 291 2534 Ῐιί.
337 2520 377 2525 -
421 2501 656 2534 constantiam
690 2501 729 2533 in
755 2500 907 2534 colenda
941 2500 1122 2540 amicitia,
1155 2510 1290 2546 weg-en
1316 2499 1463 2533 meiner
1489 2498 1642 2533 beharr-

177 2549 304 2584 lichen
330 2548 604 2583 Freundsehatt
630 2561 675 2597 ge
708 2560 753 2582 en
779 2549 900 2582 C'a'sar.
943 2568 983 2572 —-
1025 2547 1170 2589 habere,
1207 2547 1286 2580 dass
1313 2547 1409 2581 auch
1436 2547 1495 2579 dic
1522 2572 1529 2579 .
1559 2571 1566 2579 .
1599 2572 1606 2579 .

177 2598 285 2632 nieht
312 2598 432 2631 lieber
457 2598 642 2637 mennae,
678 2561 738 2630 {ie
765 2597 852 2638 mir,
889 2597 944 2630 als
980 2596 1039 2629 die
1075 2596 1191 2628 ihnen
1227 2595 1400 2643 glichen‚
1426 2594 1509 2628 sich
1536 2597 1642 2627 wiin-

178 2646 294 2680 schen
319 2646 469 2679 sollten.
524 2665 566 2671 —
615 2646 651 2679 in
676 2645 764 2688 otio,
798 2645 837 2677 in
871 2642 1258 2679 wissenschaftlicher
1281 2643 1401 2685 Ruhe,
1439 2654 1512 2675 von
1543 2642 1645 2676 allen

180 2693 407 2740 politischen
431 2694 726 2741 Verbindungen
761 2693 938 2728 entfcrnt.
997 2691 1146 2727 Rhodus
1185 2692 1258 2727 fuit
1293 2692 1489 2727 doctorum
1520 2689 1643 2725 homi-
