1795 3086
192 104 506 149 EPISTOLA
538 102 909 146 DCCCXXXII
948 100 1353 145 DCCCXXXIII.
1453 99 1539 148 331

59 218 161 259 sunt
190 218 379 265 senatui,
418 230 552 272 quum
591 216 721 258 rebus
759 214 885 269 ipsis,
926 228 1040 269 quae
1079 218 1207 256 erant
1252 214 1546 269 gravissimae

59 277 105 313 et
141 275 378 319 maximae,
424 272 659 314 fortissimi
708 270 847 312 animi
895 271 1143 325 summique
1193 271 1394 312 consilii:
1451 274 1547 311 tum

57 327 192 369 etiam
221 331 444 384 gravitate
482 327 802 370 sententiarum
840 330 972 381 atque
1009 328 1262 368 verborum.
1343 325 1448 379 Sed,
1487 325 1550 365 mi

57 383 245 438 Plance,
273 386 492 437 incumbe,
521 388 572 424 ut
600 382 711 425 belli
741 385 945 424 extrema
973 382 1208 437 perficias:
1254 382 1301 422 in
1341 381 1430 422 hoc
1459 380 1549 422 erit

57 453 229 482 summa
266 445 310 482 et
344 440 490 495 gratia
529 443 572 480 et
611 438 772 493 gloria.
852 438 997 492 Cupio
1036 439 1187 480 omnia
1234 438 1301 479 rei
1338 436 1548 493 publicae

59 509 215 538 causa:
246 497 339 543 sed,
367 495 663 541 mehercules,
699 495 745 534 in
788 507 840 535 ea
870 494 1177 535 conservanda
1206 494 1295 534 iam
1326 493 1549 547 defatiga-

59 555 131 593 tus
171 566 259 594 non
296 552 438 593 multo
484 553 585 605 plus
624 550 798 606 patriae
836 548 982 595 faveo,
1034 562 1167 603 quam
1208 554 1311 591 tuae
1351 549 1550 604 gloriae:

59 607 188 649 cuius
217 609 457 649 maximam
487 607 746 649 facultatem
784 606 868 646 tibi
898 605 965 646 dii
994 605 1285 657 immortales,
1326 611 1376 646 ut
1406 618 1553 660 spero,

60 663 249 705 dedere:
280 677 409 718 quam
440 665 753 720 complectere,
783 663 985 703 obsecro.
1046 659 1138 710 Qui
1166 661 1285 701 enim
1307 660 1549 702 Antonium

61 721 346 774 oppresserit,
396 720 436 760 is
478 719 565 762 hoc
592 721 760 761 bellum
790 718 1069 760 teterrimum
1099 716 1548 770 periculosissimum-

58 789 143 830 que
173 775 435 817 confecerit.

185 968 502 1011 EPISTOLA
533 964 942 1009 DCCCXXXIII.
975 967 1052 1014 (ad
1082 966 1191 1007 Div.
1221 965 1309 1007 XI.
1341 967 1428 1015 12.)

266 1041 345 1077 scr.
372 1042 510 1077 Romae
535 1052 666 1076 mense
690 1041 787 1076 Maio
813 1042 858 1075 A.
895 1042 940 1075 U.
971 1041 1010 1075 c.
1039 1043 1121 1076 711.
1147 1042 1194 1083 (a.
1224 1041 1264 1076 c.
1291 1042 1366 1084 43.)

63 1108 240 1151 Queritur
265 1108 308 1142 ab
334 1109 498 1144 Antonio
527 1109 668 1142 bellum
694 1115 931 1149 renovatum,
969 1108 1033 1153 qui
1059 1108 1261 1142 hominum
1296 1108 1485 1154 opinione,
1522 1121 1552 1141 sn

275 1157 450 1192 celeritas
473 1158 641 1191 adhibita
671 1163 779 1200 esset,
806 1157 973 1202 opprimi
999 1157 1193 1202 potuisset.
1232 1159 1337 1193 1—2.

285 1230 332 1262 Μ.
360 1228 536 1263 CICERO
564 1228 600 1263 S.
628 1230 672 1263 D.
699 1229 743 1262 D.
770 1227 933 1262 BRUTO
960 1227 1053 1261 IMP.
1085 1227 1184 1262 COS.
1211 1227 1318 1262 DES.

173 1301 290 1341 Tres
321 1313 409 1340 uno
447 1299 522 1340 die
561 1314 589 1341 a
626 1305 672 1341 te
712 1300 865 1353 accepi
904 1299 1145 1354 epistolas:
1188 1313 1316 1340 unam
1356 1301 1552 1351 brevem,

64 1370 193 1411 quam
222 1357 390 1397 Flacco
420 1355 667 1396 Volumnio
699 1355 913 1403 dederas3
945 1356 1054 1395 duas
1083 1356 1337 1409 pleniorest
1368 1369 1553 1410 quarum

63 1413 248 1453 alteram
279 1411 538 1452 tabellarius
568 1412 624 1453 T.
655 1411 783 1452 Vibii
813 1412 984 1457 attulit,
1022 1411 1213 1452 alteram
1242 1412 1299 1451 ad
1329 1425 1400 1452 me
1429 1412 1554 1452 misit

63 1468 228 1523 Lupus.
307 1468 383 1509 Ex
429 1469 519 1508 tuis
568 1468 716 1509 literis
766 1471 811 1509 et
857 1480 916 1508 ex
958 1466 1165 1508 Graeceii
1216 1467 1417 1508 oratione
1465 1481 1554 1508 non

64 1525 196 1565 modo
225 1537 314 1565 non
343 1525 603 1565 restinctum
634 1524 817 1570 bellum,
860 1522 940 1564 sed
970 1523 1105 1564 etiam
1134 1522 1457 1565 inflammatum
1486 1524 1554 1565 vi-

65 1581 207 1621 detur.
265 1580 367 1621 Non
405 1579 563 1621 dubito
603 1584 763 1632 autem,
814 1593 896 1634 pro
934 1583 1014 1620 tua
1051 1579 1273 1634 singulari
1311 1579 1555 1634 prudentia

64 1636 172 1692 quin
201 1635 463 1690 perspicias,
498 1636 539 1676 si
578 1636 750 1691 aliquid
782 1635 1009 1676 firmitatis
1038 1641 1192 1676 nactus
1222 1636 1286 1677 sit
1313 1636 1553 1686 Antonius,

66 1693 215 1734 omnia
243 1696 321 1733 tua
348 1692 427 1732 illa
457 1692 692 1746 praeclara
732 1692 779 1732 in
818 1705 912 1732 rem
941 1692 1170 1746 publicam
1207 1692 1371 1733 merita
1399 1692 1459 1732 ad
1487 1692 1554 1731 ni-

67 1748 212 1789 hilum
242 1761 340 1789 esse
368 1750 570 1789 ventura.
640 1747 714 1790 Ita
750 1747 869 1789 enim
908 1746 1102 1789 Romam
1150 1752 1247 1790 erat
1284 1747 1556 1796 nuntiatum,

66 1805 131 1846 ita
158 1817 415 1860 persuasum
446 1805 664 1857 omnibus,
714 1816 812 1846 cum
858 1803 1012 1859 paucis
1052 1804 1255 1857 inermis,
1299 1803 1558 1859 perterritis

69 1971 166 2005 coni.
193 1969 281 2005 Sch.
308 1971 402 2004 Liin.
434 1969 602 2013 suerunt.
632 1990 671 1996 —
701 1971 807 2005 rebus
832 1970 935 2015 ipsia,
961 1981 1098 2019 wegen
1123 1970 1188 2004 des
1213 1970 1373 2004 Inhalts.
1401 1986 1444 1995 —-
1464 1969 1559 2011 sor-

14 2013 15 2030 *
70 2019 234 2052 tissimi.
262 2044 270 2052 .
298 2019 457 2060 consilii,
491 2018 568 2051 und
602 2020 656 2053 als
691 2020 751 2053 ein
785 2020 931 2054 Beweis
954 2031 1031 2054 von
1067 2020 1160 2053 eben
1191 2029 1232 2053 so
1264 2030 1431 2069 grossem
1463 2017 1560 2052 Hel-

68 2067 253 2102 denmuth
278 2068 330 2101 als
356 2067 491 2101 ho'chst
517 2067 663 2102 weisen
688 2068 918 2116 Massregeln
942 2068 1127 2116 vorliegt.

166 2136 199 2169 2.
253 2133 371 2178 Cupio
397 2157 405 2168 .
434 2160 442 2167 .
469 2145 592 2178 causa,
627 2134 694 2169 ich
720 2136 820 2169 biete
847 2146 952 2170 zwar
976 2135 1052 2169 alle
1077 2133 1201 2168 meine
1228 2133 1360 2168 Kr'dfte
1397 2134 1468 2167 auf
1497 2133 1563 2166 fiir

72 2182 136 2216 das
170 2182 260 2215 Heil
288 2182 356 2215 der
380 2182 586 2228 Republik.
639 2202 682 2208 —
731 2184 770 2217 in
796 2194 839 2217 ea
864 2194 1041 2225 conseru,
1077 2189 1191 2216 unter
1222 2182 1295 2216 den
1320 2182 1470 2229 Sor-gen
1497 2182 1563 2214 fiir

17 2251 18 2255 =
71 2230 157 2264 ihre
182 2230 413 2278 Erhaltung.
443 2250 485 2255 —
511 2232 746 2274 defatigatus
771 2245 821 2263 z
847 2231 1078 2274 defetigatus
1102 2231 1335 2267 Md.viet.2.
1364 2229 1563 2264 ORELLI.

17 2276 18 2300 ἶ
72 2297 120 2304 -
144 2279 279 2312 dedere.
331 2280 412 2314 Hoc
438 2290 586 2324 quoque
620 2280 706 2314 loco
733 2280 803 2314 ista
834 2280 1056 2315 terminatio
1084 2279 1255 2314 librariis
1289 2279 1416 2326 potius
1451 2288 1564 2322 quam

18 2335 19 2361 ζ
74 2326 203 2361 Tullio
229 2326 359 2361 deberi
383 2327 546 2362 videtur.
577 2327 774 2362 ORELLI.
804 2347 847 2353 —
873 2329 1012 2372 compl„
1039 2327 1222 2377 ergreife.

171 2395 204 2431 1,
253 2393 388 2426 FIacco
419 2394 628 2437 Volumnio,
663 2395 728 2439 qui
752 2395 903 2430 Decimi
928 2396 1037 2430 Bruti
1071 2396 1219 2444 legatus
1244 2400 1337 2429 erat.
1386 2393 1473 2428 vid.
1503 2403 1563 2438 ep.

75 2441 156 2479 824,
181 2443 210 2474 1.
263 2459 306 2464 —
358 2441 435 2474 Titi
471 2443 595 2485 Vibii,
636 2443 899 2478 vermuthlich
933 2444 1037 2478 eines
1070 2440 1481 2478 Unterbefehlshabers
1512 2442 1566 2474 im

75 2488 199 2522 Heere
226 2488 291 2523 des
316 2489 465 2524 Brutus.
491 2511 534 2516 —
562 2490 694 2535 LupuS.
723 2491 761 2526 S.
790 2503 848 2537 ep.
876 2494 955 2528 777.
983 2493 1064 2527 778.
1091 2494 1172 2528 779.
1219 2510 1262 2515 -
1301 2490 1488 2524 Graeceiz'.
1527 2488 1566 2523 S-

78 2547 134 2581 ep.
161 2538 243 2578 779,
272 2539 303 2571 l.
340 2557 382 2562 -—
420 2539 644 2578 restinctum,
669 2540 867 2588 gel'o'scht3
906 2540 1102 2583 inflamm„
1126 2540 1167 2572 in
1192 2538 1327 2573 vollen
1353 2537 1567 2571 Flammen.

77 2602 121 2609 —
147 2595 216 2628 pro
242 2598 291 2616 τε
316 2587 511 2634 νρτῐηὸςθ,
537 2587 645 2622 nach.
700 2607 743 2612 -
792 2589 841 2621 ad
863 2587 936 2622 nili.
963 2600 1040 2622 esse
1066 2592 1172 2630 vent„
1198 2587 1238 2619 in
1263 2585 1405 2619 Nichts
1432 2596 1569 2630 zerge-

78 2631 155 2665 hen
180 2633 348 2676 werden,
376 2634 578 2669 interitura
603 2647 694 2670 esse.
725 2653 768 2659 -
794 2636 953 2669 inermis.
994 2636 1059 2670 Sic
1083 2636 1158 2671 Md.
1186 2637 1317 2682 Margo
1342 2633 1443 2668 Crat.
1469 2634 1568 2668 vict.

82 2682 114 2714 l.
139 2681 173 2716 2.
199 2680 327 2715 Lamb.
354 2682 491 2716 Graev.
518 2684 654 2718 Bened.
682 2684 877 2718 inermibus
902 2685 1018 2729 Neap.
1047 2684 1133 2718 Asc.
1162 2686 1193 2718 1.
1228 2683 1330 2717 Crat.
1358 2682 1451 2716 Ern.
1477 2681 1568 2717 sch.

24 2758 25 2762 ,
80 2728 187 2770 Liin„
214 2741 322 2773 quae,
349 2736 389 2763 ut
414 2731 626 2771 imbecillis,
654 2732 850 2767 recentior
875 2732 1029 2767 videtur
1055 2734 1189 2766 forma.
1217 2732 1287 2765 cfr.
1314 2729 1394 2765 Lib.
1419 2733 1472 2765 10.
1500 2731 1571 2775 Ep.

80 2778 127 2812 33
154 2784 189 2811 et
214 2779 271 2812 34.
298 2777 493 2813 ORELLI.
