1795 3086
158 1325 186 1365 ω

227 73 330 127 288,
503 75 570 120 Μ.
602 76 657 120 Τ.
689 73 1030 121 CICERONIS
1060 75 1435 123 EPISTOLAE.

228 190 376 242 affert,
406 200 536 242 quam
564 191 609 228 et
638 199 735 228 esse
765 187 853 233 iam
882 190 926 228 et
947 186 1142 233 futuram
1157 190 1478 244 amplissimam
1493 191 1710 248 intelligo.

228 246 346 290 Cave
381 244 498 284 enim
535 245 663 297 putes
700 243 815 289 ullas
853 256 1040 300 unquam
1091 246 1245 289 literas
1291 247 1536 301 gratiores,
1580 261 1713 304 quam

228 306 350 350 tuas,
380 300 425 341 in
455 303 609 343 senatu
636 312 734 344 esse
763 299 987 345 recitatas.
1055 299 1197 355 quue
1229 302 1419 357 contigit
1448 317 1582 358 quum
1619 318 1711 346 me-

227 358 414 401 ritorum
442 359 620 397 tuorum
649 355 694 400 in
733 368 826 399 reni
859 356 1080 409 publicam
1113 358 1277 400 eximia
1315 358 1505 412 quadam
1542 359 1710 414 magni-

226 413 401 463 tudine,
439 416 532 454 tum
569 412 803 456 verborum
833 413 1237 468 sententiarumque
1278 415 1510 468 gravitate.
1578 414 1713 464 Quod

226 468 337 513 mihi
365 467 544 522 quidem
571 468 752 512 minime
786 481 973 520 novum,
1008 469 1084 523 qui
1113 473 1157 512 et
1184 474 1228 511 te
1257 483 1434 513 nossem
1464 475 1509 512 et
1536 473 1713 512 tuarum

225 525 455 570 literarum
483 524 541 566 ad
570 538 641 569 nie
669 524 906 568 missarum
935 525 1157 578 promissa
1185 527 1484 575 meminissem
1514 530 1558 567 et
1577 525 1713 568 habe-

225 594 322 622 rem
361 593 389 621 a
428 580 596 627 Furnio
632 583 786 624 nostro
826 583 902 623 tua
938 581 1109 634 penitus
1159 583 1347 624 consilia
1384 583 1588 637 cognita:
1634 582 1714 624 sed

225 637 399 681 senatui
428 637 598 682 maiora
626 637 722 680 ⁷visa
748 638 864 688 sunt,
893 648 1026 690 quam
1055 640 1181 679 erant
1210 642 1485 693 exspectata:
1514 651 1602 679 non
1627 652 1713 692 quo

225 706 414 747 unquam
456 692 513 735 de
551 696 628 737 tua
665 691 891 733 voluntate
930 690 1201 740 dubitasset;
1241 694 1319 735 sed
1357 708 1460 745 nec,
1499 698 1712 749 quantum

226 749 378 790 facere
407 762 576 803 posses,
608 762 688 791 nec
717 746 865 802 quoad
895 747 1081 802 progedi
1109 748 1260 799 velles,
1290 751 1572 804 exploratum
1602 750 1712 791 satis

224 805 424 849 habebat.
456 805 637 863 ⁸Itaque
672 817 805 858 quum
844 816 884 847 a.
922 803 968 847 d.
999 817 1073 847 vn.
1103 803 1213 849 Idus
1241 806 1418 860 Apriles
1447 819 1574 855 mane
1602 805 1714 846 mihi

226 866 324 906 tuas
365 862 519 906 literas
556 861 620 903 Μ.
660 859 918 903 Varisidius
958 859 1230 902 reddidisset
1278 873 1439 916 easque
1487 861 1712 914 legissem,

225 917 480 959 incredibili
508 916 669 971 gaudio
709 929 804 956 sum
834 915 996 956 elatus:
1033 929 1250 971 quumque
1278 930 1437 971 magna
1476 917 1715 958 multitudo
1786 962 1788 970 .

226 974 491 1027 optimorum
528 974 728 1015 virorum
768 975 811 1011 et
846 970 1010 1012 civium
1064 985 1135 1012 me
1183 973 1239 1013 de
1285 960 1417 1014 ilomo
1457 972 1712 1025 deduceret,

226 1029 315 1070 feci
345 1030 556 1071 continuo
586 1040 738 1073 omnes
765 1027 1010 1080 participes
1040 1040 1164 1071 meae
1203 1028 1462 1082 voluptatis.
1521 1029 1713 1070 Interim

226 1086 282 1126 ad
325 1099 394 1126 me
432 1085 556 1125 venit
594 1081 823 1122 Munatius
860 1085 1035 1133 noster,
1074 1087 1124 1122 ut
1162 1087 1421 1125 consuerat:
1468 1087 1516 1125 at
1554 1098 1637 1139 ego
1667 1085 1711 1125 ei

224 1141 380 1182 literas
409 1144 532 1189 tuas3
561 1137 791 1179 nihildum
818 1137 938 1178 enim
961 1137 1144 1179 sciebat.
1203 1137 1321 1179 Nam
1342 1140 1400 1179 ad
1419 1152 1490 1180 me
1520 1141 1714 1193 primum
1783 1184 1784 1187 Ἴ

225 1196 511 1240 Varisidius:
542 1195 674 1249 idque
693 1193 779 1237 sibi
797 1205 824 1237 a
842 1196 887 1233 te
909 1193 1168 1239 mandatum
1192 1207 1288 1235 esse
1309 1194 1504 1238 dicebat.
1553 1195 1712 1239 Paullo

224 1256 326 1308 post
354 1253 477 1293 idem
506 1250 619 1292 mihi
648 1249 883 1291 Munatius
912 1262 988 1290 eas
1012 1249 1168 1290 literas
1188 1250 1399 1304 legendas
1421 1250 1572 1303 dedit,
1602 1264 1712 1306 quas

224 1309 313 1364 ipsi
350 1309 558 1357 miseras,
599 1310 643 1347 et
685 1319 784 1358 eas,
836 1317 946 1359 quas
984 1304 1172 1359 publice.
1242 1307 1424 1348 Placuit
1463 1307 1615 1359 nobis,
1663 1310 1714 1348 ut
1782 1315 1783 1324 ¹

222 1365 376 1408 statim
416 1364 474 1404 ad
514 1364 762 1404 Cornutum
792 1364 1046 1415 praetorem
1074 1362 1289 1403 urbanum
1320 1363 1479 1403 literas
1509 1362 1712 1404 deserre-
1780 1363 1782 1366 ’

222 1434 339 1463 mus:
377 1420 478 1475 qui,
507 1418 629 1475 quod
658 1418 861 1460 consules
890 1418 1100 1470 aberant,
1131 1418 1367 1463 consulare
1390 1432 1549 1466 munus
1578 1419 1711 1459 susti-
1780 1418 1782 1423 ’

220 1478 355 1523 nebat
389 1488 523 1533 more-
551 1475 785 1520 maiorum.
850 1470 1042 1516 Senatus
1083 1477 1150 1514 est
1187 1475 1398 1521 continuo
1427 1478 1710 1527 convocatus,
1778 1515 1780 1517 .

220 1533 518 1592 frequensque
545 1531 761 1581 convenit
789 1532 972 1589 propter
991 1528 1155 1578 famam
1177 1535 1307 1589 atque
1327 1531 1712 1586 exspectationem

220 1686 274 1719 ila
300 1684 362 1718 bei
387 1683 675 1729 Betheurungen
712 1694 741 1717 s.
777 1680 932 1719 Ramsh.
971 1682 1003 1726 §-
1042 1683 1122 1725 166,
1155 1683 1188 1718 3.
1223 1683 1266 1716 N.
1303 1683 1335 1717 2.
1370 1682 1521 1716 Grotef.
1558 1683 1588 1726 §.
1624 1683 1709 1719 384.
1776 1689 1778 1695 ’

219 1735 324 1767 Anm.
352 1734 385 1768 5.
411 1750 459 1757 -—
483 1732 690 1775 gratiores.
716 1731 779 1764 Sic
806 1733 908 1770 Man.
935 1731 1068 1765 Lamb.
1095 1730 1181 1764 Sch.
1211 1731 1308 1766 Liin.
1337 1732 1407 1764 cfr.
1434 1731 1537 1764 infra
1560 1733 1630 1776 Ep.
1653 1733 1708 1766 16.

220 1782 274 1824 (h.
301 1780 358 1815 ed.
385 1781 487 1822 822.)
539 1782 739 1815 Praeterea
764 1780 935 1825 ineptum
961 1785 1043 1812 erat
1075 1779 1203 1812 dicere
1237 1780 1395 1819 „literas
1427 1790 1560 1824 graves
1593 1779 1711 1813 fuisse

222 1856 228 1862 .
256 1856 264 1863 .
295 1853 304 1863 .
331 1830 530 1864 verborum
557 1828 907 1873 sententiarumque
933 1826 1163 1873 gravitate.“
1196 1827 1397 1869 graviores
1429 1828 1541 1861 solito
1573 1827 1611 1860 in
1637 1827 1711 1861 hoc
1775 1830 1776 1839 ¹

220 1892 256 1914 v,
282 1889 410 1913 errore
443 1877 525 1912 Md.
560 1879 663 1913 Crat.
701 1876 797 1910 Vict.
833 1879 863 1911 1.
899 1876 934 1911 2.
970 1877 1105 1910 Graev.
1144 1877 1230 1909 Ern.
1266 1876 1404 1908 Bened.
1441 1875 1638 1911 ORELLI.
1664 1894 1710 1901 —
1773 1900 1774 1903 η

220 1938 369 1969 novum,
402 1925 462 1970 qui
487 1939 537 1958 z
570 1927 710 1971 quippe
739 1925 821 1971 qui,
855 1935 970 1970 quum
1004 1935 1089 1969 ego.
1126 1942 1169 1948 —
1206 1923 1355 1957 Furnio.
1389 1923 1424 1961 S,
1459 1935 1523 1969 ep,
1557 1925 1640 1966 800,
1675 1927 1708 1959 1,

220 1977 304 2018 805,
331 1978 362 2010 l.
392 1994 434 1999 —
469 1978 693 2018 exspectata.
744 1975 799 2011 Ex
833 1973 986 2019 antiqua
1019 1972 1261 2006 correctione
1293 1972 1393 2009 Edd,
1421 1983 1528 2005 meae
1562 1978 1710 2017 praeter
1759 1987 1765 2020 ‚¹

217 2026 283 2063 B„
320 2023 384 2069 qui
417 2034 506 2056 cum
538 2023 617 2057 Md.
651 2029 688 2055 et
719 2022 906 2071 plerisque
943 2021 1058 2055 Cdd.:
1093 2024 1268 2065 spectata.
1296 2021 1367 2054 cfr.
1395 2021 1520 2054 Rostii
1543 2021 1646 2065 Spec.
1673 2021 1709 2063 4,
1764 2030 1766 2034 ’

218 2086 255 2118 p.
283 2075 315 2108 7.
347 2071 541 2105 ORELLI.
568 2089 615 2096 —
640 2081 710 2104 non
736 2081 824 2116 qno,
851 2070 961 2103 nieht
986 2070 1039 2104 als
1065 2081 1187 2104 wenn.
1215 2089 1260 2095 —
1287 2069 1420 2113 quoad,
1448 2069 1502 2103 bis
1518 2070 1590 2102 wie
1607 2069 1710 2105 weit.

219 2121 282 2155 Sic
309 2120 410 2156 Vict.
439 2122 471 2154 l.
495 2121 583 2153 Ern.
620 2119 754 2154 Bened.
782 2120 892 2163 quod,
933 2125 974 2152 ut
999 2119 1097 2152 solet
1121 2118 1159 2155 in
1186 2118 1224 2154 h,
1252 2130 1312 2160 v.,
1343 2118 1425 2152 Md.
1454 2117 1554 2154 Vict.
1581 2119 1614 2152 2.
1642 2128 1710 2162 quo
1760 2152 1763 2153 ⁷
1790 2126 1795 2140 Α

219 2171 333 2215 Neap.
360 2170 443 2201 Asc.
471 2170 502 2203 1.
531 2170 630 2201 Crat.
658 2168 790 2201 Lamb.
819 2168 955 2201 Graev.
982 2166 1070 2201 sch.
1098 2166 1191 2199 Liin.
1208 2166 1295 2200 OR.

316 2218 349 2252 2.
380 2216 467 2251 VII.
494 2216 551 2251 IcI.
578 2215 724 2259 April.‚
751 2227 813 2249 am
840 2218 872 2251 7.
898 2214 1016 2261 April.
1052 2233 1095 2239 -
1134 2214 1190 2247 M.
1222 2213 1441 2247 Varisidius.
1479 2213 1512 2246 S.
1542 2224 1600 2258 ep.
1627 2214 1710 2256 803,
1768 2250 1770 2252 ,

222 2268 254 2300 1.
283 2284 324 2290 —-
353 2265 395 2298 de
422 2265 534 2298 domo.
559 2264 621 2297 Sic
646 2264 729 2298 Md.
756 2266 871 2310 Neap.
898 2262 982 2296 Asc.
1011 2265 1042 2297 1.
1071 2262 1168 2296 vict.
1195 2263 1228 2297 2.
1255 2262 1387 2298 Lamb.
1413 2272 1469 2294 me
1486 2262 1588 2294 donno
1608 2263 1706 2295 Crat.
1757 2274 1761 2294 ;

221 2314 328 2351 Vict.
358 2315 389 2348 1.
419 2313 550 2346 Graev.
576 2314 665 2346 Ern.
695 2312 831 2347 Bened.
864 2311 956 2349 sch.
989 2312 1086 2345 Liin.
1124 2309 1318 2344 ORELLI.
1355 2329 1396 2334 —
1427 2310 1514 2352 feci
1540 2335 1548 2343 .
1575 2335 1583 2342 .
1611 2320 1710 2343 meae

219 2360 435 2405 voluptatis,
470 2361 608 2395 theilte
641 2361 707 2395 ich
742 2361 845 2395 Allen
878 2361 944 2395 auf
975 2359 1042 2393 der
1074 2359 1188 2393 Stelle
1222 2359 1344 2392 meine
1378 2358 1529 2391 Frende
1555 2358 1637 2392 mit.
1663 2375 1708 2382 —-
1757 2371 1759 2394 ¹,
1793 2375 1795 2380 .

218 2413 262 2444 T.
291 2410 497 2449 Munatius,
523 2409 569 2442 de
597 2421 669 2454 quo
695 2410 733 2442 in
761 2416 927 2443 extrema
953 2408 1126 2454 epistola.
1181 2407 1253 2441 Hic
1280 2406 1410 2440 Planci
1432 2413 1614 2452 cognatus
1631 2417 1709 2487 (ἓξ-
1757 2409 1759 2422 ¹
1793 2412 1795 2426 ²

218 2460 294 2493 tius
320 2461 441 2504 quam'
459 2459 579 2492 frater
604 2459 696 2494 fuit.
748 2460 843 2491 Nam
877 2457 942 2490 ille
983 2457 1078 2490 alter
1110 2457 1155 2489 T.
1189 2455 1400 2496 Munatius,
1435 2466 1548 2500 quem
1581 2455 1627 2488 Pe

220 2519 291 2541 nus
317 2509 371 2540 ait
398 2506 509 2541 huius
534 2507 576 2541 L.
601 2507 729 2540 Planci
762 2507 922 2540 fratrem
957 2506 1093 2547 fuisse,
1129 2504 1168 2537 in
1195 2505 1331 2538 castris
1356 2503 1511 2536 Antonii
1537 2502 1634 2546 fuit,
1666 2509 1710 2536 ut
1764 2527 1765 2530 η
1794 2520 1795 2523 =

222 2555 385 2590 diximus
413 2566 471 2598 ep.
495 2556 532 2591 6.
559 2555 610 2599 (h.
639 2555 695 2588 ed.
721 2556 819 2597 800).
847 2553 1052 2589 MANUT.
1087 2571 1132 2578 —
1168 2556 1204 2586 at
1236 2563 1307 2595 ego
1342 2552 1374 2586 ei
1399 2550 1522 2585 literis
1547 2555 1628 2586 tuas
1651 2550 1708 2583 le-

222 2605 360 2649 gendas
386 2603 483 2638 dedi.
510 2621 556 2629 —
589 2603 638 2638 ad
667 2613 718 2638 me
749 2603 941 2641 attulerat.
978 2621 1022 2628 ——
1056 2611 1145 2646 quas
1174 2601 1321 2645 publice
1354 2601 1532 2642 miseras,
1568 2599 1708 2644 episto-

222 2654 295 2686 lam
397 2677 405 2687 .
1758 2680 1761 2683 .

316 2653 441 2737 {⁵me
477 2699 676 2735 Cornutmn
707 2705 829 2746 praet.
865 2700 1067 2741 urbanum,
1109 2699 1211 2732 cuius
1255 2698 1376 2743 prima
1419 2695 1581 2744 dignitas
1623 2701 1709 2730 erat
1757 2696 1761 2739 ζ

224 2749 434 2785 absentibus
460 2750 689 2787 consulibus.
717 2751 763 2784 V.
789 2748 960 2794 Philipp.
980 2749 1068 2784 Vll.
1097 2746 1299 2784 MANUT.
1315 2765 1362 2771 --
1386 2745 1595 2787 sustinebat,
1623 2755 1709 2778 ver·
1758 2750 1759 2753 ’
1788 2751 1795 2764 “
