1795 3086
190 96 253 144 40
462 98 528 142 M.
558 99 613 141 Τ.
646 95 985 142 CICERONIS
1016 97 1392 143 EPISTOLAE.

192 208 334 251 diam!
364 209 442 264 qui
473 209 617 264 legari
647 210 869 252 noluerim
900 215 999 253 ante
1030 224 1101 252 res
1131 212 1348 266 prolatas,
1379 222 1433 250 ne
1464 210 1675 254 deserere

192 265 376 307 viderer
404 265 523 306 hunc
553 278 702 306 rerum
730 269 973 317 tumorem3
1015 269 1105 308 cui'
1130 272 1253 309 certe
1292 268 1331 308 si
1370 278 1545 319 possem
1584 281 1674 308 me-

194 320 310 373 deri,
349 320 504 362 deesse
544 334 632 361 non
672 321 892 364 deberem.
971 322 1060 364 Sed
1100 323 1231 365 vides
1272 322 1585 376 magistratus,
1635 324 1676 364 si

194 376 378 432 quidem
417 376 492 417 illi
529 376 844 431 magistratu53
885 378 1013 421 vides
1052 381 1201 420 tamen
1239 378 1426 434 tyranni
1455 379 1677 427 satellites

194 432 244 473 in
272 431 501 485 imperiis3
530 432 657 474 vides
687 434 887 475 eiusdem
916 434 1174 485 exercitus;
1203 435 1332 476 vides
1362 433 1409 473 in
1440 434 1581 475 latere
1600 448 1678 476 ve-

194 492 399 537 teranos3
429 501 541 542 quae
570 492 672 530 sunt
699 489 907 539 εὐρίπιστα
935 490 1106 532 omnia:
1147 505 1223 532 eos
1255 493 1414 541 autem,
1445 490 1524 543 qui
1554 490 1678 531 orbis

195 547 344 584 terrae
386 543 604 585 custodiis
644 559 732 585 non
771 545 904 587 modo
943 547 1111 600 saepti,
1160 560 1315 588 verum
1355 544 1490 586 etiam
1528 546 1680 600 magni

195 612 292 640 esse
323 598 556 652 debebant,
586 601 892 643 tantummodo
923 601 1102 642 laudari
1134 607 1265 656 atque
1298 602 1452 647 amari,
1494 600 1573 642 sed
1603 614 1679 655 pa-

197 654 388 696 rietibus
418 655 654 697 contineri.
715 659 862 712 Atque
903 657 979 698 illi
1007 671 1187 711 quoquo
1215 657 1349 698 modo
1379 657 1525 705 beati3
1565 657 1680 699 civi-

196 714 264 752 tas
291 710 470 752 misera.
529 711 620 753 Sed
644 712 783 754 velim
803 713 938 760 scire,
967 713 1078 768 quid
1100 713 1316 754 adventus
1341 711 1549 754 Octavii:
1577 726 1681 754 num

293 842 328 876 2.
378 841 440 887 qui
465 856 513 874 z
541 842 638 887 quod
672 853 742 890 ego
768 843 894 885 legari
920 841 1101 877 noluerim
1134 842 1159 876 i.
1186 854 1217 876 e.
1251 841 1484 890 legationem
1520 842 1683 876 liberam

196 896 329 936 petere
354 902 374 923 a
399 897 531 924 senatu
557 891 747 925 noluerim
782 891 817 925 d.
845 891 870 925 i.
906 890 965 924 die
990 890 1214 924 Erlaubniss
1240 901 1327 924 vom
1355 889 1481 933 Senat,
1517 889 1602 923 sich
1627 890 1683 925 als

199 938 361 973 Senator
384 939 456 972 mit
481 938 568 972 dem
594 939 819 974 Ehrentitel
847 939 949 973 eines
970 939 1105 986 Legati
1129 940 1196 973 auf
1218 938 1488 973 unbestimmte
1507 939 1595 973 Zeit
1610 949 1684 973 von

197 986 295 1021 Rom
320 998 368 1020 zu
394 988 609 1022 entsernen.
662 1006 705 1012 —
747 992 830 1022 ante
856 997 918 1020 res
942 988 1125 1030 prolatas,
1151 993 1236 1021 ante
1264 986 1450 1020 iustitium
1477 993 1514 1021 et
1539 987 1684 1021 disces-

198 1046 280 1068 sum
310 1041 470 1069 senatus.
498 1035 608 1069 SCH.
640 1046 740 1079 „vor
765 1035 836 1068 den
862 1034 1147 1069 Rathsferien.“
1176 1053 1217 1059 -
1245 1033 1334 1068 hunc
1360 1045 1480 1068 rerum
1508 1039 1685 1069 tumorem

200 1089 247 1118 st.
274 1094 359 1117 rem
384 1082 579 1128 publicam
605 1083 646 1117 in
671 1083 746 1118 hoc
771 1094 900 1117 rerum
933 1089 1096 1124 tumore,
1133 1081 1329 1127 G'ahrung.
1381 1082 1417 1116 S.
1447 1094 1504 1127 ep.
1531 1084 1614 1124 683,
1643 1086 1683 1118 1:

200 1130 367 1165 Tument
393 1131 554 1178 negotia.
590 1152 632 1157 —
676 1133 808 1171 deesse,
834 1129 942 1164 mich
968 1131 1180 1164 entziehen.
1232 1132 1308 1165 Der
1344 1130 1528 1179 G'ahrung
1554 1137 1685 1176 entge-

199 1190 275 1227 gen
297 1191 349 1213 zu
374 1178 545 1212 arbeiten
572 1178 702 1213 schien
727 1179 811 1212 ihm
838 1178 1121 1227 Schuldigkeit.
1159 1198 1204 1203 —-
1237 1179 1495 1221 magistratus,
1539 1185 1581 1213 ut
1605 1180 1685 1213 An-

199 1226 361 1269 tonium,
388 1226 640 1269 Dolabellam,
667 1238 744 1261 non
770 1226 926 1272 antiquo
950 1226 1033 1260 iure
1058 1226 1120 1262 sed
1147 1227 1316 1261 Caesaris
1343 1226 1685 1262 arbitrio'creatos.

199 1274 308 1309 SGH.
336 1293 383 1300 -—-
415 1275 659 1318 magistratus
684 1275 872 1309 nominari
897 1280 1064 1319 possunt.
1099 1293 1140 1300 ——
1179 1279 1299 1308 tamen
1332 1274 1406 1308 del.
1435 1274 1522 1308 Sch.
1550 1275 1591 1308 in
1615 1275 1684 1309 Ed.

199 1323 287 1357 mai.
339 1322 454 1358 Abest
480 1324 593 1358 etiam
620 1324 660 1356 in
687 1323 805 1356 simili
832 1323 917 1356 loco
945 1333 1002 1369 ep.
1030 1324 1111 1358 685.
1141 1341 1181 1347 —
1212 1323 1372 1366 tyranni,
1400 1322 1567 1357 Caesaris
1584 1324 1685 1364 scil.,

199 1371 390 1410 satellites,
437 1378 479 1405 ut
513 1372 706 1411 Plancum,
749 1371 949 1416 Lepidum,
993 1371 1174 1413 Asinium,
1223 1370 1436 1414 Caninium,
1478 1371 1684 1414 Vatinium,

201 1419 385 1459 Hirtium,
411 1419 579 1463 Pansam,
606 1420 864 1454 Cornificium.
913 1419 1135 1453 CORRAD.
1180 1418 1217 1452 in
1243 1420 1343 1463 imp„
1377 1430 1424 1452 an
1460 1418 1529 1452 der
1554 1418 1685 1464 Spitze

200 1479 275 1502 von
300 1467 621 1515 Kriegesheeren.
674 1489 718 1494 —
771 1467 936 1506 eiusdem,
972 1467 1152 1507 Caesaris,
1190 1468 1382 1508 exercitu-9,
1417 1467 1482 1510 qui
1516 1468 1687 1502 Caesaris

200 1515 480 1562 profectionem
506 1517 547 1549 in
572 1515 730 1550 Parthos
757 1521 1015 1561 exspectantes
1043 1515 1083 1548 in
1107 1515 1198 1548 urbe
1226 1521 1451 1550 manserant.
1486 1516 1686 1551 MANUT.

200 1564 488 1612 „Compagnien
512 1575 587 1598 von
612 1565 1008 1599 seinenVeteranen.“
1024 1581 1066 1586 —
1092 1562 1130 1596 in
1157 1563 1274 1596 latere
1300 1564 1339 1596 in
1354 1563 1572 1608 Campania:
1600 1576 1687 1598 nam

201 1612 286 1661 agri
313 1612 496 1658 Campani
521 1619 668 1658 partem
696 1612 914 1646 incolebant
940 1622 959 1644 a
978 1611 1134 1645 Caesare
1160 1611 1400 1659 assignatam.
1453 1612 1530 1645 Hos
1558 1619 1687 1657 postea

203 1660 406 1708 quingenis
433 1661 598 1695 denariis
623 1661 847 1695 Octavianus
874 1660 914 1692 in
941 1671 1023 1692 suas
1050 1665 1174 1704 partes
1201 1659 1382 1693 traduxit.
1410 1659 1499 1695 Vid.
1519 1660 1563 1693 ad
1576 1661 1687 1699 Attio,

204 1708 302 1750 XVI,
330 1712 362 1744 7.
388 1709 592 1743 MANUT.
617 1728 663 1734 —-
698 1706 888 1754 εὕρίπιστα
915 1720 934 1741 a
960 1706 1112 1753 ῥιπίζειν
1137 1707 1329 1749 dicuntur,
1356 1719 1448 1752 quae
1473 1708 1586 1742 facile
1611 1710 1689 1742 suf-

204 1756 290 1789 flari
326 1763 501 1802 possunt,
537 1764 579 1791 ut
612 1758 729 1790 maius
765 1756 984 1790 incendium
1017 1767 1044 1789 s.
1079 1755 1287 1801 periculosi
1318 1761 1440 1789 motus
1475 1763 1687 1803 erumpant.

205 1804 317 1839 SCH.
369 1804 502 1839 idonea
538 1805 583 1839 ad
617 1804 855 1839 excitandum
892 1803 1121 1837 incendium.
1156 1797 1276 1838 LUN.
1326 1815 1431 1846 „was
1457 1804 1549 1837 alles
1576 1811 1690 1852 guter

206 1853 364 1886 Zunder
388 1865 475 1886 zum
500 1853 648 1887 Brande
675 1853 732 1887 ist.
761 1871 803 1877 --
837 1852 965 1895 magni
990 1863 1064 1885 esse
1090 1852 1264 1885 debebant
1300 1864 1349 1881 Ξ
1385 1851 1567 1886 deberent
1592 1853 1631 1888 h.
1659 1865 1689 1887 e.

207 1900 274 1945 qui
300 1912 376 1935 non
403 1901 513 1936 modo
539 1902 711 1937 omnium
737 1901 957 1935 mortalium
983 1900 1130 1943 studiis,
1169 1900 1257 1944 quia
1291 1899 1372 1932 scil.
1410 1900 1542 1934 orbem
1568 1907 1686 1934 terra—

207 1961 294 1983 rum
321 1948 545 1990 liberarunt,
572 1949 731 1991 defensi,
761 1948 825 1983 sed
851 1949 964 1983 etiam
990 1948 1162 1982 illustres
1190 1953 1227 1981 et
1253 1959 1382 1981 rerum
1408 1955 1584 1993 potentes
1612 1960 1691 1984 esse

208 1996 401 2032 debebant.
431 1997 648 2033 GRONOV.
700 1997 736 2031 S.
764 1997 917 2031 Ramsh.
957 1996 985 2038 ξ.
1016 1998 1094 2035 166,
1123 1998 1158 2038 2,
1185 2007 1216 2029 c.
1242 1997 1330 2030 Not.
1371 1999 1509 2038 „etiam
1543 1998 1692 2040 vagisse

208 2045 274 2079 Cd.
312 2046 466 2080 Decurt.
519 2046 594 2080 Sed
631 2057 813 2090 quaenam
848 2046 918 2078 ista
951 2044 1139 2090 oppositio
1172 2054 1241 2076 non
1276 2045 1376 2077 modo
1402 2046 1529 2088 saepti,
1563 2057 1692 2080 verum

207 2094 318 2127 eiiam
344 2094 499 2136 magni?
549 2094 710 2128 Latetne
736 2095 774 2126 in
802 2094 990 2138 scriptura
1017 2092 1081 2126 Cd.
1109 2093 1285 2126 Decurt..·
1312 2088 1412 2137 ἅγιοι
1440 2104 1514 2127 esse
1540 2105 1691 2136 „sacro-

193 2141 345 2181 ·sancti,
372 2142 662 2176 inviolabiles“'?
703 2141 899 2176 ORELLI.
954 2159 995 2166 —
1048 2140 1209 2173 laudari.
1260 2140 1316 2174 Cf.
1346 2153 1400 2185 ep.
1428 2143 1509 2183 685,
1541 2143 1606 2175 ubi
1639 2143 1693 2177 ait

208 2187 510 2235 τυραννοκτόνους
537 2191 577 2223 in
604 2190 711 2224 caelo
738 2200 817 2223 esse
853 2190 878 2227 i,
906 2200 937 2223 e.
971 2188 1016 2221 ad
1042 2188 1190 2222 caelum
1218 2188 1390 2222 laudibus
1419 2189 1561 2223 efferri.
1599 2190 1692 2232 „Sic

209 2239 283 2273 Md.
312 2239 428 2273 oxon.
460 2241 488 2272 l.
515 2241 547 2273 2.
575 2239 659 2272 Asc.
688 2241 719 2272 1.
749 2238 846 2272 Crat.
874 2237 978 2273 Vict.
1013 2239 1043 2271 l.
1066 2238 1100 2272 2.
1129 2235 1256 2270 Lamb.
1285 2240 1420 2270 tantum
1447 2248 1514 2271 non
1542 2239 1565 2271 l.
1594 2250 1628 2273 a.
1657 2250 1690 2273 a.
1745 2244 1746 2247 ’

208 2287 272 2320 sed
293 2298 330 2331 p.
358 2286 539 2320 contineri
565 2287 629 2320 Cd.
656 2288 811 2321 Decurt.
838 2286 919 2319 Bos.
947 2284 1084 2319 Graev.
1112 2284 1206 2318 Ern.
1242 2295 1313 2318 non
1344 2289 1479 2319 tantum
1515 2287 1540 2320 l.
1574 2297 1607 2319 a.
1642 2298 1691 2328 a.,

208 2346 247 2368 se
272 2346 307 2379 p.
333 2335 515 2369 continere
542 2334 629 2369 Sch.
659 2334 756 2368 coni.
797 2334 858 2367 Ex
886 2339 1011 2367 nostra
1037 2334 1091 2374 (et
1116 2333 1292 2374 Liinem.)
1318 2333 1480 2368 lectione
1507 2336 1691 2369 sententia

208 2383 305 2417 haec
329 2382 478 2428 prodit:
514 2395 559 2426 „a
594 2383 789 2429 plerisque
825 2382 978 2426 quidem
1004 2381 1217 2419 laudantur,
1259 2381 1324 2414 sed
1350 2381 1598 2417 nihilominus
1624 2395 1691 2429 pa-

210 2443 295 2465 rum
321 2430 501 2477 praesidii
534 2431 580 2464 iis
615 2437 671 2464 est
703 2431 743 2462 in
780 2431 898 2472 bonis,
935 2429 987 2462 ita
1023 2435 1064 2463 ut
1097 2428 1304 2473 parietibus
1341 2441 1378 2463 se
1405 2431 1600 2466 continere
1627 2431 1692 2465 de-

209 2479 358 2513 beant.“
387 2479 582 2514 ORELLI.
632 2480 733 2513 Metu
760 2478 983 2511 insidiarum
1010 2477 1166 2522 prodire
1193 2487 1270 2510 non
1295 2477 1491 2515 audebant.
1535 2496 1577 2502 —
1621 2479 1691 2513 At-

210 2538 277 2572 que
302 2528 452 2561 Priores
479 2539 564 2561 cum
590 2527 662 2561 Md.
690 2527 806 2571 Atqui
832 2526 898 2560 Cd.
925 2527 1081 2559 Decurt.
1109 2526 1188 2558 Bos.
1217 2525 1355 2559 Graev.
1378 2525 1470 2561 Ern.
1490 2526 1577 2560 Sch.
1595 2528 1692 2562 Liin.

211 2576 285 2610 OR.
336 2576 451 2618 „Und
476 2575 574 2610 doch
600 2574 684 2609 sind
709 2574 804 2608 auch
829 2574 929 2607 diese
954 2574 1007 2606 im
1025 2571 1233 2621 Vergleich
1259 2574 1329 2606 mit
1355 2573 1439 2608 dem
1466 2575 1693 2623 kl'aglichen

210 2623 398 2657 Zustande
441 2624 503 2657 des
536 2624 845 2659 Gemeinwesens
885 2623 950 2655 auf
986 2621 1095 2656 ieden
1129 2621 1217 2654 Fall
1262 2620 1362 2655 noch
1406 2623 1609 2671 gliicklich
1645 2635 1692 2657 zu

208 2673 398 2705 nennen.“

305 2722 340 2754 3.
392 2720 479 2764 qnid
502 2723 675 2755 adventus
704 2718 850 2754 Octavii
875 2717 1012 2762 pariat,
1049 2717 1110 2752 des
1148 2717 1529 2765 neunzehni'ahrigen
1557 2717 1689 2752 Gross-

209 2766 349 2808 neffem
377 2768 594 2814 adoptirten
614 2768 737 2804 Sohns
764 2766 840 2801 und
861 2765 1202 2801 Universalerbens
1223 2777 1311 2801 vom
1330 2766 1452 2801 cessar.
1505 2765 1692 2806 Octavius,
