<?xml version="1.0" encoding="UTF-8"?>
<!DOCTYPE html PUBLIC "-//W3C//DTD XHTML 1.0 Transitional//EN"
    "http://www.w3.org/TR/xhtml1/DTD/xhtml1-transitional.dtd">
<html xmlns="http://www.w3.org/1999/xhtml" xml:lang="en" lang="en">
 <head>
  <title>
</title>
<meta http-equiv="Content-Type" content="text/html;charset=utf-8" />
  <meta name='ocr-system' content='tesseract 3.04.00' />
  <meta name='ocr-capabilities' content='ocr_page ocr_carea ocr_par ocr_line ocrx_word'/>
</head>
<body>
  <div class='ocr_page' id='page_1' title='image "./epistolaeadattic04ciceuoft_0216.png"; bbox 0 0 1795 3086; ppageno 0'>
   <div class='ocr_carea' id='block_1_1' title="bbox 234 83 1434 138">
    <p class='ocr_par' dir='ltr' id='par_1_1' title="bbox 234 83 1434 138">
     <span class='ocr_line' id='line_1_1' title="bbox 234 83 1434 138; baseline -0.002 0"><span class='ocrx_word' id='word_1_1' title='bbox 234 90 329 138; x_wconf 79' lang='lat'><strong>206</strong></span> <span class='ocrx_word' id='word_1_2' title='bbox 508 89 572 134; x_wconf 83' lang='lat' dir='ltr'><strong>M.</strong></span> <span class='ocrx_word' id='word_1_3' title='bbox 603 91 659 134; x_wconf 87' lang='lat' dir='ltr'><strong>T.</strong></span> <span class='ocrx_word' id='word_1_4' title='bbox 690 83 1031 133; x_wconf 78' lang='lat' dir='ltr'><strong>CICERONIS</strong></span> <span class='ocrx_word' id='word_1_5' title='bbox 1059 89 1434 136; x_wconf 81' lang='lat' dir='ltr'><strong>EPISTOLAE.</strong></span> 
     </span>
    </p>
   </div>
   <div class='ocr_carea' id='block_1_2' title="bbox 228 202 1706 702">
    <p class='ocr_par' dir='ltr' id='par_1_2' title="bbox 228 202 1706 702">
     <span class='ocr_line' id='line_1_2' title="bbox 236 202 1706 262; baseline 0.003 -15"><span class='ocrx_word' id='word_1_6' title='bbox 236 205 503 262; x_wconf 79' lang='lat' dir='ltr'><strong>perducatur</strong></span> <span class='ocrx_word' id='word_1_7' title='bbox 541 206 714 252; x_wconf 84' lang='lat' dir='ltr'><strong>autem,</strong></span> <span class='ocrx_word' id='word_1_8' title='bbox 763 214 947 256; x_wconf 83' lang='lat' dir='ltr'><strong>magnae</strong></span> <span class='ocrx_word' id='word_1_9' title='bbox 990 214 1124 256; x_wconf 89' lang='lat' dir='ltr'><strong>quum</strong></span> <span class='ocrx_word' id='word_1_10' title='bbox 1171 202 1430 257; x_wconf 80' lang='lat' dir='ltr'><strong>diligentiae</strong></span> <span class='ocrx_word' id='word_1_11' title='bbox 1466 210 1559 260; x_wconf 85' lang='lat' dir='ltr'><strong>est,</strong></span> <span class='ocrx_word' id='word_1_12' title='bbox 1612 209 1706 251; x_wconf 84' lang='lat' dir='ltr'><strong>tum</strong></span> 
     </span>
     <span class='ocr_line' id='line_1_3' title="bbox 235 256 1703 316; baseline 0.001 -12"><span class='ocrx_word' id='word_1_13' title='bbox 235 264 368 304; x_wconf 81' lang='lat' dir='ltr'><strong>etiam</strong></span> <span class='ocrx_word' id='word_1_14' title='bbox 398 261 616 301; x_wconf 79' lang='lat' dir='ltr'><strong>fortunae.</strong></span> <span class='ocrx_word' id='word_1_15' title='bbox 674 256 763 300; x_wconf 85' lang='lat' dir='ltr'><strong>Sed</strong></span> <span class='ocrx_word' id='word_1_16' title='bbox 792 262 837 298; x_wconf 86' lang='lat' dir='ltr'><strong>et</strong></span> <span class='ocrx_word' id='word_1_17' title='bbox 865 261 909 298; x_wconf 89' lang='lat' dir='ltr'><strong>te</strong></span> <span class='ocrx_word' id='word_1_18' title='bbox 937 259 1165 311; x_wconf 80' lang='lat' dir='ltr'><strong>aliquanto</strong></span> <span class='ocrx_word' id='word_1_19' title='bbox 1195 265 1320 310; x_wconf 81' lang='lat' dir='ltr'><strong>ante,</strong></span> <span class='ocrx_word' id='word_1_20' title='bbox 1350 266 1400 302; x_wconf 85' lang='lat' dir='ltr'><strong>ut</strong></span> <span class='ocrx_word' id='word_1_21' title='bbox 1426 274 1578 316; x_wconf 83' lang='lat' dir='ltr'><strong>spero,</strong></span> <span class='ocrx_word' id='word_1_22' title='bbox 1624 264 1703 305; x_wconf 84' lang='lat' dir='ltr'><strong>ha-</strong></span> 
     </span>
     <span class='ocr_line' id='line_1_4' title="bbox 234 313 1703 369; baseline 0.002 -10"><span class='ocrx_word' id='word_1_23' title='bbox 234 319 454 367; x_wconf 75' lang='lat' dir='ltr'><strong>bebimus,</strong></span> <span class='ocrx_word' id='word_1_24' title='bbox 492 319 558 365; x_wconf 83' lang='lat' dir='ltr'><strong>et,</strong></span> <span class='ocrx_word' id='word_1_25' title='bbox 607 318 910 368; x_wconf 82' lang='lat' dir='ltr'><strong>praeterquam</strong></span> <span class='ocrx_word' id='word_1_26' title='bbox 950 313 1066 367; x_wconf 88' lang='lat' dir='ltr'><strong>quod</strong></span> <span class='ocrx_word' id='word_1_27' title='bbox 1105 314 1173 354; x_wconf 87' lang='lat' dir='ltr'><strong>rei</strong></span> <span class='ocrx_word' id='word_1_28' title='bbox 1217 316 1421 369; x_wconf 85' lang='lat' dir='ltr'><strong>publicae</strong></span> <span class='ocrx_word' id='word_1_29' title='bbox 1469 320 1703 361; x_wconf 86' lang='lat' dir='ltr'><strong>consulere</strong></span> 
     </span>
     <span class='ocr_line' id='line_1_5' title="bbox 233 369 1704 424; baseline 0.002 -10"><span class='ocrx_word' id='word_1_30' title='bbox 233 375 468 424; x_wconf 84' lang='lat' dir='ltr'><strong>debemus,</strong></span> <span class='ocrx_word' id='word_1_31' title='bbox 518 374 664 411; x_wconf 82' lang='lat' dir='ltr'><strong>tamen</strong></span> <span class='ocrx_word' id='word_1_32' title='bbox 710 374 810 410; x_wconf 82' lang='lat' dir='ltr'><strong>tuae</strong></span> <span class='ocrx_word' id='word_1_33' title='bbox 857 369 1066 421; x_wconf 76' lang='lat' dir='ltr'><strong>dignitati</strong></span> <span class='ocrx_word' id='word_1_34' title='bbox 1115 369 1178 410; x_wconf 82' lang='lat' dir='ltr'><strong>ita</strong></span> <span class='ocrx_word' id='word_1_35' title='bbox 1217 371 1439 424; x_wconf 75' lang='lat' dir='ltr'><strong>favemus,</strong></span> <span class='ocrx_word' id='word_1_36' title='bbox 1487 379 1536 415; x_wconf 90' lang='lat' dir='ltr'><strong>ut</strong></span> <span class='ocrx_word' id='word_1_37' title='bbox 1575 389 1704 417; x_wconf 89' lang='lat' dir='ltr'><strong>omne</strong></span> 
     </span>
     <span class='ocr_line' id='line_1_6' title="bbox 231 423 1703 481; baseline 0.002 -12"><span class='ocrx_word' id='word_1_38' title='bbox 231 433 430 470; x_wconf 81' lang='lat' dir='ltr'><strong>nostrum</strong></span> <span class='ocrx_word' id='word_1_39' title='bbox 469 425 706 467; x_wconf 88' lang='lat' dir='ltr'><strong>consilium</strong></span> <span class='ocrx_word' id='word_1_40' title='bbox 745 424 963 476; x_wconf 84' lang='lat' dir='ltr'><strong>studium,</strong></span> <span class='ocrx_word' id='word_1_41' title='bbox 1016 423 1214 466; x_wconf 85' lang='lat' dir='ltr'><strong>officium</strong></span> <span class='ocrx_word' id='word_1_42' title='bbox 1253 441 1457 481; x_wconf 77' lang='lat' dir='ltr'><strong>operam,</strong></span> <span class='ocrx_word' id='word_1_43' title='bbox 1505 430 1703 472; x_wconf 78' lang='lat' dir='ltr'><strong>laborem</strong></span> 
     </span>
     <span class='ocr_line' id='line_1_7' title="bbox 232 479 1704 537; baseline 0.001 -12"><span class='ocrx_word' id='word_1_44' title='bbox 232 483 509 537; x_wconf 78' lang='lat' dir='ltr'><strong>diligentiam</strong></span> <span class='ocrx_word' id='word_1_45' title='bbox 538 481 596 521; x_wconf 84' lang='lat' dir='ltr'><strong>ad</strong></span> <span class='ocrx_word' id='word_1_46' title='bbox 632 479 970 534; x_wconf 82' lang='lat' dir='ltr'><strong>amplitudinem</strong></span> <span class='ocrx_word' id='word_1_47' title='bbox 1007 484 1125 521; x_wconf 86' lang='lat' dir='ltr'><strong>tuam</strong></span> <span class='ocrx_word' id='word_1_48' title='bbox 1165 483 1458 524; x_wconf 82' lang='lat' dir='ltr'><strong>conseramus.</strong></span> <span class='ocrx_word' id='word_1_49' title='bbox 1529 485 1599 528; x_wconf 81' lang='lat' dir='ltr'><strong>Ita</strong></span> <span class='ocrx_word' id='word_1_50' title='bbox 1637 487 1704 527; x_wconf 78' lang='lat' dir='ltr'><strong>fa-</strong></span> 
     </span>
     <span class='ocr_line' id='line_1_8' title="bbox 228 536 1704 592; baseline 0.002 -12"><span class='ocrx_word' id='word_1_51' title='bbox 228 541 393 580; x_wconf 84' lang='lat' dir='ltr'><strong>cillime</strong></span> <span class='ocrx_word' id='word_1_52' title='bbox 421 543 467 578; x_wconf 87' lang='lat' dir='ltr'><strong>et</strong></span> <span class='ocrx_word' id='word_1_53' title='bbox 496 537 560 577; x_wconf 84' lang='lat' dir='ltr'><strong>rei</strong></span> <span class='ocrx_word' id='word_1_54' title='bbox 588 537 808 591; x_wconf 81' lang='lat' dir='ltr'><strong>publicae,</strong></span> <span class='ocrx_word' id='word_1_55' title='bbox 853 549 963 589; x_wconf 80' lang='lat' dir='ltr'><strong>quae</strong></span> <span class='ocrx_word' id='word_1_56' title='bbox 992 536 1106 576; x_wconf 85' lang='lat' dir='ltr'><strong>mihi</strong></span> <span class='ocrx_word' id='word_1_57' title='bbox 1135 538 1367 579; x_wconf 80' lang='lat' dir='ltr'><strong>carissima</strong></span> <span class='ocrx_word' id='word_1_58' title='bbox 1396 543 1485 592; x_wconf 80' lang='lat' dir='ltr'><strong>est,</strong></span> <span class='ocrx_word' id='word_1_59' title='bbox 1524 545 1570 582; x_wconf 88' lang='lat' dir='ltr'><strong>et</strong></span> <span class='ocrx_word' id='word_1_60' title='bbox 1598 544 1704 583; x_wconf 83' lang='lat' dir='ltr'><strong>ami-</strong></span> 
     </span>
     <span class='ocr_line' id='line_1_9' title="bbox 229 592 1703 650; baseline 0.003 -16"><span class='ocrx_word' id='word_1_61' title='bbox 229 597 361 636; x_wconf 77' lang='lat' dir='ltr'><strong>citiae</strong></span> <span class='ocrx_word' id='word_1_62' title='bbox 398 597 596 644; x_wconf 79' lang='lat' dir='ltr'><strong>nostrae,</strong></span> <span class='ocrx_word' id='word_1_63' title='bbox 651 605 781 645; x_wconf 76' lang='lat' dir='ltr'><strong>quum</strong></span> <span class='ocrx_word' id='word_1_64' title='bbox 827 592 1107 632; x_wconf 80' lang='lat' dir='ltr'><strong>sanctissime</strong></span> <span class='ocrx_word' id='word_1_65' title='bbox 1148 594 1274 635; x_wconf 86' lang='lat' dir='ltr'><strong>nobis</strong></span> <span class='ocrx_word' id='word_1_66' title='bbox 1311 595 1540 636; x_wconf 82' lang='lat' dir='ltr'><strong>colendam</strong></span> <span class='ocrx_word' id='word_1_67' title='bbox 1580 603 1703 650; x_wconf 82' lang='lat' dir='ltr'><strong>puto,</strong></span> 
     </span>
     <span class='ocr_line' id='line_1_10' title="bbox 229 647 1704 702; baseline 0.001 -10"><span class='ocrx_word' id='word_1_68' title='bbox 229 667 298 692; x_wconf 89' lang='lat' dir='ltr'><strong>me</strong></span> <span class='ocrx_word' id='word_1_69' title='bbox 327 649 524 702; x_wconf 82' lang='lat' dir='ltr'><strong>intelligo</strong></span> <span class='ocrx_word' id='word_1_70' title='bbox 551 647 899 689; x_wconf 80' lang='lat' dir='ltr'><strong>satisfacturum.</strong></span> <span class='ocrx_word' id='word_1_71' title='bbox 966 648 1182 689; x_wconf 88' lang='lat' dir='ltr'><strong>Furnium</strong></span> <span class='ocrx_word' id='word_1_72' title='bbox 1220 655 1419 691; x_wconf 82' lang='lat' dir='ltr'><strong>nostrum</strong></span> <span class='ocrx_word' id='word_1_73' title='bbox 1456 652 1571 692; x_wconf 78' lang='lat' dir='ltr'><strong>tanti</strong></span> <span class='ocrx_word' id='word_1_74' title='bbox 1604 666 1631 693; x_wconf 78' lang='lat' dir='ltr'><strong>a</strong></span> <span class='ocrx_word' id='word_1_75' title='bbox 1659 657 1704 694; x_wconf 90' lang='lat' dir='ltr'><strong>te</strong></span> 
     </span>
    </p>
   </div>
   <div class='ocr_carea' id='block_1_3' title="bbox 228 702 1747 761">
    <p class='ocr_par' dir='ltr' id='par_1_3' title="bbox 228 702 1747 761">
     <span class='ocr_line' id='line_1_11' title="bbox 228 702 1747 761; baseline 0.001 -13"><span class='ocrx_word' id='word_1_76' title='bbox 228 707 355 756; x_wconf 77' lang='lat' dir='ltr'><strong>fieri,</strong></span> <span class='ocrx_word' id='word_1_77' title='bbox 385 708 593 759; x_wconf 85' lang='lat' dir='ltr'><strong>quantum</strong></span> <span class='ocrx_word' id='word_1_78' title='bbox 622 704 760 756; x_wconf 82' lang='lat' dir='ltr'><strong>ipsius</strong></span> <span class='ocrx_word' id='word_1_79' title='bbox 792 702 1044 743; x_wconf 81' lang='lat' dir='ltr'><strong>humanitas</strong></span> <span class='ocrx_word' id='word_1_80' title='bbox 1072 708 1117 744; x_wconf 82' lang='lat' dir='ltr'><strong>et</strong></span> <span class='ocrx_word' id='word_1_81' title='bbox 1146 705 1339 757; x_wconf 81' lang='lat' dir='ltr'><strong>dignitas</strong></span> <span class='ocrx_word' id='word_1_82' title='bbox 1368 709 1590 761; x_wconf 74' lang='lat' dir='ltr'><strong>postulat,</strong></span> <span class='ocrx_word' id='word_1_83' title='bbox 1621 722 1705 749; x_wconf 82' lang='lat' dir='ltr'><strong>nec</strong></span> <span class='ocrx_word' id='word_1_84' title='bbox 1745 726 1747 728; x_wconf 48' lang='lat'>&gt;</span> 
     </span>
    </p>
   </div>
   <div class='ocr_carea' id='block_1_4' title="bbox 225 757 1705 927">
    <p class='ocr_par' dir='ltr' id='par_1_4' title="bbox 225 757 1705 927">
     <span class='ocr_line' id='line_1_12' title="bbox 226 757 1705 817; baseline 0.001 -14"><span class='ocrx_word' id='word_1_85' title='bbox 226 764 366 804; x_wconf 83' lang='lat' dir='ltr'><strong>miror</strong></span> <span class='ocrx_word' id='word_1_86' title='bbox 394 766 437 802; x_wconf 87' lang='lat' dir='ltr'><strong>et</strong></span> <span class='ocrx_word' id='word_1_87' title='bbox 464 761 656 813; x_wconf 81' lang='lat' dir='ltr'><strong>gaudeo:</strong></span> <span class='ocrx_word' id='word_1_88' title='bbox 692 762 823 812; x_wconf 88' lang='lat' dir='ltr'><strong>teque</strong></span> <span class='ocrx_word' id='word_1_89' title='bbox 853 757 940 798; x_wconf 83' lang='lat' dir='ltr'><strong>hoc-</strong></span> <span class='ocrx_word' id='word_1_90' title='bbox 968 759 1224 801; x_wconf 86' lang='lat' dir='ltr'><strong>existimare</strong></span> <span class='ocrx_word' id='word_1_91' title='bbox 1253 763 1377 814; x_wconf 79' lang='lat' dir='ltr'><strong>volo,</strong></span> <span class='ocrx_word' id='word_1_92' title='bbox 1406 763 1626 817; x_wconf 84' lang='lat' dir='ltr'><strong>quidquid</strong></span> <span class='ocrx_word' id='word_1_93' title='bbox 1656 765 1705 804; x_wconf 91' lang='lat' dir='ltr'><strong>in</strong></span> 
     </span>
     <span class='ocr_line' id='line_1_13' title="bbox 227 814 1704 874; baseline -0.002 -14"><span class='ocrx_word' id='word_1_94' title='bbox 227 832 327 859; x_wconf 88' lang='lat' dir='ltr'><strong>eum</strong></span> <span class='ocrx_word' id='word_1_95' title='bbox 356 815 512 858; x_wconf 86' lang='lat' dir='ltr'><strong>iudicii</strong></span> <span class='ocrx_word' id='word_1_96' title='bbox 542 814 770 869; x_wconf 82' lang='lat' dir='ltr'><strong>officiique</strong></span> <span class='ocrx_word' id='word_1_97' title='bbox 802 814 1063 867; x_wconf 81' lang='lat' dir='ltr'><strong>contuleris,</strong></span> <span class='ocrx_word' id='word_1_98' title='bbox 1103 816 1155 858; x_wconf 88' lang='lat' dir='ltr'><strong>id</strong></span> <span class='ocrx_word' id='word_1_99' title='bbox 1189 817 1254 858; x_wconf 82' lang='lat' dir='ltr'><strong>ita</strong></span> <span class='ocrx_word' id='word_1_100' title='bbox 1288 830 1359 859; x_wconf 88' lang='lat' dir='ltr'><strong>me</strong></span> <span class='ocrx_word' id='word_1_101' title='bbox 1386 818 1616 874; x_wconf 78' lang='lat' dir='ltr'><strong>accipere,</strong></span> <span class='ocrx_word' id='word_1_102' title='bbox 1654 824 1704 861; x_wconf 86' lang='lat' dir='ltr'><strong>ut</strong></span> 
     </span>
     <span class='ocr_line' id='line_1_14' title="bbox 225 870 1081 927; baseline -0.002 -11"><span class='ocrx_word' id='word_1_103' title='bbox 225 875 271 916; x_wconf 90' lang='lat' dir='ltr'><strong>in</strong></span> <span class='ocrx_word' id='word_1_104' title='bbox 299 888 369 917; x_wconf 89' lang='lat' dir='ltr'><strong>me</strong></span> <span class='ocrx_word' id='word_1_105' title='bbox 397 872 539 927; x_wconf 86' lang='lat' dir='ltr'><strong>ipsum</strong></span> <span class='ocrx_word' id='word_1_106' title='bbox 569 875 614 914; x_wconf 82' lang='lat' dir='ltr'><strong>te</strong></span> <span class='ocrx_word' id='word_1_107' title='bbox 644 876 794 926; x_wconf 85' lang='lat' dir='ltr'><strong>putem</strong></span> <span class='ocrx_word' id='word_1_108' title='bbox 823 870 1081 914; x_wconf 83' lang='lat' dir='ltr'><strong>contulisse.</strong></span> 
     </span>
    </p>
   </div>
   <div class='ocr_carea' id='block_1_5' title="bbox 778 1008 1004 1016">
    <p class='ocr_par' dir='ltr' id='par_1_5' title="bbox 778 1008 1004 1016">
     <span class='ocr_line' id='line_1_15' title="bbox 778 1008 1004 1016; baseline 0 2070"><span class='ocrx_word' id='word_1_109' title='bbox 778 1008 1004 1016; x_wconf 95' lang='lat' dir='ltr'><strong> </strong></span> 
     </span>
    </p>
   </div>
   <div class='ocr_carea' id='block_1_6' title="bbox 270 1110 1655 1232">
    <p class='ocr_par' dir='ltr' id='par_1_6' title="bbox 270 1110 1655 1232">
     <span class='ocr_line' id='line_1_16' title="bbox 411 1110 1517 1163; baseline -0.001 -8"><span class='ocrx_word' id='word_1_110' title='bbox 411 1111 730 1155; x_wconf 85' lang='lat' dir='ltr'>EPISTOLA</span> <span class='ocrx_word' id='word_1_111' title='bbox 758 1110 1036 1153; x_wconf 86' lang='lat' dir='ltr'>DCCLXII.</span> <span class='ocrx_word' id='word_1_112' title='bbox 1094 1110 1172 1160; x_wconf 82' lang='lat' dir='ltr'><strong>(ad</strong></span> <span class='ocrx_word' id='word_1_113' title='bbox 1200 1111 1306 1155; x_wconf 85' lang='lat' dir='ltr'><strong>Div.</strong></span> <span class='ocrx_word' id='word_1_114' title='bbox 1338 1113 1427 1157; x_wconf 91' lang='lat' dir='ltr'><strong>XI.</strong></span> <span class='ocrx_word' id='word_1_115' title='bbox 1457 1115 1517 1163; x_wconf 86' lang='grc'><strong>4.)</strong></span> 
     </span>
     <span class='ocr_line' id='line_1_17' title="bbox 270 1187 1655 1232; baseline -0.001 -11"><span class='ocrx_word' id='word_1_116' title='bbox 270 1187 349 1222; x_wconf 73' lang='lat' dir='ltr'><strong>scr.</strong></span> <span class='ocrx_word' id='word_1_117' title='bbox 377 1188 414 1222; x_wconf 75' lang='lat' dir='ltr'><strong>in</strong></span> <span class='ocrx_word' id='word_1_118' title='bbox 441 1188 565 1223; x_wconf 74' lang='lat' dir='ltr'><strong>Gauia</strong></span> <span class='ocrx_word' id='word_1_119' title='bbox 589 1187 768 1221; x_wconf 75' lang='lat' dir='ltr'><strong>citeriore</strong></span> <span class='ocrx_word' id='word_1_120' title='bbox 795 1193 955 1220; x_wconf 67' lang='lat' dir='ltr'><strong>exeunte</strong></span> <span class='ocrx_word' id='word_1_121' title='bbox 979 1187 1077 1232; x_wconf 76' lang='lat' dir='ltr'><strong>Sept.</strong></span> <span class='ocrx_word' id='word_1_122' title='bbox 1103 1187 1145 1220; x_wconf 88' lang='lat' dir='ltr'><strong>A.</strong></span> <span class='ocrx_word' id='word_1_123' title='bbox 1168 1187 1212 1221; x_wconf 87' lang='lat' dir='ltr'><strong>U.</strong></span> <span class='ocrx_word' id='word_1_124' title='bbox 1237 1189 1278 1222; x_wconf 89' lang='lat' dir='ltr'><strong>c.</strong></span> <span class='ocrx_word' id='word_1_125' title='bbox 1308 1189 1387 1223; x_wconf 72' lang='grc' dir='ltr'><strong>πο.</strong></span> <span class='ocrx_word' id='word_1_126' title='bbox 1435 1189 1483 1229; x_wconf 64' lang='lat' dir='ltr'><strong>(a.</strong></span> <span class='ocrx_word' id='word_1_127' title='bbox 1512 1189 1552 1221; x_wconf 83' lang='lat' dir='ltr'><strong>c,</strong></span> <span class='ocrx_word' id='word_1_128' title='bbox 1579 1187 1655 1230; x_wconf 74' lang='lat'>44.)</span> 
     </span>
    </p>
   </div>
   <div class='ocr_carea' id='block_1_7' title="bbox 222 1254 1703 1347">
    <p class='ocr_par' dir='ltr' id='par_1_7' title="bbox 222 1254 1703 1347">
     <span class='ocr_line' id='line_1_18' title="bbox 222 1254 1703 1302; baseline 0 -12"><span class='ocrx_word' id='word_1_129' title='bbox 222 1256 297 1290; x_wconf 80' lang='lat' dir='ltr'><strong>Res</strong></span> <span class='ocrx_word' id='word_1_130' title='bbox 323 1267 345 1289; x_wconf 80' lang='lat' dir='ltr'>a</span> <span class='ocrx_word' id='word_1_131' title='bbox 370 1266 408 1291; x_wconf 88' lang='lat' dir='ltr'><strong>se</strong></span> <span class='ocrx_word' id='word_1_132' title='bbox 433 1262 554 1301; x_wconf 81' lang='lat' dir='ltr'><strong>gestas</strong></span> <span class='ocrx_word' id='word_1_133' title='bbox 579 1254 731 1300; x_wconf 85' lang='lat' dir='ltr'><strong>exponit</strong></span> <span class='ocrx_word' id='word_1_134' title='bbox 757 1260 814 1296; x_wconf 84' lang='lat' dir='ltr'><strong>et,</strong></span> <span class='ocrx_word' id='word_1_135' title='bbox 852 1260 893 1287; x_wconf 85' lang='lat' dir='ltr'><strong>ut</strong></span> <span class='ocrx_word' id='word_1_136' title='bbox 918 1254 1055 1288; x_wconf 84' lang='lat' dir='ltr'><strong>Cioero</strong></span> <span class='ocrx_word' id='word_1_137' title='bbox 1081 1265 1147 1288; x_wconf 81' lang='lat' dir='ltr'><strong>sua</strong></span> <span class='ocrx_word' id='word_1_138' title='bbox 1172 1265 1211 1287; x_wconf 86' lang='lat' dir='ltr'><strong>se</strong></span> <span class='ocrx_word' id='word_1_139' title='bbox 1237 1255 1424 1288; x_wconf 81' lang='lat' dir='ltr'><strong>sententia</strong></span> <span class='ocrx_word' id='word_1_140' title='bbox 1449 1254 1490 1289; x_wconf 88' lang='lat' dir='ltr'><strong>in</strong></span> <span class='ocrx_word' id='word_1_141' title='bbox 1515 1254 1703 1302; x_wconf 78' lang='lat' dir='ltr'><strong>supplica-</strong></span> 
     </span>
     <span class='ocr_line' id='line_1_19' title="bbox 544 1302 1377 1347; baseline -0.001 -10"><span class='ocrx_word' id='word_1_142' title='bbox 544 1302 653 1337; x_wconf 84' lang='lat' dir='ltr'><strong>tione</strong></span> <span class='ocrx_word' id='word_1_143' title='bbox 680 1302 912 1336; x_wconf 83' lang='lat' dir='ltr'><strong>decernenda</strong></span> <span class='ocrx_word' id='word_1_144' title='bbox 937 1302 1107 1342; x_wconf 88' lang='lat' dir='ltr'><strong>adiuvet,</strong></span> <span class='ocrx_word' id='word_1_145' title='bbox 1140 1308 1259 1347; x_wconf 79' lang='lat' dir='ltr'><strong>rogat.</strong></span> <span class='ocrx_word' id='word_1_146' title='bbox 1285 1305 1377 1338; x_wconf 84' lang='lat'>1-2.</span> 
     </span>
    </p>
   </div>
   <div class='ocr_carea' id='block_1_8' title="bbox 393 1370 1528 1407">
    <p class='ocr_par' dir='ltr' id='par_1_8' title="bbox 393 1370 1528 1407">
     <span class='ocr_line' id='line_1_20' title="bbox 393 1370 1528 1407; baseline 0 -3"><span class='ocrx_word' id='word_1_147' title='bbox 393 1370 441 1404; x_wconf 94' lang='lat' dir='ltr'><strong>D.</strong></span> <span class='ocrx_word' id='word_1_148' title='bbox 469 1370 662 1405; x_wconf 89' lang='lat' dir='ltr'><strong>BRUTUS</strong></span> <span class='ocrx_word' id='word_1_149' title='bbox 689 1370 793 1404; x_wconf 88' lang='lat' dir='ltr'><strong>IMP.</strong></span> <span class='ocrx_word' id='word_1_150' title='bbox 822 1370 925 1407; x_wconf 83' lang='lat' dir='ltr'><strong>COS.</strong></span> <span class='ocrx_word' id='word_1_151' title='bbox 951 1370 1113 1404; x_wconf 87' lang='lat' dir='ltr'><strong>DESIG.</strong></span> <span class='ocrx_word' id='word_1_152' title='bbox 1139 1370 1177 1407; x_wconf 74' lang='lat' dir='ltr'><strong>S.</strong></span> <span class='ocrx_word' id='word_1_153' title='bbox 1203 1372 1248 1403; x_wconf 92' lang='lat' dir='ltr'><strong>D.</strong></span> <span class='ocrx_word' id='word_1_154' title='bbox 1272 1370 1528 1406; x_wconf 83' lang='lat' dir='ltr'><strong>CICERONI.</strong></span> 
     </span>
    </p>
   </div>
   <div class='ocr_carea' id='block_1_9' title="bbox 218 1437 1701 1716">
    <p class='ocr_par' dir='ltr' id='par_1_9' title="bbox 218 1437 1701 1716">
     <span class='ocr_line' id='line_1_21' title="bbox 332 1437 1701 1485; baseline 0.001 -7"><span class='ocrx_word' id='word_1_155' title='bbox 332 1437 383 1478; x_wconf 77' lang='lat' dir='ltr'><strong>Si</strong></span> <span class='ocrx_word' id='word_1_156' title='bbox 426 1437 481 1478; x_wconf 90' lang='lat' dir='ltr'><strong>de</strong></span> <span class='ocrx_word' id='word_1_157' title='bbox 520 1441 595 1478; x_wconf 83' lang='lat' dir='ltr'><strong>tua</strong></span> <span class='ocrx_word' id='word_1_158' title='bbox 634 1438 681 1478; x_wconf 92' lang='lat' dir='ltr'><strong>in</strong></span> <span class='ocrx_word' id='word_1_159' title='bbox 719 1450 790 1477; x_wconf 91' lang='lat' dir='ltr'><strong>me</strong></span> <span class='ocrx_word' id='word_1_160' title='bbox 827 1438 1054 1478; x_wconf 74' lang='lat' dir='ltr'><strong>voluntate</strong></span> <span class='ocrx_word' id='word_1_161' title='bbox 1093 1437 1360 1485; x_wconf 78' lang='lat' dir='ltr'><strong>dubitarem,</strong></span> <span class='ocrx_word' id='word_1_162' title='bbox 1401 1438 1553 1479; x_wconf 84' lang='lat' dir='ltr'><strong>multis</strong></span> <span class='ocrx_word' id='word_1_163' title='bbox 1592 1452 1618 1479; x_wconf 86' lang='lat' dir='ltr'>a</span> <span class='ocrx_word' id='word_1_164' title='bbox 1657 1441 1701 1479; x_wconf 83' lang='lat' dir='ltr'><strong>te</strong></span> 
     </span>
     <span class='ocr_line' id='line_1_22' title="bbox 220 1493 1699 1547; baseline -0.002 -11"><span class='ocrx_word' id='word_1_165' title='bbox 220 1494 370 1536; x_wconf 71' lang='lat' dir='ltr'><strong>verbis</strong></span> <span class='ocrx_word' id='word_1_166' title='bbox 399 1497 617 1547; x_wconf 81' lang='lat' dir='ltr'><strong>peterem,</strong></span> <span class='ocrx_word' id='word_1_167' title='bbox 663 1497 712 1533; x_wconf 90' lang='lat' dir='ltr'><strong>ut</strong></span> <span class='ocrx_word' id='word_1_168' title='bbox 750 1493 1016 1546; x_wconf 84' lang='lat' dir='ltr'><strong>dignitatem</strong></span> <span class='ocrx_word' id='word_1_169' title='bbox 1058 1506 1199 1534; x_wconf 76' lang='lat' dir='ltr'><strong>meam</strong></span> <span class='ocrx_word' id='word_1_170' title='bbox 1238 1498 1433 1535; x_wconf 87' lang='lat' dir='ltr'><strong>tuerere:</strong></span> <span class='ocrx_word' id='word_1_171' title='bbox 1478 1494 1557 1534; x_wconf 87' lang='lat' dir='ltr'><strong>sed</strong></span> <span class='ocrx_word' id='word_1_172' title='bbox 1597 1507 1699 1547; x_wconf 87' lang='lat' dir='ltr'><strong>pro—</strong></span> 
     </span>
     <span class='ocr_line' id='line_1_23' title="bbox 222 1547 1700 1602; baseline 0 -12"><span class='ocrx_word' id='word_1_173' title='bbox 222 1550 344 1590; x_wconf 81' lang='lat' dir='ltr'><strong>fecto</strong></span> <span class='ocrx_word' id='word_1_174' title='bbox 373 1554 439 1590; x_wconf 81' lang='lat' dir='ltr'><strong>est</strong></span> <span class='ocrx_word' id='word_1_175' title='bbox 468 1550 552 1602; x_wconf 81' lang='lat' dir='ltr'><strong>ita,</strong></span> <span class='ocrx_word' id='word_1_176' title='bbox 582 1553 631 1589; x_wconf 89' lang='lat' dir='ltr'><strong>ut</strong></span> <span class='ocrx_word' id='word_1_177' title='bbox 659 1547 772 1589; x_wconf 86' lang='lat' dir='ltr'><strong>mihi</strong></span> <span class='ocrx_word' id='word_1_178' title='bbox 790 1548 1014 1602; x_wconf 75' lang='lat' dir='ltr'><strong>persuasi,</strong></span> <span class='ocrx_word' id='word_1_179' title='bbox 1042 1562 1112 1589; x_wconf 88' lang='lat' dir='ltr'><strong>me</strong></span> <span class='ocrx_word' id='word_1_180' title='bbox 1142 1549 1223 1589; x_wconf 86' lang='lat' dir='ltr'><strong>tibi</strong></span> <span class='ocrx_word' id='word_1_181' title='bbox 1253 1563 1350 1590; x_wconf 82' lang='lat' dir='ltr'><strong>esse</strong></span> <span class='ocrx_word' id='word_1_182' title='bbox 1379 1563 1525 1590; x_wconf 86' lang='lat' dir='ltr'><strong>curae.</strong></span> <span class='ocrx_word' id='word_1_183' title='bbox 1583 1548 1700 1590; x_wconf 87' lang='lat' dir='ltr'><strong>Pro-</strong></span> 
     </span>
     <span class='ocr_line' id='line_1_24' title="bbox 218 1604 1700 1659; baseline -0.001 -14"><span class='ocrx_word' id='word_1_184' title='bbox 218 1619 396 1659; x_wconf 83' lang='lat' dir='ltr'><strong>gressus</strong></span> <span class='ocrx_word' id='word_1_185' title='bbox 435 1618 531 1645; x_wconf 88' lang='lat' dir='ltr'><strong>sum</strong></span> <span class='ocrx_word' id='word_1_186' title='bbox 571 1605 629 1646; x_wconf 82' lang='lat' dir='ltr'><strong>ad</strong></span> <span class='ocrx_word' id='word_1_187' title='bbox 658 1604 887 1657; x_wconf 82' lang='lat' dir='ltr'><strong>Inalpinos</strong></span> <span class='ocrx_word' id='word_1_188' title='bbox 918 1619 1018 1645; x_wconf 89' lang='lat' dir='ltr'><strong>cum</strong></span> <span class='ocrx_word' id='word_1_189' title='bbox 1048 1605 1266 1656; x_wconf 81' lang='lat' dir='ltr'><strong>exercitu,</strong></span> <span class='ocrx_word' id='word_1_190' title='bbox 1308 1619 1394 1646; x_wconf 88' lang='lat' dir='ltr'><strong>non</strong></span> <span class='ocrx_word' id='word_1_191' title='bbox 1422 1609 1511 1646; x_wconf 83' lang='lat' dir='ltr'><strong>tam</strong></span> <span class='ocrx_word' id='word_1_192' title='bbox 1540 1618 1700 1645; x_wconf 88' lang='lat' dir='ltr'><strong>nomen</strong></span> 
     </span>
     <span class='ocr_line' id='line_1_25' title="bbox 219 1660 1699 1716; baseline 0.001 -15"><span class='ocrx_word' id='word_1_193' title='bbox 219 1661 555 1716; x_wconf 82' lang='lat' dir='ltr'><strong>imperatorium</strong></span> <span class='ocrx_word' id='word_1_194' title='bbox 586 1665 789 1715; x_wconf 82' lang='lat' dir='ltr'><strong>captans,</strong></span> <span class='ocrx_word' id='word_1_195' title='bbox 818 1673 948 1714; x_wconf 84' lang='lat' dir='ltr'><strong>quam</strong></span> <span class='ocrx_word' id='word_1_196' title='bbox 978 1661 1161 1715; x_wconf 87' lang='lat' dir='ltr'><strong>cupiens</strong></span> <span class='ocrx_word' id='word_1_197' title='bbox 1192 1661 1409 1702; x_wconf 85' lang='lat' dir='ltr'><strong>militibus</strong></span> <span class='ocrx_word' id='word_1_198' title='bbox 1439 1660 1699 1702; x_wconf 79' lang='lat' dir='ltr'><strong>satisfacere</strong></span> 
     </span>
    </p>
   </div>
   <div class='ocr_carea' id='block_1_10' title="bbox 216 1815 1698 2154">
    <p class='ocr_par' dir='ltr' id='par_1_10' title="bbox 216 1815 1697 1900">
     <span class='ocr_line' id='line_1_26' title="bbox 216 1815 1697 1859; baseline -0.001 -9"><span class='ocrx_word' id='word_1_199' title='bbox 216 1817 403 1851; x_wconf 78' lang='lat' dir='ltr'><strong>Freistaat</strong></span> <span class='ocrx_word' id='word_1_200' title='bbox 435 1818 498 1851; x_wconf 81' lang='lat' dir='ltr'><strong>fiir</strong></span> <span class='ocrx_word' id='word_1_201' title='bbox 528 1817 666 1850; x_wconf 80' lang='lat' dir='ltr'><strong>immet</strong></span> <span class='ocrx_word' id='word_1_202' title='bbox 697 1828 744 1851; x_wconf 84' lang='lat' dir='ltr'><strong>zu</strong></span> <span class='ocrx_word' id='word_1_203' title='bbox 778 1817 919 1850; x_wconf 80' lang='lat' dir='ltr'><strong>Grabe.</strong></span> <span class='ocrx_word' id='word_1_204' title='bbox 956 1835 1000 1842; x_wconf 95' lang='lat'><strong>—</strong></span> <span class='ocrx_word' id='word_1_205' title='bbox 1036 1815 1177 1859; x_wconf 78' lang='lat' dir='ltr'><strong>facilis</strong></span> <span class='ocrx_word' id='word_1_206' title='bbox 1206 1817 1290 1859; x_wconf 80' lang='lat' dir='ltr'><strong>gub.</strong></span> <span class='ocrx_word' id='word_1_207' title='bbox 1325 1821 1393 1856; x_wconf 80' lang='lat' dir='ltr'><strong>est,</strong></span> <span class='ocrx_word' id='word_1_208' title='bbox 1427 1827 1471 1850; x_wconf 88' lang='lat' dir='ltr'><strong>so</strong></span> <span class='ocrx_word' id='word_1_209' title='bbox 1502 1816 1599 1851; x_wconf 80' lang='lat' dir='ltr'><strong>wird</strong></span> <span class='ocrx_word' id='word_1_210' title='bbox 1632 1816 1697 1850; x_wconf 79' lang='lat' dir='ltr'><strong>das</strong></span> 
     </span>
     <span class='ocr_line' id='line_1_27' title="bbox 216 1864 965 1900; baseline 0 -1"><span class='ocrx_word' id='word_1_211' title='bbox 216 1865 468 1900; x_wconf 65' lang='lat' dir='ltr'><strong>§tenerruder</strong></span> <span class='ocrx_word' id='word_1_212' title='bbox 493 1864 613 1899; x_wconf 88' lang='lat' dir='ltr'><strong>leicht</strong></span> <span class='ocrx_word' id='word_1_213' title='bbox 639 1876 682 1898; x_wconf 84' lang='lat' dir='ltr'><strong>zu</strong></span> <span class='ocrx_word' id='word_1_214' title='bbox 708 1865 846 1898; x_wconf 75' lang='lat' dir='ltr'><strong>fiihren</strong></span> <span class='ocrx_word' id='word_1_215' title='bbox 873 1865 965 1899; x_wconf 83' lang='lat' dir='ltr'><strong>sein.</strong></span> 
     </span>
    </p>

    <p class='ocr_par' dir='ltr' id='par_1_11' title="bbox 216 1910 1698 2054">
     <span class='ocr_line' id='line_1_28' title="bbox 313 1910 1698 1958; baseline -0.002 -10"><span class='ocrx_word' id='word_1_216' title='bbox 313 1916 350 1949; x_wconf 88' lang='grc'><strong>3.</strong></span> <span class='ocrx_word' id='word_1_217' title='bbox 386 1914 568 1957; x_wconf 73' lang='lat' dir='ltr'><strong>aliquanto</strong></span> <span class='ocrx_word' id='word_1_218' title='bbox 602 1918 685 1946; x_wconf 79' lang='lat' dir='ltr'><strong>ante</strong></span> <span class='ocrx_word' id='word_1_219' title='bbox 723 1925 836 1958; x_wconf 84' lang='lat' dir='ltr'><strong>quam</strong></span> <span class='ocrx_word' id='word_1_220' title='bbox 869 1913 1104 1947; x_wconf 79' lang='lat' dir='ltr'><strong>consulatum</strong></span> <span class='ocrx_word' id='word_1_221' title='bbox 1133 1912 1300 1948; x_wconf 80' lang='lat' dir='ltr'><strong>aditurus</strong></span> <span class='ocrx_word' id='word_1_222' title='bbox 1334 1924 1381 1946; x_wconf 79' lang='lat' dir='ltr'><strong>es.</strong></span> <span class='ocrx_word' id='word_1_223' title='bbox 1415 1929 1462 1936; x_wconf 94' lang='lat'>—</span> <span class='ocrx_word' id='word_1_224' title='bbox 1494 1910 1698 1945; x_wconf 74' lang='lat' dir='ltr'><strong>habebimus</strong></span> 
     </span>
     <span class='ocr_line' id='line_1_29' title="bbox 216 1959 1697 2005; baseline -0.002 -11"><span class='ocrx_word' id='word_1_225' title='bbox 216 1962 380 2004; x_wconf 83' lang='lat' dir='ltr'><strong>Romae,</strong></span> <span class='ocrx_word' id='word_1_226' title='bbox 407 1963 562 1996; x_wconf 84' lang='lat' dir='ltr'><strong>werden</strong></span> <span class='ocrx_word' id='word_1_227' title='bbox 588 1961 656 1996; x_wconf 84' lang='lat' dir='ltr'><strong>wir</strong></span> <span class='ocrx_word' id='word_1_228' title='bbox 680 1962 782 1996; x_wconf 83' lang='lat' dir='ltr'><strong>Dich</strong></span> <span class='ocrx_word' id='word_1_229' title='bbox 807 1973 850 1996; x_wconf 84' lang='lat' dir='ltr'><strong>zu</strong></span> <span class='ocrx_word' id='word_1_230' title='bbox 874 1963 975 1996; x_wconf 82' lang='lat' dir='ltr'><strong>Rom</strong></span> <span class='ocrx_word' id='word_1_231' title='bbox 1000 1962 1127 1996; x_wconf 86' lang='lat' dir='ltr'><strong>sehen.</strong></span> <span class='ocrx_word' id='word_1_232' title='bbox 1153 1979 1196 1986; x_wconf 93' lang='lat'><strong>—</strong></span> <span class='ocrx_word' id='word_1_233' title='bbox 1230 1961 1280 1995; x_wconf 81' lang='lat' dir='ltr'><strong>acl</strong></span> <span class='ocrx_word' id='word_1_234' title='bbox 1311 1959 1574 2005; x_wconf 78' lang='lat' dir='ltr'><strong>amplitudinem</strong></span> <span class='ocrx_word' id='word_1_235' title='bbox 1599 1965 1697 1994; x_wconf 77' lang='lat' dir='ltr'><strong>tuam</strong></span> 
     </span>
     <span class='ocr_line' id='line_1_30' title="bbox 217 2010 440 2054; baseline 0 -12"><span class='ocrx_word' id='word_1_236' title='bbox 217 2010 440 2054; x_wconf 80' lang='lat' dir='ltr'><strong>augendam.</strong></span> 
     </span>
    </p>

    <p class='ocr_par' dir='ltr' id='par_1_12' title="bbox 218 2055 1695 2154">
     <span class='ocr_line' id='line_1_31' title="bbox 312 2055 1695 2104; baseline 0 -13"><span class='ocrx_word' id='word_1_237' title='bbox 312 2059 346 2091; x_wconf 79' lang='lat'><strong>4.</strong></span> <span class='ocrx_word' id='word_1_238' title='bbox 373 2055 549 2091; x_wconf 75' lang='lat' dir='ltr'><strong>Furnium</strong></span> <span class='ocrx_word' id='word_1_239' title='bbox 573 2058 702 2092; x_wconf 80' lang='lat' dir='ltr'><strong>Planci</strong></span> <span class='ocrx_word' id='word_1_240' title='bbox 728 2058 911 2104; x_wconf 80' lang='lat' dir='ltr'><strong>legatum,</strong></span> <span class='ocrx_word' id='word_1_241' title='bbox 939 2057 1135 2092; x_wconf 84' lang='lat' dir='ltr'><strong>Ciceronis</strong></span> <span class='ocrx_word' id='word_1_242' title='bbox 1159 2056 1338 2090; x_wconf 80' lang='lat' dir='ltr'><strong>amicum.</strong></span> <span class='ocrx_word' id='word_1_243' title='bbox 1367 2057 1441 2090; x_wconf 84' lang='lat' dir='ltr'><strong>cfr.</strong></span> <span class='ocrx_word' id='word_1_244' title='bbox 1458 2067 1514 2100; x_wconf 85' lang='lat' dir='ltr'><strong>ep.</strong></span> <span class='ocrx_word' id='word_1_245' title='bbox 1539 2056 1622 2091; x_wconf 79' lang='lat'><strong>226.</strong></span> <span class='ocrx_word' id='word_1_246' title='bbox 1650 2074 1695 2081; x_wconf 90' lang='lat'>-</span> 
     </span>
     <span class='ocr_line' id='line_1_32' title="bbox 218 2103 1694 2154; baseline -0.002 -14"><span class='ocrx_word' id='word_1_247' title='bbox 218 2105 368 2149; x_wconf 70' lang='lat' dir='ltr'><strong>iudicii,</strong></span> <span class='ocrx_word' id='word_1_248' title='bbox 394 2106 563 2151; x_wconf 79' lang='lat' dir='ltr'><strong>giinstige</strong></span> <span class='ocrx_word' id='word_1_249' title='bbox 587 2108 797 2154; x_wconf 80' lang='lat' dir='ltr'><strong>Meinung,</strong></span> <span class='ocrx_word' id='word_1_250' title='bbox 825 2107 1093 2152; x_wconf 83' lang='lat' dir='ltr'><strong>Geneigtheit‚</strong></span> <span class='ocrx_word' id='word_1_251' title='bbox 1121 2106 1407 2152; x_wconf 83' lang='lat' dir='ltr'><strong>quanticumque</strong></span> <span class='ocrx_word' id='word_1_252' title='bbox 1434 2115 1517 2137; x_wconf 87' lang='lat' dir='ltr'><strong>eum</strong></span> <span class='ocrx_word' id='word_1_253' title='bbox 1541 2103 1694 2137; x_wconf 83' lang='lat' dir='ltr'><strong>feceris.</strong></span> 
     </span>
    </p>
   </div>
   <div class='ocr_carea' id='block_1_11' title="bbox 214 2171 1698 2408">
    <p class='ocr_par' dir='ltr' id='par_1_13' title="bbox 214 2171 1698 2408">
     <span class='ocr_line' id='line_1_33' title="bbox 310 2171 1698 2218; baseline -0.001 -13"><span class='ocrx_word' id='word_1_254' title='bbox 310 2172 358 2207; x_wconf 88' lang='lat' dir='ltr'><strong>D.</strong></span> <span class='ocrx_word' id='word_1_255' title='bbox 387 2173 594 2208; x_wconf 78' lang='lat' dir='ltr'><em>BRUTUS</em></span> <span class='ocrx_word' id='word_1_256' title='bbox 618 2174 722 2208; x_wconf 79' lang='lat' dir='ltr'><strong>hatte</strong></span> <span class='ocrx_word' id='word_1_257' title='bbox 747 2174 850 2207; x_wconf 84' lang='lat' dir='ltr'><strong>seine</strong></span> <span class='ocrx_word' id='word_1_258' title='bbox 874 2174 1031 2218; x_wconf 84' lang='lat' dir='ltr'><strong>Krieger</strong></span> <span class='ocrx_word' id='word_1_259' title='bbox 1057 2173 1093 2206; x_wconf 87' lang='lat' dir='ltr'><strong>in</strong></span> <span class='ocrx_word' id='word_1_260' title='bbox 1120 2173 1185 2206; x_wconf 88' lang='lat' dir='ltr'><strong>der</strong></span> <span class='ocrx_word' id='word_1_261' title='bbox 1221 2172 1383 2206; x_wconf 86' lang='lat' dir='ltr'><strong>Provinz</strong></span> <span class='ocrx_word' id='word_1_262' title='bbox 1418 2171 1542 2205; x_wconf 79' lang='lat' dir='ltr'><strong>Gallia</strong></span> <span class='ocrx_word' id='word_1_263' title='bbox 1576 2171 1698 2206; x_wconf 82' lang='lat' dir='ltr'><strong>Cisal-</strong></span> 
     </span>
     <span class='ocr_line' id='line_1_34' title="bbox 214 2219 1695 2267; baseline -0.001 -14"><span class='ocrx_word' id='word_1_264' title='bbox 214 2221 305 2266; x_wconf 78' lang='lat' dir='ltr'><strong>pina</strong></span> <span class='ocrx_word' id='word_1_265' title='bbox 332 2220 455 2254; x_wconf 83' lang='lat' dir='ltr'><strong>durch</strong></span> <span class='ocrx_word' id='word_1_266' title='bbox 485 2223 647 2267; x_wconf 59' lang='lat' dir='ltr'><strong>Keimpfe</strong></span> <span class='ocrx_word' id='word_1_267' title='bbox 680 2223 752 2256; x_wconf 83' lang='lat' dir='ltr'><strong>mit</strong></span> <span class='ocrx_word' id='word_1_268' title='bbox 776 2222 848 2255; x_wconf 87' lang='lat' dir='ltr'><strong>den</strong></span> <span class='ocrx_word' id='word_1_269' title='bbox 883 2222 1163 2255; x_wconf 78' lang='lat' dir='ltr'><strong>benachbarten</strong></span> <span class='ocrx_word' id='word_1_270' title='bbox 1194 2220 1444 2265; x_wconf 83' lang='lat' dir='ltr'><strong>Alpwohnern</strong></span> <span class='ocrx_word' id='word_1_271' title='bbox 1469 2231 1515 2252; x_wconf 85' lang='lat' dir='ltr'><strong>zu</strong></span> <span class='ocrx_word' id='word_1_272' title='bbox 1541 2219 1695 2253; x_wconf 82' lang='lat' dir='ltr'><strong>wichti-</strong></span> 
     </span>
     <span class='ocr_line' id='line_1_35' title="bbox 215 2267 1694 2315; baseline -0.001 -14"><span class='ocrx_word' id='word_1_273' title='bbox 215 2280 328 2312; x_wconf 81' lang='lat' dir='ltr'><strong>geren</strong></span> <span class='ocrx_word' id='word_1_274' title='bbox 365 2270 724 2315; x_wconf 83' lang='lat' dir='ltr'><strong>Unternehmungen</strong></span> <span class='ocrx_word' id='word_1_275' title='bbox 757 2269 955 2315; x_wconf 84' lang='lat' dir='ltr'><strong>gliicklich</strong></span> <span class='ocrx_word' id='word_1_276' title='bbox 992 2269 1223 2303; x_wconf 85' lang='lat' dir='ltr'><strong>vorbereitet</strong></span> <span class='ocrx_word' id='word_1_277' title='bbox 1254 2267 1330 2301; x_wconf 88' lang='lat' dir='ltr'><strong>und</strong></span> <span class='ocrx_word' id='word_1_278' title='bbox 1364 2267 1444 2301; x_wconf 86' lang='lat' dir='ltr'><strong>sich</strong></span> <span class='ocrx_word' id='word_1_279' title='bbox 1485 2267 1556 2300; x_wconf 85' lang='lat' dir='ltr'><strong>den</strong></span> <span class='ocrx_word' id='word_1_280' title='bbox 1594 2267 1694 2300; x_wconf 88' lang='lat' dir='ltr'><strong>Titel</strong></span> 
     </span>
     <span class='ocr_line' id='line_1_36' title="bbox 215 2314 1694 2362; baseline -0.002 -12"><span class='ocrx_word' id='word_1_281' title='bbox 215 2319 429 2362; x_wconf 78' lang='lat' dir='ltr'><strong>Imperator</strong></span> <span class='ocrx_word' id='word_1_282' title='bbox 453 2317 514 2351; x_wconf 85' lang='lat' dir='ltr'><strong>bei</strong></span> <span class='ocrx_word' id='word_1_283' title='bbox 540 2318 605 2351; x_wconf 84' lang='lat' dir='ltr'><strong>der</strong></span> <span class='ocrx_word' id='word_1_284' title='bbox 630 2320 766 2352; x_wconf 87' lang='lat' dir='ltr'><strong>Armee</strong></span> <span class='ocrx_word' id='word_1_285' title='bbox 793 2319 1000 2360; x_wconf 83' lang='lat' dir='ltr'><strong>erworben,</strong></span> <span class='ocrx_word' id='word_1_286' title='bbox 1036 2317 1105 2350; x_wconf 87' lang='lat' dir='ltr'><strong>den</strong></span> <span class='ocrx_word' id='word_1_287' title='bbox 1133 2328 1174 2350; x_wconf 84' lang='lat' dir='ltr'><strong>er</strong></span> <span class='ocrx_word' id='word_1_288' title='bbox 1198 2327 1269 2349; x_wconf 88' lang='lat' dir='ltr'><strong>von</strong></span> <span class='ocrx_word' id='word_1_289' title='bbox 1304 2316 1395 2349; x_wconf 82' lang='lat' dir='ltr'><strong>ietzt</strong></span> <span class='ocrx_word' id='word_1_290' title='bbox 1426 2326 1471 2348; x_wconf 80' lang='lat' dir='ltr'><strong>nn</strong></span> <span class='ocrx_word' id='word_1_291' title='bbox 1506 2314 1694 2348; x_wconf 88' lang='lat' dir='ltr'><strong>zwischen</strong></span> 
     </span>
     <span class='ocr_line' id='line_1_37' title="bbox 217 2363 1695 2408; baseline -0.002 -10"><span class='ocrx_word' id='word_1_292' title='bbox 217 2365 287 2397; x_wconf 84' lang='lat' dir='ltr'><strong>den</strong></span> <span class='ocrx_word' id='word_1_293' title='bbox 309 2367 451 2399; x_wconf 67' lang='lat' dir='ltr'><strong>Numen</strong></span> <span class='ocrx_word' id='word_1_294' title='bbox 477 2366 554 2398; x_wconf 88' lang='lat' dir='ltr'><strong>und</strong></span> <span class='ocrx_word' id='word_1_295' title='bbox 580 2366 652 2399; x_wconf 89' lang='lat' dir='ltr'><strong>den</strong></span> <span class='ocrx_word' id='word_1_296' title='bbox 667 2367 770 2400; x_wconf 88' lang='lat' dir='ltr'><strong>Titel</strong></span> <span class='ocrx_word' id='word_1_297' title='bbox 788 2367 913 2400; x_wconf 81' lang='lat' dir='ltr'><strong>consul</strong></span> <span class='ocrx_word' id='word_1_298' title='bbox 931 2365 1141 2408; x_wconf 70' lang='lat' dir='ltr'><strong>designatus</strong></span> <span class='ocrx_word' id='word_1_299' title='bbox 1163 2364 1356 2398; x_wconf 85' lang='lat' dir='ltr'><strong>einschob.</strong></span> <span class='ocrx_word' id='word_1_300' title='bbox 1408 2363 1508 2396; x_wconf 85' lang='lat' dir='ltr'><strong>Ietzt</strong></span> <span class='ocrx_word' id='word_1_301' title='bbox 1525 2363 1695 2396; x_wconf 84' lang='lat' dir='ltr'><strong>wi&#39;mscht</strong></span> 
     </span>
    </p>
   </div>
   <div class='ocr_carea' id='block_1_12' title="bbox 216 2410 1702 2461">
    <p class='ocr_par' dir='ltr' id='par_1_14' title="bbox 216 2410 1702 2461">
     <span class='ocr_line' id='line_1_38' title="bbox 216 2410 1702 2461; baseline -0.002 -15"><span class='ocrx_word' id='word_1_302' title='bbox 216 2425 275 2455; x_wconf 85' lang='lat' dir='ltr'><strong>er,</strong></span> <span class='ocrx_word' id='word_1_303' title='bbox 309 2414 390 2447; x_wconf 68' lang='lat' dir='ltr'><strong>dass</strong></span> <span class='ocrx_word' id='word_1_304' title='bbox 416 2414 495 2447; x_wconf 83' lang='lat' dir='ltr'><strong>ihm</strong></span> <span class='ocrx_word' id='word_1_305' title='bbox 521 2414 605 2446; x_wconf 87' lang='lat' dir='ltr'><strong>eine</strong></span> <span class='ocrx_word' id='word_1_306' title='bbox 629 2415 853 2461; x_wconf 83' lang='lat' dir='ltr'><strong>supplicatio</strong></span> <span class='ocrx_word' id='word_1_307' title='bbox 881 2425 1005 2458; x_wconf 84' lang='lat' dir='ltr'><strong>wegen</strong></span> <span class='ocrx_word' id='word_1_308' title='bbox 1030 2415 1149 2448; x_wconf 87' lang='lat' dir='ltr'><strong>seines</strong></span> <span class='ocrx_word' id='word_1_309' title='bbox 1174 2413 1300 2457; x_wconf 80' lang='lat' dir='ltr'><strong>Sieges</strong></span> <span class='ocrx_word' id='word_1_310' title='bbox 1326 2412 1423 2445; x_wconf 78' lang='lat' dir='ltr'><strong>iiber</strong></span> <span class='ocrx_word' id='word_1_311' title='bbox 1447 2410 1508 2443; x_wconf 79' lang='lat' dir='ltr'><strong>die</strong></span> <span class='ocrx_word' id='word_1_312' title='bbox 1531 2410 1702 2457; x_wconf 44' lang='lat' dir='ltr'><strong>Inalpini*</strong></span> 
     </span>
    </p>
   </div>
   <div class='ocr_carea' id='block_1_13' title="bbox 214 2459 1693 2797">
    <p class='ocr_par' dir='ltr' id='par_1_15' title="bbox 214 2459 1537 2505">
     <span class='ocr_line' id='line_1_39' title="bbox 214 2459 1537 2505; baseline -0.002 -11"><span class='ocrx_word' id='word_1_313' title='bbox 214 2473 298 2495; x_wconf 86' lang='lat' dir='ltr'><strong>vom</strong></span> <span class='ocrx_word' id='word_1_314' title='bbox 323 2462 457 2495; x_wconf 79' lang='lat' dir='ltr'><strong>senate</strong></span> <span class='ocrx_word' id='word_1_315' title='bbox 482 2461 635 2496; x_wconf 69' lang='lat' dir='ltr'><strong>mochte</strong></span> <span class='ocrx_word' id='word_1_316' title='bbox 662 2463 845 2496; x_wconf 85' lang='lat' dir='ltr'><strong>decretirt</strong></span> <span class='ocrx_word' id='word_1_317' title='bbox 871 2462 1032 2499; x_wconf 81' lang='lat' dir='ltr'><strong>werden.</strong></span> <span class='ocrx_word' id='word_1_318' title='bbox 1060 2463 1096 2497; x_wconf 89' lang='lat' dir='ltr'><strong>S.</strong></span> <span class='ocrx_word' id='word_1_319' title='bbox 1122 2473 1168 2495; x_wconf 87' lang='lat' dir='ltr'><strong>zu</strong></span> <span class='ocrx_word' id='word_1_320' title='bbox 1193 2472 1251 2505; x_wconf 88' lang='lat' dir='ltr'><strong>ep.</strong></span> <span class='ocrx_word' id='word_1_321' title='bbox 1278 2461 1347 2496; x_wconf 77' lang='lat'><strong>686</strong></span> <span class='ocrx_word' id='word_1_322' title='bbox 1372 2459 1426 2492; x_wconf 86' lang='lat' dir='ltr'><strong>im</strong></span> <span class='ocrx_word' id='word_1_323' title='bbox 1449 2459 1537 2492; x_wconf 86' lang='lat' dir='ltr'><strong>Anf.</strong></span> 
     </span>
    </p>

    <p class='ocr_par' dir='ltr' id='par_1_16' title="bbox 214 2506 1693 2797">
     <span class='ocr_line' id='line_1_40' title="bbox 315 2506 1693 2556; baseline -0.004 -13"><span class='ocrx_word' id='word_1_324' title='bbox 315 2513 345 2544; x_wconf 92' lang='lat'><strong>1.</strong></span> <span class='ocrx_word' id='word_1_325' title='bbox 374 2509 497 2544; x_wconf 76' lang='lat' dir='ltr'><strong>multis</strong></span> <span class='ocrx_word' id='word_1_326' title='bbox 521 2510 651 2545; x_wconf 78' lang='lat' dir='ltr'><strong>verbis.</strong></span> <span class='ocrx_word' id='word_1_327' title='bbox 701 2511 919 2544; x_wconf 86' lang='lat' dir='ltr'><strong>Ambitiosis</strong></span> <span class='ocrx_word' id='word_1_328' title='bbox 945 2511 1045 2544; x_wconf 83' lang='lat' dir='ltr'><strong>enim</strong></span> <span class='ocrx_word' id='word_1_329' title='bbox 1069 2509 1315 2556; x_wconf 81' lang='lat' dir='ltr'><strong>petitionibus</strong></span> <span class='ocrx_word' id='word_1_330' title='bbox 1348 2508 1487 2541; x_wconf 82' lang='lat' dir='ltr'><strong>utimur</strong></span> <span class='ocrx_word' id='word_1_331' title='bbox 1519 2506 1616 2552; x_wconf 85' lang='lat' dir='ltr'><strong>apud</strong></span> <span class='ocrx_word' id='word_1_332' title='bbox 1646 2506 1693 2538; x_wconf 87' lang='lat' dir='ltr'><strong>il-</strong></span> 
     </span>
     <span class='ocr_line' id='line_1_41' title="bbox 216 2555 1693 2606; baseline -0.003 -16"><span class='ocrx_word' id='word_1_333' title='bbox 216 2558 289 2596; x_wconf 83' lang='lat' dir='ltr'><strong>los,</strong></span> <span class='ocrx_word' id='word_1_334' title='bbox 327 2558 372 2591; x_wconf 85' lang='lat' dir='ltr'><strong>de</strong></span> <span class='ocrx_word' id='word_1_335' title='bbox 405 2569 562 2603; x_wconf 87' lang='lat' dir='ltr'><strong>quorum</strong></span> <span class='ocrx_word' id='word_1_336' title='bbox 594 2559 789 2593; x_wconf 84' lang='lat' dir='ltr'><strong>voluntate</strong></span> <span class='ocrx_word' id='word_1_337' title='bbox 821 2570 911 2606; x_wconf 84' lang='lat' dir='ltr'><strong>erga</strong></span> <span class='ocrx_word' id='word_1_338' title='bbox 941 2570 1009 2593; x_wconf 87' lang='lat' dir='ltr'><strong>nos</strong></span> <span class='ocrx_word' id='word_1_339' title='bbox 1041 2558 1262 2592; x_wconf 75' lang='lat' dir='ltr'><strong>dubitamus.</strong></span> <span class='ocrx_word' id='word_1_340' title='bbox 1297 2575 1342 2580; x_wconf 89' lang='lat'>-</span> <span class='ocrx_word' id='word_1_341' title='bbox 1379 2560 1517 2589; x_wconf 74' lang='lat' dir='ltr'><strong>tuerere</strong></span> <span class='ocrx_word' id='word_1_342' title='bbox 1540 2555 1564 2588; x_wconf 79' lang='lat' dir='ltr'><strong>i.</strong></span> <span class='ocrx_word' id='word_1_343' title='bbox 1591 2564 1623 2587; x_wconf 87' lang='lat' dir='ltr'><strong>e.</strong></span> <span class='ocrx_word' id='word_1_344' title='bbox 1650 2559 1693 2587; x_wconf 89' lang='lat' dir='ltr'><strong>ut</strong></span> 
     </span>
     <span class='ocr_line' id='line_1_42' title="bbox 215 2602 1693 2652; baseline -0.003 -14"><span class='ocrx_word' id='word_1_345' title='bbox 215 2607 438 2640; x_wconf 82' lang='lat' dir='ltr'><strong>auctoritate</strong></span> <span class='ocrx_word' id='word_1_346' title='bbox 464 2613 530 2640; x_wconf 83' lang='lat' dir='ltr'><strong>tua</strong></span> <span class='ocrx_word' id='word_1_347' title='bbox 554 2607 748 2652; x_wconf 78' lang='lat' dir='ltr'><strong>efficeres,</strong></span> <span class='ocrx_word' id='word_1_348' title='bbox 784 2614 827 2642; x_wconf 86' lang='lat' dir='ltr'><strong>ut</strong></span> <span class='ocrx_word' id='word_1_349' title='bbox 859 2615 1007 2641; x_wconf 85' lang='lat' dir='ltr'><strong>senatus</strong></span> <span class='ocrx_word' id='word_1_350' title='bbox 1038 2606 1137 2641; x_wconf 86' lang='lat' dir='ltr'><strong>mihi</strong></span> <span class='ocrx_word' id='word_1_351' title='bbox 1168 2603 1482 2652; x_wconf 78' lang='lat' dir='ltr'><strong>supplicationem</strong></span> <span class='ocrx_word' id='word_1_352' title='bbox 1514 2602 1693 2635; x_wconf 87' lang='lat' dir='ltr'><strong>decerne-</strong></span> 
     </span>
     <span class='ocr_line' id='line_1_43' title="bbox 214 2649 1691 2701; baseline -0.005 -14"><span class='ocrx_word' id='word_1_353' title='bbox 214 2660 284 2687; x_wconf 78' lang='lat' dir='ltr'><strong>ret.</strong></span> <span class='ocrx_word' id='word_1_354' title='bbox 312 2655 420 2689; x_wconf 74' lang='lat'><em>5011.</em></span> <span class='ocrx_word' id='word_1_355' title='bbox 455 2673 499 2680; x_wconf 90' lang='lat'><strong>—-</strong></span> <span class='ocrx_word' id='word_1_356' title='bbox 531 2655 718 2698; x_wconf 71' lang='lat' dir='ltr'><strong>Inalpinos</strong></span> <span class='ocrx_word' id='word_1_357' title='bbox 752 2656 805 2690; x_wconf 88' lang='lat' dir='ltr'><strong>im</strong></span> <span class='ocrx_word' id='word_1_358' title='bbox 838 2656 1016 2701; x_wconf 85' lang='lat' dir='ltr'><strong>heutigen</strong></span> <span class='ocrx_word' id='word_1_359' title='bbox 1048 2656 1216 2700; x_wconf 82' lang='lat' dir='ltr'><strong>Savoyen</strong></span> <span class='ocrx_word' id='word_1_360' title='bbox 1247 2665 1283 2688; x_wconf 91' lang='lat' dir='ltr'><strong>u.</strong></span> <span class='ocrx_word' id='word_1_361' title='bbox 1317 2653 1508 2692; x_wconf 86' lang='lat' dir='ltr'><strong>Piemont,</strong></span> <span class='ocrx_word' id='word_1_362' title='bbox 1548 2649 1691 2682; x_wconf 87' lang='lat' dir='ltr'><strong>welche</strong></span> 
     </span>
     <span class='ocr_line' id='line_1_44' title="bbox 216 2698 1690 2750; baseline -0.001 -17"><span class='ocrx_word' id='word_1_363' title='bbox 216 2702 441 2746; x_wconf 81' lang='lat' dir='ltr'><strong>wenigstens</strong></span> <span class='ocrx_word' id='word_1_364' title='bbox 467 2704 687 2748; x_wconf 84' lang='lat' dir='ltr'><strong>vorgeblich</strong></span> <span class='ocrx_word' id='word_1_365' title='bbox 720 2704 829 2738; x_wconf 86' lang='lat' dir='ltr'><strong>einen</strong></span> <span class='ocrx_word' id='word_1_366' title='bbox 859 2703 1046 2738; x_wconf 83' lang='lat' dir='ltr'><strong>Aufstand</strong></span> <span class='ocrx_word' id='word_1_367' title='bbox 1079 2710 1206 2750; x_wconf 79' lang='lat' dir='ltr'><strong>errogt</strong></span> <span class='ocrx_word' id='word_1_368' title='bbox 1238 2702 1386 2740; x_wconf 79' lang='lat' dir='ltr'><strong>hatten.</strong></span> <span class='ocrx_word' id='word_1_369' title='bbox 1420 2719 1463 2727; x_wconf 89' lang='lat'><strong>-—</strong></span> <span class='ocrx_word' id='word_1_370' title='bbox 1496 2698 1690 2742; x_wconf 76' lang='lat' dir='ltr'><strong>imperato-</strong></span> 
     </span>
     <span class='ocr_line' id='line_1_45' title="bbox 215 2751 1243 2797; baseline 0.008 -16"><span class='ocrx_word' id='word_1_371' title='bbox 215 2751 308 2784; x_wconf 73' lang='lat' dir='ltr'><strong>rium</strong></span> <span class='ocrx_word' id='word_1_372' title='bbox 331 2752 692 2797; x_wconf 66' lang='lat' dir='ltr'><strong>stan-imperatoris.</strong></span> <span class='ocrx_word' id='word_1_373' title='bbox 717 2753 752 2788; x_wconf 86' lang='lat' dir='ltr'><strong>S.</strong></span> <span class='ocrx_word' id='word_1_374' title='bbox 779 2753 934 2788; x_wconf 83' lang='lat' dir='ltr'><strong>Ramsh.</strong></span> <span class='ocrx_word' id='word_1_375' title='bbox 960 2752 989 2795; x_wconf 67' lang='grc' dir='ltr'><strong>ἓ.</strong></span> <span class='ocrx_word' id='word_1_376' title='bbox 1016 2753 1099 2795; x_wconf 81' lang='lat'><strong>2⁰3,</strong></span> <span class='ocrx_word' id='word_1_377' title='bbox 1125 2751 1177 2794; x_wconf 90' lang='lat'><strong>11,</strong></span> <span class='ocrx_word' id='word_1_378' title='bbox 1204 2751 1243 2790; x_wconf 68' lang='lat' dir='ltr'><strong>b.</strong></span> 
     </span>
    </p>
   </div>
  </div>
 </body>
</html>
