1795 3086
507 59 825 107 EPISTOLA
858 61 1083 109 DCCCX.
1442 62 1537 109 295

63 177 204 229 pimus
233 174 400 226 coacti,
431 174 636 228 quoniam
667 172 857 214 retinere
886 187 960 215 eas
990 188 1075 215 non
1096 176 1389 228 potueramus.
1447 174 1534 213 An-

60 231 209 271 tonius
249 230 306 270 ad
341 231 505 271 Forum
535 230 765 270 Gallorum
801 242 902 269 suas
932 231 1081 283 copias
1111 229 1364 270 continebat
1394 242 1533 282 neque

59 286 167 327 sciri
197 286 371 327 volebat
399 299 444 326 se
472 285 664 338 legiones
693 283 878 325 habere:
923 290 1091 326 tantum
1128 286 1368 340 equitatum
1399 289 1442 324 et
1471 284 1532 324 le-

60 355 158 382 vem
194 346 458 383 armaturam
487 340 756 381 ostendebat.
822 340 1114 395 Posteaquam
1154 341 1271 382 vidit
1308 354 1353 381 se
1391 340 1531 382 invito

57 398 275 451 legionem
303 398 368 438 ire
385 397 552 449 Pansa,
582 396 706 451 sequi
723 409 770 436 se
801 396 911 437 duas
940 397 1136 450 legiones
1166 397 1291 438 iussit
1321 396 1526 436 tironum.

56 453 351 507 Posteaquam
396 452 619 506 angustias
668 451 840 506 paludis
890 456 935 492 et
994 453 1205 492 silvarum
1255 452 1527 501 tmnsiimus,

57 510 175 555 acies
204 514 271 550 est
299 510 512 549 instructa
542 522 566 549 a
594 508 719 549 nobis
748 507 979 549 duodecim
1000 507 1264 549 cohortium.
1321 507 1527 548 Nondum

55 569 266 605 venerant
302 565 497 618 legiones
536 564 669 613 duae;
716 569 893 628 repente
927 564 1143 605 Antonius
1182 562 1227 602 in
1257 563 1394 603 aciem
1426 576 1528 603 suas

53 621 203 674 copias
243 620 299 660 de
336 620 437 661 vico
476 620 684 674 produxit
724 626 769 661 et
797 621 890 660 sine
920 633 1044 660 mora
1073 619 1312 659 concurrit.
1371 619 1527 659 Primo

52 676 117 716 ita
145 679 381 729 pugnatum
410 681 498 726 est,
539 682 586 716 ut
623 676 769 718 acrius
813 690 899 717 non
929 679 1076 730 posset
1105 687 1157 714 ex
1184 677 1371 727 utraque
1400 679 1528 726 parte

52 732 260 785 pugnaii:
301 732 385 773 etsi
416 732 638 773 dexteiius
669 746 827 784 cornu,
857 733 902 772 in
932 744 1018 784 quo
1048 743 1128 783 ego
1145 742 1267 770 eram
1286 743 1385 769 cum
1406 729 1525 769 Mar-

14 802 15 806 *
50 789 141 828 tiae
171 788 356 841 legionis
386 788 641 829 cohmtibus
680 792 804 838 octo,
841 788 1006 841 impetu
1035 787 1179 840 primo
1208 784 1438 838 fugaveiat
1467 785 1526 826 le-

50 844 225 896 gionem
253 857 380 885 xxxv.
411 844 616 895 Antonii,
646 848 694 884 ut
721 842 905 895 amplius
934 855 1086 896 passus
1105 841 1225 881 ultra
1243 841 1409 891 aciem,
1439 855 1524 894 quo

50 900 151 939 loco
181 903 386 950 steterat,
426 899 703 953 processerit.
769 898 922 952 Itaque
965 912 1094 952 quum
1124 896 1296 950 equites
1326 902 1525 936 nostrum

48 968 188 995 ‹un-nu
216 955 450 995 circumiie
477 955 663 1005 vellent,
710 953 909 1007 recipere
946 968 1015 994 me
1053 953 1177 1007 coepi
1207 956 1252 993 et
1282 952 1427 993 levem
1456 965 1524 991 ar-

47 1014 265 1050 maturam
294 1023 517 1064 opponere
547 1010 808 1051 Maurorum
843 1010 1094 1064 equitibus,
1133 1022 1187 1050 ne
1225 1021 1407 1049 aversos
1444 1021 1523 1047 no-

47 1071 164 1106 stros
202 1066 566 1119 aggrederentur.
635 1065 824 1105 Interim
860 1065 994 1106 video
1033 1079 1103 1106 me
1148 1076 1244 1104 esse
1285 1065 1404 1103 inter
1432 1064 1523 1103 An-

47 1121 251 1161 tonianos
282 1120 610 1175 Antoniumque
650 1125 752 1174 post
779 1133 849 1160 me
879 1134 976 1161 esse
1006 1122 1249 1175 aliquanto.
1321 1119 1525 1172 Repente

12 1175 13 1178 ’
45 1190 203 1229 equum
236 1176 401 1216 immisi
431 1176 488 1216 ad
517 1191 614 1217 eam
644 1177 867 1230 legionem
907 1177 1123 1229 tironum,
1167 1188 1278 1229 quae
1316 1175 1524 1215 veniebat

12 1257 13 1260 =
46 1245 105 1272 ex
145 1233 327 1283 castris,
368 1236 492 1272 scuto
521 1232 705 1273 reiecto.
772 1231 1013 1272 Antoniani
1043 1246 1113 1273 me
1142 1231 1339 1284 inseq'ui3
1379 1232 1523 1270 nostri

46 1287 139 1341 pila
169 1287 394 1327 coniicere
424 1287 554 1328 velle.
623 1287 696 1327 Ita
733 1287 884 1327 nescio
920 1300 1007 1341 quo
1047 1287 1143 1328 fato
1181 1300 1278 1326 sum
1308 1289 1521 1336 selvatuS,

42 1342 163 1396 quod
191 1355 289 1382 sum
319 1343 410 1382 cito
441 1355 467 1382 a
496 1343 662 1383 nostris
692 1343 912 1396 cognitus.
979 1343 1033 1383 In
1062 1344 1160 1397 ipsa
1188 1342 1408 1391 Aemilia,
1448 1317 1521 1380 ubi
1573 1350 1575 1352 “

43 1397 203 1438 cohors
232 1398 441 1439 Caesaris
471 1398 696 1452 praetoria
716 1401 832 1449 erat,
864 1397 942 1437 diu
956 1404 1196 1453 pugnatum
1226 1401 1307 1438 est.
1370 1397 1519 1437 Coinu

41 1453 312 1505 sinistmius,
370 1454 487 1507 quod
532 1457 627 1494 erat
670 1429 915 1505 infirmius,
966 1456 1040 1495 ubi
1086 1453 1283 1496 Maitiae
1329 1452 1520 1505 legionis

11 1528 13 1539 ι
40 1510 154 1549 duae
183 1509 392 1550 cohortes
432 1514 559 1550 erant
600 1513 644 1550 et
676 1508 838 1550 cohors
869 1509 1120 1562 praetmia,
1159 1509 1317 1564 pedem
1349 1508 1518 1548 leserre

41 1570 304 1618 coeperunt,
333 1565 453 1620 quod
482 1566 536 1606 ab
565 1566 764 1620 equitatu
795 1565 1118 1618 circuibantur,
1160 1579 1247 1622 quo
1277 1564 1348 1606 vel
1377 1565 1518 1619 pluris

132 1712 169 1746 2.
199 1710 383 1754 quoniam,
417 1710 484 1742 wie
513 1722 569 1755 ep.
596 1712 678 1751 806,
705 1711 741 1748 5.
769 1729 813 1736 —
853 1711 1050 1754 adfurum
1077 1711 1268 1745 Gallorum
1302 1712 1401 1745 inter
1431 1713 1515 1744 Nlu⁸

41 1759 158 1792 tinam
186 1765 223 1791 et
250 1759 474 1795 Bononiam,
502 1758 594 1791 ietzt
621 1760 936 1793 Castel-Franco.
965 1760 999 1792 S.
1028 1759 1170 1794 Cluver.
1197 1761 1226 1799 Ι,
1252 1762 1308 1795 28.
1337 1779 1378 1784 -
1407 1760 1515 1793 levem

10 1850 11 1855 1
37 1811 263 1840 armaturam
288 1807 312 1840 i.
340 1817 372 1840 e.
398 1807 536 1839 milites
560 1807 652 1839 levis
677 1814 908 1848 armaturae,
935 1807 1073 1840 leichte
1097 1809 1289 1854 Truppen.
1317 1827 1363 1832 —
1396 1808 1513 1850 legio>

10 1859 112 1887 luem
145 1855 335 1888 Martiam.
374 1873 412 1879 —
457 1855 712 1899 Posteaquam,
745 1867 815 1901 pro
850 1867 922 1900 quo
954 1859 1079 1898 postea
1111 1867 1193 1889 vero
1231 1867 1335 1900 quam
1368 1866 1455 1897 ang.
1494 1867 1514 1888 e

10 1904 12 1934 ἶ
35 1904 128 1936 Dres
135 1903 168 1935 d.
194 1908 280 1937 tert.
298 1904 387 1938 Sch.
418 1921 458 1926 —
487 1903 585 1936 duod.
605 1903 883 1946 cok.,ste11ten
902 1903 968 1937 wir
987 1906 1030 1939 12
1048 1904 1239 1938 Cohorten
1256 1905 1293 1937 in
1310 1902 1512 1938 Schlacht—

33 1951 217 1999 ordnung.

130 2000 165 2034 3.
195 2000 268 2041 leg.
296 1999 385 2032 duae
410 1998 594 2038 tironum,
621 2012 708 2044 quas
736 2001 849 2033 Pansa
876 2000 1039 2033 miserat.
1057 2019 1103 2025 —
1129 2002 1173 2035 de
1197 2003 1277 2035 vico
1303 2001 1325 2033 i.
1353 2011 1383 2033 e.
1414 2001 1511 2033 Foro

35 2046 240 2080 Gallorum.
279 2067 323 2072 ——
358 2047 517 2090 amplius
547 2059 689 2091 passus.
739 2048 894 2082 Excidit
928 2060 1099 2082 numerus
1125 2061 1145 2082 e
1171 2050 1251 2084 Md.
1277 2050 1405 2093 sicque
1431 2050 1510 2081 Asc

10 2098 68 2138 i1.
108 2095 202 2129 vict.
243 2097 272 2129 l.
307 2097 338 2130 2.
375 2096 508 2129 Graev.
545 2097 631 2128 Ern.
682 2096 792 2129 Varie
824 2097 1102 2142 suppleverunt:
1142 2108 1272 2141 passus
1308 2109 1357 2130 cc.
1391 2097 1508 2141 Neap.

10 2143 160 2186 lpas-eus
191 2148 325 2175 centum
361 2145 460 2175 Crat.
498 2155 629 2186 passus
664 2147 877 2188 quingentos
912 2147 1047 2190 Margo
1076 2148 1176 2179 Crat.
1202 2147 1349 2180 Manat.
1379 2145 1509 2178 bamb.

10 2189 122 2223 ἕξεί).
154 2192 247 2224 Liin.
285 2191 478 2224 ORELLI.
506 2211 552 2216 —
584 2193 684 2224 ultra
720 2204 773 2225 ac.
808 2219 816 2228 .
853 2219 860 2225 .
895 2198 1068 2234 steterat,
1102 2195 1197 2227 iiber
1222 2194 1282 2227 die
1308 2193 1416 2227 Lim'e
1442 2193 1510 2225 der

31 2238 382 2282 Schlachtordnung
419 2239 565 2273 hinaus.
604 2260 645 2265 —
689 2241 824 2284 equites
855 2242 1019 2278 Antonii
1053 2260 1100 2267 --
1135 2242 1381 2282 Maurorum,
1418 2253 1510 2286 quos

10 2287 212 2319 Antonius
238 2287 408 2323 habebat
437 2306 483 2312 —-
508 2299 550 2320 ne
572 2299 686 2321 cll-ers.
713 2300 747 2322 n.
775 2299 911 2344 agga,
940 2290 1056 2323 damit
1071 2290 1123 2323 sie
1137 2301 1209 2324 uns
1233 2289 1344 2324 nicht
1369 2290 1406 2322 in
1436 2290 1508 2321 den

35 2334 186 2367 Riicken
214 2335 326 2367 fallen
355 2336 500 2368 sollten.
527 2334 573 2360 ——2
600 2348 726 2381 equum
751 2337 902 2379 immisi,
939 2345 1112 2383 sprengte
1136 2338 1202 2371 ich
1227 2339 1298 2372 mit
1325 2350 1386 2384 ges
1392 2349 1506 2382 porn

31 2389 107 2415 tem
136 2384 250 2414 Rosse
276 2384 385 2416 nach.
412 2402 459 2408 —-
483 2389 583 2417 scuto
611 2386 763 2424 reiecto,
789 2386 857 2418 mit
874 2386 958 2418 dem
976 2386 1128 2420 Schilde
1153 2386 1218 2420 auf
1234 2387 1318 2420 dem
1335 2385 1507 2427 Rfickem

29 2438 72 2462 ut
99 2431 150 2462 ita
175 2437 329 2474 pectore
355 2443 430 2463 non
457 2434 602 2465 munito
629 2433 888 2476 intelligerent
913 2435 1058 2468 tirones
1083 2446 1142 2468 me
1168 2435 1334 2467 amicum
1361 2440 1399 2466 et
1423 2445 1507 2467 sua-

10 2490 113 2518 ¹rum
147 2479 306 2522 partium
336 2490 412 2512 esse
438 2486 475 2512 et
501 2481 546 2513 ab
573 2481 651 2514 illis
675 2481 771 2513 nihil
797 2482 885 2514 mali
910 2490 1086 2519 metuere.
1123 2481 1344 2517 GRONOV.
1372 2499 1418 2506 --
1449 2481 1505 2514 in-

9 2527 131 2568 =seq11i
156 2552 165 2557 .
194 2553 200 2561 .
229 2527 356 2559 coniz'c.
386 2528 476 2560 reue
508 2529 650 2562 Infinit.
685 2528 871 2562 historici.
901 2549 940 2555 —
974 2530 1092 2564 nostri
1120 2530 1198 2574 pila
1224 2530 1262 2563 in
1288 2540 1349 2562 me
1375 2529 1503 2562 coniic.

31 2575 133 2605 velle.
183 2575 444 2607 Vernmthlich
472 2575 530 2609 die
559 2578 646 2610 acht
672 2577 863 2611 Cohortem
889 2577 955 2612 der
977 2577 1213 2613 Martischen
1239 2576 1405 2621 Legion‚
1444 2576 1504 2610 die

30 2632 71 2654 er
96 2634 177 2655 zum
205 2622 402 2666 Riickzuge
429 2624 614 2667 besebhgt
639 2625 742 2658 hatte
766 2626 844 2658 und
869 2638 944 2659 nun
970 2626 1111 2661 wieder
1135 2625 1334 2660 erreichte.

125 2672 156 2703 4.
188 2671 348 2702 Aemilia
375 2672 444 2703 via.
478 2692 523 2697 —
557 2674 684 2715 pedem
711 2674 811 2716 res.‚
845 2675 1046 2716 recedere,
1080 2674 1217 2708 zuriick
1243 2685 1291 2707 zu
1317 2671 1503 2715 weidmn,

30 2717 106 2763 sing
130 2719 199 2752 den
224 2719 409 2765 Ruckzug
434 2731 489 2754 an.
518 2725 710 2765 coeperunt
735 2727 825 2756 statt
850 2723 989 2767 coepit,
1016 2723 1101 2757 weil
1120 2733 1228 2757 cornu
1246 2722 1303 2755 ein
1326 2722 1505 2757 Collecti„

5 2812 7 2831 1

5 2834 11 2876 ί

0 2877 8 3086 j
