1795 3086
465 122 782 166 EPISTOLA
813 121 1218 165 DOCCXXXIV.
1473 118 1567 167 333

78 236 234 290 Neque
265 250 347 291 ego
377 249 463 276 non
495 234 720 285 videbam,
761 238 923 288 quanto
955 236 1054 277 usui
1086 236 1149 276 rei
1181 235 1387 290 publicae
1419 247 1559 278 essem
1601 239 1628 277 2

81 293 267 344 futurus,
309 292 349 333 si
387 292 445 332 ad
474 290 695 344 Lepidum
734 289 972 332 venissem:
1018 305 1194 333 omnem
1233 292 1348 332 enim
1379 298 1561 335 cuncta-

78 350 245 389 tionem
292 348 387 388 eius
436 345 761 396 discussissem,
810 348 1075 399 praesertim
1119 347 1325 388 adiutore
1369 346 1561 391 Planco.

78 404 166 445 Sed
197 403 415 445 scribenti
444 402 500 443 ad
531 415 600 442 me
630 401 850 442 eiusmodi
881 402 1050 449 literas,
1079 416 1189 456 quas
1218 403 1355 457 leges,
1384 406 1429 444 et
1458 417 1562 445 con»

77 461 282 500 cionibus
311 458 540 509 videlicet,
580 470 690 511 quas
719 456 927 498 Narbone
966 458 1171 498 habuisse
1210 458 1391 506 dicitur,
1439 460 1563 501 simi-

78 517 161 563 les,
198 516 409 569 palparer
452 514 584 568 plane
623 526 802 554 necesse
841 517 953 564 erat,
1005 514 1044 554 si
1089 514 1249 554 vellem
1293 520 1563 557 commeatus

78 585 154 625 per
183 570 458 625 provinciam
488 571 584 610 eius
614 569 701 609 iter
731 567 901 609 faciens
931 569 1109 610 habere.
1167 569 1410 612 Praeterea
1437 584 1562 613 vere—

78 629 172 676 bar,
213 639 281 677 ne,
311 626 350 666 si
381 629 499 677 ante,
538 637 670 679 quam
701 638 784 678 ego
815 625 991 679 incepta
1020 623 1298 678 perficerem,
1342 629 1565 681 proelium

78 681 329 722 confectum
362 686 492 732 esset,
539 682 659 734 pium
690 680 928 721 consilium
969 694 1116 721 meum
1147 687 1354 734 raperent
1383 683 1429 723 in
1459 697 1563 725 con-

79 737 262 778 trariam
314 742 485 791 partem
537 738 862 777 obtrectatores
907 735 1007 786 mei,
1068 741 1253 790 propter
1303 738 1564 789 amicitiam,

75 807 189 847 quae
220 792 331 833 mihi
359 806 460 833 cum
491 792 701 837 Antonio,
731 806 819 832 non
849 791 993 831 maior
1021 794 1184 838 tamen,
1224 807 1356 847 quam
1387 794 1563 836 Planco

77 848 176 890 fuit.
232 849 392 903 Itaque
423 862 449 888 a
478 848 678 889 Gadibus
708 861 853 887 mense
881 845 1029 900 Aprili
1068 846 1188 887 binis
1228 849 1476 892 tabellariis
1517 851 1563 891 in
1603 848 1629 888 3

76 905 186 944 (luas
216 918 350 947 naves
380 903 603 958 impositis
644 909 689 943 et
727 902 811 942 tibi
853 906 898 943 et
937 902 1196 943 consulibus
1238 908 1283 944 et
1311 904 1565 948 Octaviano

77 961 253 1014 scripsi,
302 964 349 1000 ut
378 973 446 999 me
475 958 683 999 faceretis
722 957 977 1007 certiorem,
1018 972 1209 1012 quonam
1249 959 1383 1001 modo
1421 961 1564 1015 pluri—

78 1030 195 1056 mum
235 1028 407 1069 possem
449 1015 661 1067 prodesse
701 1013 767 1053 rei
806 1013 1028 1067 publicae.
1109 1014 1211 1067 Sed,
1258 1019 1307 1056 ut
1346 1019 1565 1058 rationem

77 1073 191 1118 ineo,
219 1084 307 1125 quo
337 1070 411 1110 die
442 1071 664 1124 proelium
693 1069 844 1110 Pansa
874 1069 1110 1122 commisit,
1141 1070 1298 1112 eodem
1320 1072 1565 1114 aGadibus

80 1140 210 1169 naves
240 1125 470 1180 profectae
500 1130 615 1166 sunt.
674 1125 814 1166 Nulla
844 1124 960 1165 enim
991 1130 1092 1178 post
1122 1125 1314 1167 hiemem
1344 1127 1434 1170 fuit
1462 1134 1566 1170 ante

79 1196 173 1224 eam
204 1183 324 1222 diem
356 1181 593 1234 navigatio.
652 1181 713 1221 Et
742 1180 947 1221 hercules
978 1181 1109 1235 longe
1139 1187 1332 1224 remotus
1362 1185 1417 1224 ab
1446 1185 1567 1225 omni

77 1238 328 1293 suspicione
358 1236 499 1277 futuri
527 1236 675 1278 civilis
704 1237 919 1277 tumultus
949 1237 1124 1290 penitus
1153 1239 1200 1278 in
1230 1238 1470 1282 Lusitania
1500 1242 1564 1281 le-

80 1295 232 1348 giones
263 1294 308 1333 in
338 1291 542 1333 hibernis
573 1292 860 1332 collocaram.
914 1291 986 1331 lta
1015 1306 1150 1346 porro
1180 1293 1415 1336 festinavit
1444 1299 1563 1337 uter-

78 1365 164 1404 que
189 1348 447 1402 confligere,
467 1351 692 1401 tamquam
713 1347 828 1387 nihil
847 1347 972 1401 peius
996 1350 1220 1401 timerent,
1241 1363 1373 1404 quam
1394 1365 1449 1393 ne
1469 1352 1566 1393 sine

78 1404 273 1446 maximo
294 1404 359 1444 rei
379 1403 586 1457 publicae
607 1403 877 1444 detrimento
890 1403 1057 1443 bellum
1075 1412 1430 1459 componeretur.
1459 1408 1564 1461 Sed,

79 1462 117 1502 si
149 1460 474 1516 properandum
504 1458 602 1510 fuit,
633 1458 750 1499 nihil
783 1473 869 1502 non
899 1460 1057 1500 summi
1086 1459 1214 1503 ducis
1244 1461 1436 1504 consilio
1466 1477 1563 1519 ges-2

174 1667 208 1701 2.
259 1665 380 1708 Neque
409 1674 477 1706 ego
503 1674 573 1697 non
598 1658 681 1703 rm,
717 1663 813 1697 auch
840 1663 906 1698 sah
933 1664 998 1699 ich
1025 1664 1116 1699 sehr
1139 1665 1246 1701 wohl
1273 1667 1345 1701 ein.
1397 1687 1440 1693 —
1490 1670 1565 1703 dis=

77 1724 184 1756 cass„
211 1713 277 1747 ich
304 1713 407 1746 h'zitte
433 1712 515 1745 ihm
541 1712 644 1745 seine
678 1723 797 1757 ganze
823 1713 1143 1748 Bedenklichkeit
1177 1716 1447 1756 verscheucht,
1481 1718 1564 1751 sein

81 1763 233 1808 Ziigern
260 1761 502 1808 ausger-edet,
531 1759 649 1793 damit
675 1771 717 1793 er
743 1761 827 1794 dem
854 1760 1162 1796 Senatsschlusse
1188 1764 1324 1811 folgte,
1365 1765 1463 1798 nach
1488 1765 1563 1799 Ita·²

80 1811 159 1843 lien
185 1822 231 1843 zu
258 1809 459 1849 kommen;
487 1808 579 1841 eder
603 1808 704 1841 seine
731 1808 956 1856 Gesinnung
990 1810 1071 1843 rein
1104 1811 1340 1855 ausspr'ziche.
1392 1812 1441 1847 So
1474 1813 1565 1849 aber

80 1859 145 1891 hat
170 1858 251 1891 sein
277 1858 431 1901 Z’ogern
457 1856 542 1889 Viel
570 1855 781 1903 geschadet.
814 1876 860 1881 -
903 1858 1015 1890 adiut.
1042 1858 1115 1900 Pl„
1145 1859 1215 1893 mit
1241 1860 1401 1894 Plancus
1427 1861 1559 1902 Hiilfe,

81 1927 123 1931 —
144 1910 176 1938 et
203 1916 302 1938 conc.
329 1905 403 1938 del.
432 1909 464 1937 et
490 1905 583 1936 Em.
611 1904 698 1937 Sch.
726 1906 820 1937 Liin.
851 1905 1047 1939 ORELLI.
1074 1926 1115 1932 —
1141 1908 1327 1950 Narbone,
1354 1909 1447 1944 ietzt
1463 1911 1561 1944 Nar-2

80 1955 200 1988 bonne
226 1954 265 1985 in
292 1953 361 1986 der
386 1954 588 1986 Provence.
639 1971 680 1976 —
730 1955 907 1997 palparer
932 1964 1004 1986 nec.
1034 1964 1097 1997 er„
1135 1955 1200 1988 ich
1225 1962 1365 1990 musste
1390 1957 1472 1991 ihm
1498 1970 1562 1992 um

79 2003 151 2036 den
178 2003 266 2035 Bart
304 1999 444 2047 gehen,
489 2001 560 2034 mit
590 2000 673 2034 ihm
707 2001 801 2034 leise
835 2014 883 2035 zu
914 2001 1064 2036 Werke
1099 2002 1236 2049 gehen.
1300 2003 1363 2037 Sic
1395 2006 1494 2040 Vict.
1527 2008 1561 2041 2„

82 2049 207 2083 hamb.
234 2049 365 2082 Bened.
388 2050 577 2091 palmer-er
601 2049 688 2090 Md„
725 2049 824 2092 quod
848 2062 882 2083 v.
909 2049 981 2083 hac
1006 2050 1168 2097 signific.
1194 2052 1405 2087 inauditum
1431 2053 1559 2088 desem

78 2099 171 2132 dunt
197 2099 289 2130 Man.
317 2097 467 2130 Cortius
495 2103 531 2130 et
558 2097 719 2130 Graeter
744 2098 825 2131 Vol.
853 2100 884 2132 7.
911 2110 946 2142 p.
973 2099 1054 2133 361.
1077 2101 1264 2142 palmarer
1284 2102 1394 2144 plane
1419 2103 1562 2140 Victa„

80 2148 256 2190 palparer
272 2146 382 2187 plane
424 2145 562 2179 GraeV.
591 2145 683 2178 Ern.
711 2144 800 2178 Sch.
841 2146 1050 2179 simularem
1080 2148 1189 2190 plane
1223 2148 1322 2182 Crat.
1367 2149 1562 2184 ORELLI,

83 2213 121 2220 --·
150 2197 380 2233 commeatus,
407 2193 691 2227 Lebonsmittel.
738 2198 973 2227 commeatum
1005 2196 1099 2228 Man.
1126 2196 1254 2229 Lamb.
1304 2196 1378 2231 Sed
1411 2200 1481 2231 cfr.
1516 2200 1563 2233 ad

78 2243 222 2275 Dirers.
258 2243 314 2284 10,
341 2243 400 2283 31,
427 2242 462 2275 4.
502 2242 631 2284 quibus
663 2242 916 2275 commeazibus
949 2250 1020 2276 cet.
1067 2244 1259 2278 ORELLI.
1312 2266 1353 2271 —
1404 2247 1561 2291 incepta,

78 2289 248 2324 n‘aimlich
274 2289 370 2322 nach
395 2289 532 2323 Italien
558 2302 603 2322 zu
630 2289 767 2336 gehen.
797 2308 837 2314 ·——
865 2290 967 2333 pium
992 2291 1116 2326 consil.
1144 2303 1200 2335 m.,
1227 2293 1381 2327 meinen
1405 2294 1562 2328 Vorsatz

78 2339 164 2372 dem
195 2337 421 2371 Vaterlande
460 2349 524 2370 aus
568 2337 683 2371 Liebe
725 2337 994 2382 beizustehen3
1037 2340 1187 2374 meinen
1230 2341 1561 2377 vaterl'andischen

80 2385 316 2423 Entschluss‚
343 2385 545 2418 eonsilium
572 2385 725 2430 pietatis
750 2386 791 2418 in
816 2387 991 2431 patriam.
1026 2408 1068 2413 -—
1115 2399 1240 2432 raper.
1266 2389 1305 2421 in
1331 2394 1445 2423 contr.
1470 2401 1561 2434 parn

80 2440 163 2475 tem,
188 2445 274 2467 zum
302 2432 556 2481 Gegentheile
581 2434 771 2481 auslegen,
798 2434 1021 2477 umdeuten3
1059 2436 1228 2469 nzimlich
1255 2437 1310 2469 als
1336 2437 1469 2471 wollte
1493 2438 1559 2472 ich

79 2482 166 2515 dem
187 2481 370 2514 Antonius
395 2493 439 2514 zu
450 2482 567 2515 Hiilfe
593 2481 702 2514 eilen.
722 2500 764 2505 —
789 2493 894 2526 quam
918 2483 1068 2525 Planco,
1096 2484 1396 2518 dativ.·Plancus
1424 2485 1472 2519 ist
1497 2486 1559 2520 ein

79 2529 169 2563 sehr
193 2540 345 2576 grosser
368 2529 520 2562 Freund
557 2540 645 2562 vom
681 2530 862 2563 Antonius
895 2542 1092 2578 gewesen;
1135 2532 1213 2566 und
1245 2532 1339 2565 doch
1372 2532 1462 2568 habt
1493 2534 1559 2568 ihr

80 2580 160 2612 Den
184 2575 280 2609 nach
306 2577 440 2610 Italien
466 2577 641 2617 berufen,
667 2576 772 2610 mich
796 2577 918 2612 nicht.

170 2644 203 2678 3.
247 2654 269 2675 α
297 2643 466 2683 Gadibus,
503 2654 573 2676 von
602 2643 728 2677 Cadix.
782 2663 821 2668 —
872 2649 913 2678 ut
938 2651 1010 2679 rat.
1037 2646 1130 2684 ineo,
1167 2658 1206 2681 so
1233 2647 1309 2682 wie
1334 2648 1400 2682 ich
1429 2660 1466 2684 es
1493 2650 1555 2684 be«

81 2690 230 2725 rec-hoe.
260 2710 301 2715 ——
328 2693 470 2734 suspic„
498 2691 677 2738 Abnung.
707 2710 748 2715 -—
776 2696 940 2736 uterque,
968 2695 1084 2727 Pansa
1109 2695 1172 2729 vel
1198 2697 1239 2729 D.
1254 2697 1389 2730 Brutus
1415 2705 1451 2731 et
1475 2700 1553 2732 An—

79 2740 211 2773 tonius.
250 2758 295 2763 -
344 2739 438 2772 m‘lzil
463 2750 544 2780 non,
578 2739 696 2776 Alles,
749 2740 822 2772 Ein
850 2740 1079 2775 Seitensrich
1116 2744 1184 2775 aus
1206 2744 1333 2786 Pansa,
1361 2745 1430 2779 mit
1457 2747 1553 2779 wel-

18 2801 20 2805 <
79 2786 189 2820 chem
217 2788 330 2821 Pollio
359 2794 473 2824 etwas
499 2794 678 2831 gpcpannt
708 2799 879 2834 geu-men
901 2801 1001 2824 war-2
1028 2790 1117 2823 aber·
1141 2791 1202 2823 ein
1230 2791 1321 2825 sehr
1341 2794 1552 2841 ung-erech-
