1795 3086
216 87 306 137 35³1
476 87 544 131 M.
575 88 632 131 T.
662 84 1007 131 CICERONIS
1035 84 1418 135 EPISTOLAE.

154 200 180 238 sl
217 202 286 243 bis
315 200 604 242 docebantur.
663 199 765 249 Qua
804 202 948 240 mente
987 200 1119 240 etiam
1164 202 1267 239 ante
1306 201 1504 239 nostrum
1532 197 1698 239 advener

216 262 309 299 tum
340 260 440 310 post
480 256 702 296 Trebonii
743 255 1100 310 indignissimam
1139 253 1321 296 caedem
1357 257 1594 308 ceteraque
1631 258 1699 294 tot

216 318 391 365 tamque
421 311 595 351 nefaria
632 310 836 352 facinora
873 310 1004 352 binae
1042 309 1269 365 profectae
1308 313 1434 350 erant
1470 309 1529 349 ad
1559 309 1699 350 Dola-

216 369 381 409 bellam
410 366 660 421 legationes
690 380 867 411 eorum,
895 371 940 407 et
967 366 1150 421 quidem
1177 378 1294 407 novo
1323 364 1553 419 exemp10‚
1595 377 1699 404 con-

217 429 287 465 tra
316 423 438 477 leges
467 424 680 477 ipsorum,
710 421 1046 477 prohibentibus
1076 422 1156 469 iis,
1183 421 1263 476 qui
1291 424 1384 461 tum
1412 420 1701 474 magistratus

215 478 439 534 gerebant.
513 478 664 529 Haec,
715 477 811 518 sive
853 478 1015 518 timore
1063 479 1135 522 (ut
1175 475 1422 528 dictitant,)
1470 475 1526 516 de
1563 474 1701 529 agris,

215 547 325 590 quos
357 534 404 574 in
434 533 682 576 continenti
712 532 905 586 habent,
950 533 1046 574 sive
1082 532 1253 583 furore,
1305 532 1399 573 sive
1438 530 1702 586 impotentia

216 603 470 646 paucorum,
499 590 577 644 qui
607 594 652 630 et
681 593 813 630 antea
840 588 940 643 pari
969 589 1243 629 contumelia
1270 589 1394 630 viros
1424 585 1701 627 clarissimos

213 648 458 687 affecerant
506 652 551 686 et
590 658 706 685 nunc
746 644 970 685 maximos
1010 644 1298 698 magistratus
1337 647 1541 697 gerentes
1577 642 1701 682 nullo

215 702 444 756 cxe1np10,
474 714 616 754 neque
646 704 799 740 nostra
829 713 887 739 ex
917 703 1066 753 parte,
1118 712 1261 753 neque
1301 704 1455 740 nostro
1494 710 1699 753 praesen—

214 758 325 798 tium
364 770 506 811 neque
538 757 790 797 imminenti
829 756 990 796 Italiae
1031 754 1221 809 urbique
1260 759 1440 795 nostrae
1478 753 1694 808 periculo,

214 814 250 854 si
284 814 366 854 ille
395 813 630 867 parricida
659 826 757 852 cum
798 812 890 851 suis
934 810 1206 862 latronibus,
1247 811 1458 855 navibus,
1496 822 1556 850 ex
1594 809 1698 848 Asia

213 869 441 925 Syriaque
473 868 700 922 expulsus,
732 866 915 908 Italiam
944 866 1143 920 petisset,
1181 864 1355 907 mederi
1393 877 1528 920 quum
1566 862 1701 905 facile

212 985 315 1027 heit3
341 985 423 1019 dass
449 984 503 1018 sie
529 983 613 1017 sich
640 983 744 1017 Alles
771 983 940 1028 gesallen
966 983 1115 1016 liessen.
1166 1001 1207 1007 —-
1260 982 1396 1024 doceb„
1422 981 1700 1029 ihnen'darge-

214 1034 295 1082 legt
320 1032 463 1068 wurde.
882 1069 901 1077 ..

309 1083 341 1115 4.
395 1081 471 1115 Qua
497 1084 628 1121 mente,
654 1080 694 1114 in
720 1078 848 1113 dieser
872 1078 1166 1126 Uberzeugung.
1205 1096 1248 1103 —
1288 1090 1380 1113 novo
1407 1080 1586 1124 exemplo,
1610 1078 1701 1112 mit-

211 1129 301 1162 telst
336 1129 438 1162 eines
470 1127 701 1162 Verfahrens
734 1139 828 1171 ganz
862 1138 981 1160 neuer
1013 1126 1095 1161 Art.
1147 1126 1279 1160 Indem
1307 1128 1624 1173 Privatpersonen
1649 1127 1701 1160 im

211 1178 355 1210 Namen
382 1176 450 1210 der
475 1175 581 1210 stadt
608 1176 692 1210 eine
718 1174 1009 1209 Gesandtschaft
1034 1173 1290 1209 abschickten.
1330 1193 1377 1199 —
1415 1175 1474 1209 iis.
1499 1175 1573 1210 Md.
1599 1174 1701 1209 vict.

212 1227 245 1259 2.
279 1224 347 1257 leis.
400 1242 443 1248 -
494 1224 606 1256 Haec.
657 1223 720 1257 Sic
747 1223 819 1259 Md.
845 1223 943 1256 Vict.
975 1225 1004 1256 l.
1031 1224 1064 1258 2.
1108 1223 1235 1257 Lamb.
1261 1222 1397 1257 Graev.
1423 1223 1516 1257 ΕΠ).
1541 1222 1704 1266 Bened.;

211 1272 309 1317 quod
351 1271 540 1317 explicari
578 1277 701 1316 potest
741 1283 813 1315 per
851 1267 1122 1312 ἀνακόλουθον,
1159 1271 1372 1304 cuiusmodi
1412 1271 1557 1316 aliquot
1589 1270 1702 1304 habet

212 1320 407 1359 Lentulus,
436 1320 624 1352 scribendi
651 1319 749 1352 haud
775 1319 942 1364 optimus
967 1319 1126 1353 artifex:
1166 1318 1272 1362 quasi
1305 1318 1432 1353 dicere
1466 1319 1635 1364 primum
1660 1319 1702 1351 in

210 1368 333 1403 animo
359 1367 568 1401 habuisset:
621 1367 752 1409 „Haec
780 1392 786 1398 .
816 1393 823 1399 .
850 1367 958 1400 nullo
990 1365 1168 1411 exemplo
1195 1390 1204 1399 .
1233 1393 1242 1401 .
1271 1391 1280 1399 .
1308 1391 1317 1401 .
1343 1368 1541 1401 fecerunt:
1577 1377 1700 1410 neque

211 1442 219 1448 .
248 1441 255 1447 .
283 1441 291 1450 .
317 1415 564 1450 voluerunt.“
612 1415 691 1448 Nec
716 1426 735 1449 e
762 1414 853 1449 cdd.
880 1414 972 1459 aliq.
998 1414 1172 1450 Weiske.
1221 1415 1320 1448 Hinc
1352 1413 1442 1449 Sch.
1475 1415 1570 1448 Liin.
1598 1415 1697 1448 coni.

210 1464 373 1497 Venerat
408 1462 609 1506 aliquando
648 1463 687 1495 in
719 1469 901 1496 mentem:
943 1462 1028 1496 Hic.
1068 1461 1263 1496 ORELLI.
1313 1462 1414 1496 Haec
1447 1462 1557 1505 fiunt,
1600 1464 1698 1496 facta

210 1517 309 1551 sunt,
335 1511 398 1545 das
425 1511 528 1544 Alles
555 1509 669 1543 riihrt
693 1509 766 1544 her
790 1522 854 1543 aus
881 1523 916 1543 u.
942 1523 969 1543 s.
995 1521 1044 1545 w.
1075 1528 1119 1533 --
1152 1511 1292 1544 timore.
1320 1509 1392 1544 Md.
1418 1510 1495 1544 sive
1520 1511 1695 1545 timorem.

211 1560 330 1593 Hinc:
368 1558 444 1591 sive
469 1558 582 1591 timor
606 1562 659 1591 est
686 1583 693 1590 .
723 1587 730 1594 ,
758 1583 766 1589 .
793 1559 867 1591 sive
895 1559 1020 1601 saror
1057 1557 1150 1592 Cdd.
1184 1558 1275 1602 aliq.
1309 1558 1407 1591 Lan.
1442 1558 1578 1593 Bened.
1622 1558 1696 1593 ΟΒ.
1739 1557 1754 1584 “κ

213 1626 253 1632 -
293 1608 336 1640 de
360 1606 479 1649 agris,
506 1630 515 1639 .
543 1631 551 1639 .
577 1606 616 1639 in
647 1605 846 1639 continenti
879 1607 946 1639 aut*
977 1605 1064 1639 dem
1098 1606 1298 1640 Festlande
1330 1616 1406 1640 von
1441 1606 1580 1645 Asien;
1619 1607 1699 1640 also

211 1655 303 1690 weil
344 1655 398 1688 sie
434 1653 537 1688 diese
563 1666 611 1688 zu
642 1653 836 1688 vei-lieren
872 1653 1090 1701 besorgten,
1128 1665 1244 1688 wenn
1284 1654 1338 1688 sie
1381 1654 1467 1688 dem
1501 1654 1699 1689 Dolabella
1753 1680 1754 1689 1

210 1702 319 1736 nicht
344 1701 660 1736 schmeichelten.
715 1720 758 1725 —-
809 1702 1034 1745 impotentia.
1107 1701 1173 1736 Sic
1210 1703 1357 1748 'optima
1393 1702 1491 1736 coni.
1543 1702 1627 1736 Asc.
1667 1705 1696 1736 l.

208 1750 373 1795 potentia
422 1750 468 1783 de
518 1749 675 1797 Egnatii
725 1749 820 1783 coni.
862 1750 959 1784 Vict.
1003 1751 1036 1785 2.
1091 1749 1223 1785 Lamb.
1275 1750 1411 1784 Graev.
1466 1750 1562 1787 Ern.
1610 1749 1695 1784 Sch.

211 1800 303 1834 Lun.
381 1797 574 1832 ORELLI.
647 1797 769 1837 „oder
815 1810 878 1831 aus
940 1797 1186 1832 Muthwillen
1247 1798 1354 1832 einer
1420 1798 1699 1832 Minderzahl.“

214 1865 255 1871 ——
310 1847 407 1880 viros
449 1847 559 1884 clar..
610 1846 851 1890 Pompeium,
887 1846 928 1878 L.
978 1845 1210 1889 Lentulum,
1250 1847 1289 1880 P.
1331 1846 1536 1880 Lentulum
1583 1847 1696 1892 Spin-

214 1894 377 1936 thei-em,
402 1904 494 1939 quos
519 1893 660 1928 Rhodii
685 1900 770 1939 post
795 1905 962 1939 pugnam
989 1893 1244 1927 Pharsalicam
1277 1895 1466 1942 fugientes
1502 1894 1603 1928 haud
1637 1906 1696 1928 re-

213 1948 401 1987 ceperant.
452 1942 508 1975 Cf.
536 1953 595 1986 ep.
622 1943 705 1977 843.
732 1942 842 1976 ΞΟΠ.
863 1961 910 1966 -
931 1946 964 1975 et
990 1952 1081 1987 nanc
1107 1967 1116 1975 .
1144 1967 1152 1975 .
1177 1947 1360 1985 gerentes,
1386 1943 1463 1976 und
1488 1943 1550 1976 die
1575 1942 1697 1977 leider

213 1990 328 2038 grado
353 1991 447 2033 ietzt
472 1990 537 2022 auf
558 1989 709 2023 Rhodus
736 1991 797 2023 die
824 1990 1156 2024 hochstenAmter
1181 1991 1403 2025 verwalten.
1445 1990 1481 2025 S.
1494 1991 1648 2036 ep.8‹14‚
1661 1993 1696 2026 3.

214 2038 362 2072 Andere
389 2038 595 2082 erkl'areng
627 2037 683 2071 als
709 2038 802 2072 ietzt
835 2038 940 2072 mich
964 2038 1041 2072 und
1064 2038 1229 2081 Andere,
1255 2038 1402 2074 welche
1426 2039 1487 2074 die
1512 2039 1696 2073 hochsten

213 2085 538 2132 obrig-keitlicheu
568 2086 704 2119 Amter
730 2087 951 2120 verwalten.
988 2091 1023 2120 et
1057 2086 1156 2120 nach
1180 2088 1264 2132 pari
1290 2101 1338 2118 z
1363 2086 1451 2123 als.
1491 2087 1698 2130 gerentium

212 2126 388 2168 Graeteri
412 2146 511 2178 susp.
538 2144 629 2167 nunc
654 2145 761 2178 qaam
785 2135 940 2169 maxime
963 2144 1028 2167 nos
1051 2134 1294 2177 magistratus
1317 2139 1490 2177 gerentes
1523 2134 1604 2168 scil.
1636 2137 1693 2168 af-

210 2184 383 2216 fecerunt
408 2180 496 2214 sch.
519 2181 615 2216 coni.
651 2181 844 2216 ORELLI.
887 2189 930 2216 ut
961 2182 1144 2217 Lentulus
1177 2182 1317 2217 clarius
1351 2182 1588 2224 enuntietur,
1629 2184 1695 2228 qui

211 2230 284 2263 duo
316 2229 556 2277 magistratus
599 2241 698 2262 nunc
732 2231 901 2278 gerebat.
942 2231 1223 2275 proquaestoris
1261 2237 1299 2265 et
1331 2231 1601 2276 propraetoris.
1649 2250 1692 2257 —

210 2279 309 2311 nullo
335 2277 505 2320 exempto,
531 2277 761 2323 beispiellos,
795 2278 994 2312 unci-hort.
1053 2278 1246 2325 Iungenda
1277 2285 1401 2312 autem
1436 2278 1552 2312 haec:
1594 2280 1692 2312 nullo
1753 2283 1760 2311 ‘J‘

211 2326 371 2369 exemplo
384 2325 406 2358 i.
421 2331 619 2370 e.praeter
642 2336 752 2359 omne
778 2326 1007 2371 exemplum,
1035 2326 1266 2360 contumelia
1292 2327 1472 2367 inaudita,
1499 2333 1554 2361 et:
1580 2338 1693 2372 neque
1754 2345 1756 2371 5

212 2378 342 2407 nostra
368 2385 413 2406 ex
436 2377 541 2416 parte
567 2373 594 2405 i.
611 2384 641 2406 e.
658 2374 836 2416 lacessiti,
862 2374 966 2408 nulla
992 2374 1145 2409 omnino
1169 2381 1298 2408 nostra
1323 2375 1448 2420 culpa,
1474 2386 1559 2409 cum
1583 2376 1690 2417 ναι]-
1754 2392 1756 2398 ·

205 2422 391 2464 fecerant.
418 2420 613 2455 ORELLl.
658 2440 706 2446 —
748 2433 859 2466 neque
884 2422 939 2465 (in
964 2423 1089 2467 Bezug
1112 2423 1180 2456 auf
1200 2423 1276 2467 qui)
1302 2428 1424 2457 nostro
1449 2424 1691 2467 praesentium

213 2470 387 2514 periculo
414 2472 588 2510 (unserer
613 2468 761 2504 Gefahr
784 2470 889 2513 hier3
927 2471 1101 2515 periculo
1127 2481 1224 2513 meo,
1250 2471 1314 2515 qui
1339 2482 1515 2516 praesens
1540 2471 1689 2505 aderam

211 2529 298 2550 eum
333 2517 518 2550 militibus
549 2518 652 2551 meis.
694 2517 787 2551 Ern.
824 2518 1064 2553 vermuthete
1092 2520 1287 2562 praesenti.
1340 2519 1378 2553 S.
1416 2519 1504 2552 aber
1536 2518 1686 2553 Ramsh.

211 2565 239 2607 §.
271 2566 350 2607 158,
377 2566 409 2599 4.
449 2566 536 2599 Not.
574 2567 605 2599 l.
632 2565 681 2607 2.)
717 2576 827 2610 neque
858 2566 991 2600 immin.
1018 2593 1026 2600 .
1053 2592 1060 2599 .
1089 2592 1097 2599 .
1120 2568 1286 2611 periculo
1313 2593 1320 2600 .
1347 2592 1355 2600 .
1383 2597 1391 2604 .
1417 2567 1562 2601 mederi
1587 2567 1687 2600 volu—

210 2617 328 2646 erunt.
377 2613 428 2646 Es
453 2615 504 2648 ist
528 2613 730 2647 imminenti
752 2614 849 2647 kurz
874 2620 1003 2662 gesagt
1027 2616 1092 2648 fur
1124 2615 1218 2659 quod
1239 2616 1439 2649 immineret
1464 2616 1598 2648 Italiae
1614 2639 1622 2648 .
1637 2637 1687 2655 ..‚

210 2661 244 2693 si
267 2661 334 2694 ille
359 2667 429 2694 cet.
458 2680 500 2685 —
525 2661 734 2705 parricida,
760 2662 1374 2704 Vaterlandsmorder-Verr’a'ther,
1408 2663 1614 2697 Dolabella.
1641 2681 1687 2687 -

209 2709 361 2752 mederi,
388 2708 577 2743 abhelfen.
607 2730 650 2737 -—
676 2710 862 2744 voluerunt
887 2722 932 2744 ex
957 2711 1108 2754 antiqua
1134 2718 1294 2745 correct.
1324 2713 1425 2747 Crat.
1451 2711 1576 2744 Lamb.
1595 2709 1682 2744 Sch.

208 2758 396 2792 noluerunt
418 2758 491 2793 Md.
519 2758 612 2791 vict.
638 2761 669 2793 1.
697 2761 728 2794 2.
756 2759 889 2793 Graev.
918 2759 1009 2792 Ern.
1034 2760 1170 2793 Bened.
1197 2760 1291 2793 Iaiin.
1330 2758 1521 2794 ORELLI.
