1795 3086
363 116 676 161 EPISTOLA
706 117 918 160 DCLXI.
951 117 1189 162 DcLXII.
1450 121 1504 167 19

26 228 193 270 inservi
223 230 268 269 et
297 226 370 269 fac
396 228 572 270 omnia:
612 232 705 270 tum
735 232 778 269 te
807 242 979 271 mecum
1009 244 1121 284 esse,
1161 234 1253 273 tum
1282 232 1394 274 mihi
1425 248 1499 275 cu-

26 285 318 326 mulatissime
346 284 609 325 satisfacere
638 288 805 340 putato.
865 285 1034 339 Cuspio
1063 288 1184 341 quod
1213 301 1391 342 operam
1421 290 1497 331 de-

25 339 151 436 disti,
202 339 314 380 mihi
355 344 530 394 gratum
569 346 648 382 est.
724 339 874 381 Valde
913 342 1027 381 enim
1066 356 1161 384 eius
1202 357 1337 388 causa
1378 347 1494 388 volo.

72 409 156 437 ae.

205 543 520 586 EPISTOLA
550 542 788 585 DCLXII.
848 522 925 597 <ad
955 545 1061 588 Div.
1092 545 1224 589 xvi.
1247 550 1334 599 ρο.)

217 620 299 654 Scr.
326 620 366 652 in
393 618 485 652 villa
511 624 553 652 ut
578 617 732 651 videtur
758 617 799 651 A.
826 618 873 652 U.
903 619 942 653 C.
971 621 1049 654 708.
1083 620 1132 663 (a.
1160 621 1200 655 C.
1227 623 1302 665 46.)

26 686 206 720 Tironem
232 686 333 720 iubet
357 685 616 720 valetudinem
641 696 789 727 curare,
818 685 937 720 libros
963 686 1003 719 in
1019 686 1233 721 Tusculano
1259 699 1498 735 componere,

235 734 345 778 eique
371 734 548 768 Kalendis
571 733 800 782 gladiatores
827 734 1018 779 spectandi
1043 736 1190 770 veniam
1215 737 1289 771 dat.

521 798 736 834 TULLIUS
763 799 936 834 TIRONI
962 800 996 834 S.

136 870 382 921 Sollicitat,
412 869 477 910 ita
505 869 668 920 vivam,
698 881 766 908 me
796 871 888 919 tua,
917 869 979 909 mi
993 868 1124 919 Tiro,
1155 872 1391 914 valetudo:
1422 875 1502 915 sed

27 926 221 973 confido,
248 926 289 966 si
319 923 619 979 diligentiam,
649 937 780 977 quam
810 923 1066 977 instituisti,
1105 925 1382 979 adhibueris,
1411 930 1502 970 cito

27 987 72 1024 te
101 982 275 1023 firmum
304 980 416 1022 sore.
473 979 638 1020 Libros
669 992 903 1033 compone:
934 981 1144 1034 indicem,
1174 997 1306 1037 quum
1332 984 1503 1027 Metro-

27 1039 140 1079 doro
169 1037 355 1085 lubebit,
386 1035 593 1090 quoniam
623 1033 719 1076 eius
750 1036 970 1076 arbitratu
999 1036 1237 1079 vivendum
1267 1044 1346 1082 est.
1390 1042 1503 1083 Cum

26 1094 205 1146 olitore,
235 1097 284 1133 ut
311 1091 505 1134 videtur.
564 1091 638 1132 Tu
666 1096 793 1145 potes
833 1091 1053 1133 Kalendis
1090 1099 1293 1147 spectare
1332 1098 1503 1150 gladia-

27 1155 163 1202 tores,
193 1147 413 1202 postridie
441 1146 614 1187 redire:
645 1152 691 1187 et
719 1147 785 1187 ita
814 1160 987 1189 censeo.
1037 1148 1223 1203 Verum,
1252 1155 1301 1192 ut
1330 1153 1503 1195 videbi—

27 1210 113 1246 tur.
169 1203 290 1245 Cura
318 1208 378 1254 te,
410 1202 448 1243 si
477 1216 546 1243 me
576 1216 712 1255 amas,
742 1202 1000 1257 diligenter.
1060 1203 1191 1246 Vale.

31 1375 117 1413 tum,
145 1381 260 1415 quum
286 1368 499 1404 valetudini
523 1368 726 1410 inservias3
754 1380 826 1401 nur
851 1369 959 1401 darm.
988 1387 1034 1393 —
1062 1367 1208 1412 Cuspio,
1235 1369 1357 1403 einem
1379 1370 1509 1404 Romi·-

32 1418 148 1453 schen
173 1418 300 1452 Ritter
324 1429 360 1452 u.
386 1416 583 1464 Mitgliede
616 1416 722 1450 einer
755 1417 987 1464 Compagnie
1025 1427 1101 1451 von
1138 1416 1423 1462 Zollp‘aichtern.
1472 1418 1509 1453 S.

32 1468 77 1500 ad
103 1467 217 1500 Attio.
244 1466 348 1507 XIII,
374 1467 408 1506 6,
438 1468 456 1500 l
482 1476 540 1498 am
566 1464 673 1498 Eride
698 1466 786 1506 (594
812 1465 849 1498 h.
878 1466 952 1506 ed.)
997 1484 1037 1489 —
1088 1464 1163 1498 eius
1188 1475 1297 1499 causa
1322 1467 1417 1516 volo2
1443 1467 1508 1500 ich

32 1515 120 1549 will
144 1514 227 1547 ihm
250 1513 374 1548 wohl.
414 1524 562 1556 operam
587 1513 677 1546 dare
703 1513 831 1555 alicui,
865 1513 1002 1547 Einem
1029 1525 1076 1547 zu
1101 1513 1280 1548 Gefallen
1307 1514 1401 1559 sein,
1427 1515 1508 1549 sich

31 1565 93 1597 fiir
118 1561 321 1597 lemanden
344 1561 588 1596 vex-wenden.

131 1632 162 1664 1.
210 1628 266 1663 ita
291 1629 423 1670 vivam,
460 1640 499 1664 so
532 1626 645 1662 wahr
677 1626 742 1661 ich
774 1627 866 1661 lebe.
912 1629 1061 1663 Ramsh.
1103 1629 1133 1671 §.
1170 1632 1251 1673 166,
1277 1631 1311 1665 3.
1361 1631 1450 1666 Not.
1477 1633 1510 1667 2.

36 1678 181 1712 Grotef.
205 1676 235 1719 ξ.
262 1677 342 1711 384.
368 1677 480 1711 Amn.
506 1677 540 1712 5.
576 1693 618 1699 --
654 1676 833 1718 valetudo,
860 1677 1026 1711 Zustand
1052 1677 1122 1711 der
1147 1678 1395 1722 Gesundheit,
1431 1680 1510 1713 Un-

36 1724 295 1772 p‘asslichkeit.
329 1743 376 1750 —
405 1735 513 1769 quam
536 1723 635 1765 inst„
661 1723 841 1757 adhibere
866 1725 1041 1769 coepisti,
1079 1725 1141 1759 die
1167 1728 1225 1761 Du
1251 1728 1509 1761 anzuwenden

37 1775 235 1821 begonnen
260 1771 357 1806 hast.
400 1793 443 1799 —
484 1771 635 1813 firmum
650 1773 757 1815 fore,
784 1771 864 1805 dass
892 1773 951 1806 Du
976 1773 1062 1806 bald
1096 1773 1240 1808 wieder
1272 1786 1320 1807 zu
1355 1775 1511 1809 Kr‘aften

38 1823 213 1856 kommen
239 1820 418 1856 werdest.
456 1838 503 1845 —
550 1830 732 1862 compone,
765 1819 884 1854 ordne
920 1832 1148 1855 zusammen.
1198 1823 1254 1856 De
1284 1822 1513 1857 bibliotheca

38 1869 250 1903 Tusculana
270 1880 394 1903 sermo
422 1874 489 1902 est.
542 1867 637 1900 Eam
672 1867 844 1900 ordinari
880 1875 916 1903 et
951 1869 1120 1903 indicem
1155 1869 1343 1904 librorum
1377 1871 1464 1904 fieri
1493 1884 1514 1905 a

38 1918 182 1952 Tirone
206 1916 366 1951 volebat.
418 1915 702 1951 Ordinationem
727 1915 879 1959 quidem
912 1917 994 1950 sine
1030 1917 1189 1952 consilio
1221 1918 1374 1960 medici,
1417 1919 1515 1962 quod

40 1967 79 1999 in
104 1976 145 1999 eo
171 1965 297 1998 nullus
322 1965 442 2007 labor,
481 1964 545 2009 qui
571 1962 782 1997 valetudini
814 1964 922 1998 obsit.
974 1965 1023 1999 At
1049 1965 1187 1999 indicis
1214 1966 1438 2000 conficiendi
1463 1967 1514 1999 la-

40 2015 168 2048 borem
194 2013 332 2058 suscipi
358 2012 519 2054 volebat,
551 2011 583 2045 si
614 2011 784 2045 medicus
817 2013 1054 2047 Metrodorus
1091 2013 1242 2048 sineret.
1285 2014 1514 2048 ERNESTI.

41 2063 136 2095 Zurn
163 2060 315 2095 Ordnen
342 2060 409 2094 der
433 2059 585 2094 Biicher
609 2059 752 2093 konnte
785 2070 829 2093 er
854 2060 937 2093 sich
963 2061 1032 2094 der
1056 2061 1186 2095 H‘ande
1212 2062 1374 2096 anderer
1399 2063 1516 2096 Lente

40 2109 234 2150 bedienen‚
268 2109 328 2142 (lie
355 2120 397 2142 er
430 2109 528 2142 bloss
554 2108 795 2141 anzuweisen
828 2107 1020 2143 brauchte.
1074 2110 1313 2144 Metrodorus
1349 2110 1516 2143 medicus

41 2157 234 2191 Ciceronis
260 2157 419 2190 libertus
446 2156 563 2190 fuisse
589 2155 748 2189 videtur.
785 2155 868 2189 Vid.
896 2157 941 2190 ad
966 2157 1081 2191 Attio.
1124 2158 1199 2198 XV,
1234 2161 1264 2192 1.
1315 2157 1517 2193 Vermuth-

42 2204 121 2238 lich
146 2204 253 2239 hatte
278 2205 401 2239 dieser
421 2204 521 2238 auch
550 2204 636 2238 dem
669 2203 764 2238 Tiro
802 2203 874 2237 den
908 2205 1131 2239 Aufenthalt
1169 2207 1236 2238 auf
1266 2205 1352 2239 dein
1390 2206 1517 2240 Laude

42 2253 254 2287 verordnet.
302 2273 343 2279 -
396 2253 580 2296 quoniam,
607 2251 682 2286 wie
708 2263 767 2297 ep.
793 2253 874 2292 659,
902 2255 936 2287 3.
990 2274 1030 2279 —
1081 2253 1281 2296 arbitratu,
1309 2254 1407 2288 nach
1434 2254 1516 2287 dem

43 2300 268 2336 Gutachten.
304 2319 345 2324 ——
384 2301 474 2335 cum
501 2301 649 2342 «imore,
675 2300 745 2334 mit
771 2299 855 2334 dem
883 2300 1199 2349 Kiicheng'a'rtner
1234 2301 1337 2336 halte
1380 2314 1426 2336 es.
1480 2301 1516 2335 S.

44 2361 99 2392 (Ἰ).
129 2351 208 2387 667.
236 2351 266 2384 2,
296 2369 335 2373 -
364 2353 528 2392 spectare
553 2349 703 2382 Romae.
