1795 3086
193 89 288 138 312
471 94 532 137 Μ.
563 94 619 137 Τ.
651 91 996 137 CICERONIS
1026 92 1402 136 EPISTOLAE.

197 204 361 247 Maias:
403 205 498 259 ipse
527 204 738 246 maximis
768 204 1005 247 itineribus
1045 218 1145 246 cum
1175 208 1390 260 quattuor
1427 203 1679 260 legionibus

136 266 163 306 4
199 260 429 315 expeditis
468 262 514 300 et
543 260 720 314 reliquo
751 262 952 315 equitatu
989 262 1244 315 subsequar.
1304 260 1354 302 Si
1393 274 1473 302 nos
1511 263 1682 304 medio-

196 318 291 357 cris
337 315 471 356 modo
518 314 699 356 fortuna
743 317 807 357 rei
845 317 1046 371 publicae
1096 316 1338 364 adiuverit,
1385 321 1431 357 et
1469 317 1681 360 audaciae

198 371 482 428 perditorum
513 375 557 412 et
584 376 765 413 nostrae
794 373 1114 414 sollicitudinis
1145 373 1223 414 hic
1244 372 1378 412 finem
1399 372 1683 426 reperiemus.

198 426 330 476 Quod
361 427 400 467 si
432 427 564 479 latro,
592 428 884 481 praecognito
911 433 1064 470 nostro
1094 429 1303 480 adventu,
1334 441 1487 469 rursus
1516 427 1563 468 in
1590 429 1683 470 Ita-

199 483 308 523 liam
337 494 384 523 se
415 483 615 537 recipere
645 483 861 537 coeperit,
905 483 1039 525 Bruti
1079 485 1167 526 erit
1203 483 1405 525 officium
1445 496 1683 526 occurrere

199 539 264 579 ei:
295 537 367 577 cui
397 539 493 579 scio
524 552 607 579 nec
636 538 876 579 consilium
913 553 996 580 nec
1025 541 1220 580 animum
1248 539 1517 581 defuturum.
1584 541 1686 594 Ego

201 598 365 640 tamen,
392 594 431 634 si
461 594 510 634 id
540 594 778 646 acciderit,
808 593 994 636 fratrem
1024 609 1122 636 cum
1152 596 1355 651 equitatu
1385 594 1577 648 mittam,
1607 596 1685 650 qui

200 654 431 703 sequatur,
460 649 643 690 Italiam
673 663 699 691 a
726 651 978 692 vastatione
1008 651 1237 694 defendat.
1296 652 1389 693 Fac
1416 651 1567 693 valeas
1594 665 1687 693 me·

201 718 286 759 que
315 709 466 747 mutuo
497 705 675 760 diligas.

367 862 683 907 EPISTOLA
714 865 996 908 DCCCXX.
1056 865 1134 916 (ad
1164 865 1270 907 Div.
1301 864 1390 906 XI.
1419 863 1508 915 22.)

392 937 475 972 Sor.
501 939 641 974 Romae
668 952 794 976 mense
821 942 917 976 Maio
949 941 991 975 A.
1019 941 1062 975 [J.
1091 941 1130 975 e.
1159 943 1238 976 711.
1284 942 1332 982 (a.
1360 941 1401 976 ο.
1427 941 1502 984 43.)

201 1007 446 1044 Commendat
472 1011 639 1056 Appium
676 1012 891 1056 Claudium,
930 1013 997 1058 qui
1033 1024 1072 1047 se
1107 1024 1193 1047 cum
1231 1012 1396 1047 Antonio
1430 1012 1691 1057 coniunxerat.

519 1065 560 1093 ut
587 1072 633 1094 ex
659 1061 826 1095 hostium
852 1072 1010 1095 numero
1037 1060 1237 1095 eximatur.
1268 1063 1370 1096 1—2.

609 1134 658 1166 M.
685 1133 864 1168 CICERO
891 1133 929 1169 S.
956 1134 1001 1168 D.
1027 1134 1072 1169 D.
1097 1132 1272 1170 BRUTO.

312 1199 426 1241 Cum
453 1202 601 1256 Appio
631 1199 836 1253 Claudio,
867 1200 918 1243 C.
949 1201 1001 1243 F.
1042 1214 1213 1242 summa
1251 1198 1366 1241 mihi
1408 1199 1691 1241 necessitudo

203 1256 274 1295 est
301 1256 453 1298 multis
483 1258 579 1299 eius
610 1255 780 1297 officiis
823 1260 868 1298 et
904 1258 1016 1297 meis
1055 1256 1222 1297 mutuis
1261 1255 1520 1297 constituta.
1577 1254 1691 1297 Peto

203 1312 303 1351 ate
333 1313 548 1354 maiorem
591 1313 638 1353 in
676 1311 856 1353 modum
893 1313 967 1354 vel
1009 1311 1301 1353 humanitatis
1338 1316 1441 1353 tuae
1477 1311 1552 1354 vel
1594 1324 1694 1353 mea

203 1378 353 1416 causa,
385 1371 435 1409 ut
463 1381 565 1415 eum
594 1367 862 1409 auctoritate
891 1372 982 1414 tua,
1011 1381 1125 1423 quae
1154 1368 1395 1423 plurimum
1423 1368 1560 1413 valet,
1589 1381 1694 1408 con-

203 1422 428 1464 servatum
458 1425 586 1466 velis.
645 1423 784 1476 Volo,
815 1428 874 1476 te,
915 1437 1049 1479 quum
1079 1422 1353 1465 fortissimus
1389 1424 1461 1464 vir
1489 1423 1693 1477 cognitus

201 1477 280 1528 sis,
328 1479 463 1520 etiam
502 1479 899 1520 clementissimum
939 1479 1206 1520 existimari.
1274 1477 1441 1532 Magno
1482 1478 1568 1519 tibi
1605 1478 1695 1520 erit

202 1539 460 1577 ornamento
489 1535 817 1577 nobilissimum
848 1535 1180 1576 adolescentem
1222 1534 1444 1576 beneficio
1482 1538 1559 1575 tuo
1596 1546 1694 1575 esse

201 1590 390 1632 salvum.
468 1589 607 1633 Cuius
657 1590 838 1644 quidem
887 1603 1022 1632 causa
1068 1589 1154 1632 hoc
1192 1590 1357 1632 melior
1396 1590 1532 1631 debet
1580 1603 1692 1640 esse,

202 1645 323 1699 quod
372 1646 540 1700 pietate
586 1645 806 1688 adductus
856 1651 1040 1701 propter
1087 1645 1230 1701 patris
1281 1646 1609 1688 restitutionem
1646 1659 1694 1687 se

138 1706 166 1747 2
203 1713 305 1741 cum
332 1701 529 1744 Antonio
560 1702 809 1744 coniunxit.
868 1701 1022 1752 Quare
1052 1701 1135 1744 etsi
1166 1703 1312 1743 minus
1341 1715 1494 1743 veram
1519 1714 1694 1742 causam

202 1755 402 1810 habebis,
441 1762 590 1800 tamen
629 1759 701 1802 vel
731 1758 1010 1814 probabilem
1041 1758 1237 1815 aliquam
1267 1758 1437 1812 poteris
1466 1758 1694 1800 inducere.

203 1933 248 1994 fi
277 1915 416 1958 exped„
451 1914 719 1964 schlagfertig.
772 1934 819 1942 —
869 1919 1044 1961 quattuor
1069 1915 1169 1958 leg„
1200 1914 1279 1949 also
1312 1913 1385 1949 mit
1409 1915 1456 1950 36
1481 1912 1538 1947 bis
1562 1914 1695 1955 37‚0ss0

244 1973 328 1998 ann,

294 2029 327 2063 4.
377 2030 489 2065 Bruti
513 2031 538 2067 i.
567 2043 596 2066 e.
621 2031 771 2066 Decimi
797 2031 916 2066 Bruti.
966 2050 1008 2055 —
1051 2030 1114 2075 qui
1139 2044 1187 2062 z:
1215 2036 1257 2065 ut
1283 2030 1314 2064 is
1339 2033 1511 2074 sequatur
1535 2041 1584 2059 z
1610 2037 1695 2073 Fer·

205 2083 383 2122 sequatur
407 2079 627 2114 Antonium.

304 2146 407 2180 1-2.
458 2148 554 2191 App.
585 2147 715 2182 claud.
742 2147 888 2192 Appius
904 2145 1083 2181 Claudius
1099 2144 1138 2179 C.
1165 2144 1269 2185 filius
1296 2143 1439 2178 dicitur
1454 2143 1597 2189 Appius
1623 2142 1697 2176 mi·-

206 2203 278 2227 nor
305 2204 362 2237 ep.
390 2194 474 2236 223,
501 2197 534 2231 2.
571 2195 642 2229 Est
667 2195 697 2228 is
724 2197 788 2229 vel
813 2195 891 2229 eius
918 2196 1051 2235 frater,
1085 2193 1228 2238 Appius
1255 2192 1389 2235 maior,
1424 2203 1536 2236 quem
1562 2191 1699 2225 Cicero

207 2242 325 2275 Bruto
351 2243 601 2279 commendat.
623 2243 731 2277 SCH.
766 2264 808 2269 —
845 2243 1052 2281 constituta,
1081 2241 1333 2282 corroborata,
1368 2240 1604 2279 confirmata,
1632 2239 1698 2273 be-

207 2289 383 2335 griindet.
409 2309 454 2315 —
506 2301 667 2325 conserv.
694 2291 796 2332 velis,
833 2290 1039 2324 bewahren
1074 2289 1108 2322 d.
1136 2288 1160 2323 i.
1188 2287 1299 2322 nicht
1333 2288 1389 2322 als
1416 2288 1535 2321 Feind
1556 2287 1698 2321 behan-

206 2338 297 2371 deln
328 2338 503 2380 wollent,
543 2339 634 2372 falls
676 2350 718 2373 er
761 2339 816 2372 als
850 2339 1095 2385 Gefangener
1130 2337 1172 2369 in
1206 2336 1326 2371 Deine
1361 2336 1492 2371 H'a‘nde
1528 2335 1698 2383 gefallen

206 2387 311 2419 ware
337 2386 430 2420 oder
454 2386 557 2421 noch
581 2386 680 2421 fiele.
731 2387 768 2421 S.
801 2386 948 2420 Grotef.
982 2386 1010 2427 §.
1044 2385 1127 2421 324.
1161 2383 1313 2418 Ramsh.
1351 2384 1380 2426 ἕ.
1410 2387 1488 2419 171.
1515 2384 1567 2425 11,
1592 2383 1636 2423 A,
1662 2384 1697 2418 2.

210 2451 254 2458 -—
280 2434 404 2475 nobil„
445 2446 510 2468 aus
535 2445 575 2469 so
600 2434 840 2469 vornehmen
866 2433 1137 2476 Geschlechte,
1173 2443 1245 2466 von
1270 2444 1310 2466 so
1336 2432 1444 2466 edler
1469 2432 1626 2466 Geburt.
1653 2449 1697 2455 —

209 2481 325 2516 Cuius
350 2493 383 2526 q.
410 2494 522 2517 causa
548 2509 556 2516 .
583 2507 592 2515 .
620 2493 707 2526 esse,
733 2483 794 2517 die
821 2482 1037 2516 1·echtliche
1062 2480 1227 2515 Ansicht
1252 2481 1379 2515 seiner
1403 2479 1700 2525 Verschuldung·

205 2530 308 2564 wir-d
334 2530 504 2565 dadurch
539 2530 762 2579 gemildert‚
802 2542 902 2564 muss
940 2529 1117 2564 desshalb
1151 2529 1391 2562 schonendex·
1424 2528 1625 2562 ausfallen.
1653 2545 1697 2551 —

203 2578 358 2622 pietate,
393 2579 472 2613 also
510 2578 635 2613 durch
672 2578 943 2613 Dankbarkeit.
998 2599 1040 2604 —
1090 2582 1242 2621 propter
1273 2577 1395 2621 patris
1420 2575 1699 2615 restitutionem,

206 2637 346 2674 wegen
378 2627 447 2661 der
479 2627 603 2661 durch
627 2627 812 2661 Antonius
846 2627 1060 2661 crwirkten
1087 2624 1434 2670 Zuriickberufung
1468 2623 1590 2658 seines
1626 2623 1697 2655 Va-

205 2681 283 2708 ters
310 2687 374 2708 aus
401 2675 486 2709 dem
515 2676 637 2710 Exsil.
676 2675 837 2709 Videtur
863 2681 971 2720 pater
997 2675 1074 2709 eius
1098 2673 1137 2707 C.
1166 2673 1333 2713 Clodius,
1360 2673 1397 2705 P.
1412 2672 1536 2707 clodii
1563 2672 1697 2711 frater,

208 2734 322 2767 quum
351 2724 553 2765 exsularet,
581 2724 625 2758 ab
642 2723 808 2758 Antonio
835 2724 990 2758 consule
1016 2723 1055 2755 in
1081 2721 1241 2767 patriam
1262 2720 1466 2755 restitutus.
1494 2718 1697 2771 MANUTJ„
1737 2728 1740 2730 ·

208 2789 251 2797 —=
278 2783 418 2817 veram,
442 2772 593 2816 iustam,
622 2772 885 2808 sufficientem.
928 2790 966 2796 ——
1009 2772 1065 2804 cel
1091 2784 1137 2802 z
1164 2770 1409 2816 wenigstens.
1447 2785 1489 2795 -—
1524 2767 1698 2813 probabu-

1781 2850 1790 2869 N

1785 2873 1795 2892 Κ

1784 2897 1795 2911 ,ι

1790 2927 1795 2947 l'
