1795 3086
504 97 822 141 EPISTOLA
861 96 1124 144 Dccvlss.
1492 100 1554 148 95

73 217 382 267 vertet-amque
420 211 466 252 in
504 210 764 252 Cumanum.
833 209 903 249 Ibi
940 211 1053 254 bene
1094 211 1315 255 Valentem
1353 210 1552 254 videram

74 271 255 312 Piliam.
313 268 435 318 Quin
463 267 599 308 etiam
627 266 778 320 paullo
809 264 943 319 [post]
975 266 1132 310 Cumis
1161 276 1259 309 eam
1287 266 1394 309 vidi.
1462 267 1552 309 Ve-

75 330 202 368 nerat
229 325 346 367 enim
376 325 421 364 in
451 323 605 364 funus:
645 322 718 362 cui
748 320 894 362 funeri
923 334 1008 374 ego
1036 325 1208 378 quoq'ue
1231 328 1408 378 operam
1428 322 1549 366 dedi.

75 383 158 424 Cn.
188 382 427 432 Lucullus,
456 378 690 420 familiaris
710 380 886 428 noster,
915 382 1103 430 matrem
1123 381 1347 422 efferebat.
1404 377 1553 422 Mansi

75 439 211 493 igitur
240 451 293 479 eo
322 437 395 477 die
439 435 485 474 in
526 433 819 484 Sinuessano:
857 436 990 488 atque
1027 433 1132 475 inde
1170 448 1295 476 mane
1334 437 1553 489 postridie

75 495 294 548 Arpinum
323 489 616 546 proficiscens
645 488 762 531 hanc
791 489 1027 544 epistolam
1066 492 1259 531 exaravi.
1329 491 1443 533 Erat
1479 496 1554 534 au-

75 553 162 590 tem
191 549 302 589 nihil
333 547 459 598 novi,
488 545 610 601 quod
638 550 713 588 aut
742 547 987 588 scriberem
1016 549 1093 587 aut
1122 558 1176 586 ex
1200 549 1246 586 te
1274 560 1555 600 quaererem3

76 606 164 646 nisi
195 604 312 645 forte
336 603 422 644 hoc
450 602 507 642 ad
538 615 634 643 rem
663 606 789 657 putas
819 603 1066 658 pertinere:
1103 600 1267 642 Brutus
1295 607 1444 644 noster
1471 605 1554 646 mi-

77 663 136 701 sit
165 661 220 701 ad
251 673 320 700 me
350 657 598 699 orationem
628 671 751 700 suam
795 658 990 700 habitam
1029 657 1075 698 in
1115 657 1332 698 concione
1373 659 1555 713 Capito-

77 717 192 765 lina3
222 715 463 769 petivitque
491 727 517 754 a
545 727 644 765 me,
677 719 723 756 ut
752 728 872 767 eam,
910 727 992 755 nec
1021 713 1253 754 ambitiose
1284 713 1554 767 corrigerem

77 776 200 823 ante,
230 783 361 825 quam
390 769 553 810 ederet.
626 771 711 812 Est
749 775 896 812 autem
940 770 1086 810 oratio
1126 769 1297 823 scripta
1326 769 1555 823 elegantis—

74 828 185 868 sime
214 826 468 867 sententiis:
507 825 680 877 verbis,
712 830 760 867 ut
782 825 895 866 nihil
915 825 1056 879 possit
1078 824 1208 865 ultra.
1264 824 1364 879 Ego
1394 830 1557 880 tamen,

76 884 115 923 si
144 882 270 922 illam
295 894 475 923 causam
495 879 768 933 habuissem,
797 881 1075 934 scripsissem
1095 880 1339 922 ardentius.
1397 878 1558 922 ‘Yazd-92-

75 951 136 980 σις
162 937 286 979 vides
315 950 425 991 quae
453 936 512 978 sit
543 935 620 987 [et]
651 949 843 990 persona
869 937 1074 977 dicentis.
1147 937 1303 991 Itaque
1333 949 1431 978 eam
1460 951 1557 979 cor-

0 1017 12 1052 ·4.
75 995 223 1047 rigere
251 1006 337 1034 non
366 992 504 1046 potui.
561 990 664 1041 Quo
691 994 808 1035 enim
831 993 877 1034 in
905 1005 1063 1047 genere
1090 990 1255 1033 Brutus
1284 996 1435 1034 noster
1462 1007 1559 1035 esse

76 1050 169 1090 vult
198 1052 241 1089 et
277 1048 395 1102 quod
435 1047 653 1089 iudicium
691 1049 830 1091 habet
866 1048 923 1090 de
961 1048 1128 1103 optimo
1167 1061 1328 1102 genere
1365 1049 1561 1102 dicendi,

76 1104 123 1145 id
150 1104 213 1146 ita
242 1106 501 1145 consecutus
531 1107 600 1144 est
636 1104 689 1147 in
731 1118 782 1146 ea
824 1104 1046 1155 oratione,
1090 1108 1139 1145 ut
1174 1104 1419 1158 elegantius
1463 1118 1559 1148 esse

74 1266 169 1309 val„
202 1266 342 1300 wieder
367 1268 591 1314 hergestellt.
622 1287 672 1294 --
710 1268 821 1313 [post]
849 1267 974 1302 Cumis
999 1278 1076 1301 eam
1101 1266 1191 1301 vidi.
1222 1267 1282 1301 Sic
1306 1267 1438 1302 Lamb.
1470 1268 1560 1304 1566

77 1315 180 1352 coni.
217 1315 354 1349 Rursus
386 1317 431 1349 de
463 1317 551 1350 Ern.
593 1328 694 1363 susp.
727 1317 814 1350 Sch.
848 1316 951 1349 etiam
981 1315 1108 1359 paullo
1144 1315 1268 1349 Cumis
1300 1326 1375 1349 eam
1406 1326 1437 1350 v.
1465 1317 1559 1350 Cdd.

78 1365 254 1397 Tornaes.
285 1365 435 1398 Crusell.
460 1363 592 1407 paullo
618 1365 785 1408 deinceps
809 1375 889 1397 eam
914 1374 945 1397 v.
972 1364 1018 1397 de
1044 1363 1219 1397 Graeteri
1255 1364 1354 1396 coni.
1394 1363 1451 1396 vix
1489 1365 1559 1398 La-

76 1412 156 1444 tina
180 1410 336 1445 Liinem.
365 1410 566 1458 ORELLJ.
592 1432 639 1438 —-
664 1413 702 1447 in
718 1413 857 1455 funus,
884 1423 976 1453 „um
1003 1411 1126 1445 einem
1150 1412 1561 1458 Leichenbegia'ngnisse

77 1460 383 1494 beizuwohnen.“
441 1454 551 1495 Uber
587 1462 648 1495 die
687 1459 989 1505 VViederholung
1022 1460 1138 1494 dieses
1174 1462 1303 1493 Worts
1341 1460 1440 1494 nach
1473 1462 1561 1495 dem

79 1508 237 1543 Relativ.
263 1520 292 1545 s.
319 1508 468 1543 Ramsh.
500 1511 537 1554 ς’,
566 1511 646 1551 159,
674 1511 707 1547 3,
733 1509 768 1550 d,
795 1510 840 1544 N.
866 1510 900 1543 2.
934 1526 980 1533 -
1017 1508 1082 1543 Cn.
1115 1508 1296 1543 Lucullus.
1331 1508 1365 1543 S.
1392 1520 1451 1554 ep.
1479 1510 1560 1551 7114,

80 1558 115 1592 1.
141 1561 295 1589 mairem
320 1557 444 1599 effer.,
471 1556 558 1591 liess
584 1558 683 1590 seine
709 1558 852 1590 Mutter
876 1557 1076 1591 bestatten.
1105 1577 1146 1582 —
1173 1557 1213 1590 in
1237 1556 1473 1597 Sinuessano,
1499 1558 1561 1591 bei

76 1603 270 1647 Sinuessa,
303 1606 409 1637 einer
438 1605 547 1639 Rom.
575 1605 734 1638 Kolonie
765 1604 818 1637 im
844 1604 970 1637 Lande
995 1604 1062 1649 der
1087 1604 1252 1639 Aurunci
1275 1606 1316 1639 in
1340 1606 1488 1641 Latium
1514 1618 1559 1640 an

79 1651 146 1684 der
173 1652 318 1687 Grenze
343 1664 418 1687 von
449 1653 670 1698 Campanien
697 1650 794 1684 nahe
818 1663 879 1685 am
902 1654 1042 1687 Meere.

176 1701 208 1735 2.
239 1702 289 1735 ad
312 1712 387 1734 rem
418 1702 626 1745 pertinere,
659 1701 771 1735 dahin
804 1700 980 1745 gehoren.
1011 1719 1058 1725 —
1093 1700 1321 1745 Capitolina.
1370 1700 1560 1746 Appianus

77 1747 181 1782 Libr.
207 1749 260 1783 Π.
285 1750 425 1782 recitat
462 1750 672 1783 orationem
704 1749 874 1782 habitam
907 1761 928 1782 a
950 1750 1068 1782 Bruto
1095 1756 1133 1782 et
1159 1750 1284 1784 Cassio
1308 1748 1354 1782 ad
1379 1750 1561 1794 populum

75 1796 116 1829 'in
142 1797 336 1843 Capitolio
361 1797 488 1831 statim
512 1809 533 1830 a
559 1798 726 1833 Caesaris
752 1807 859 1831 nece.
910 1797 1026 1831 Cuius
1049 1793 1234 1837 ὑπόθεσις
1258 1797 1334 1830 sive
1359 1802 1560 1842 argumen-

82 1851 159 1878 tum
195 1847 245 1878 de
278 1853 438 1891 tyranno
476 1846 682 1879 interfecto
720 1851 757 1878 et
795 1845 917 1890 patria
951 1845 1120 1879 liberata.
1154 1845 1346 1879 POPMA.
1403 1848 1485 1879 Non
1520 1847 1560 1880 in

81 1893 161 1938 ipso
194 1895 386 1939 Capitolio
412 1894 542 1928 habita
568 1901 623 1927 est
648 1894 790 1934 oratio,
816 1892 882 1926 sed
906 1893 961 1927 M.
987 1893 1123 1927 Brutus
1148 1905 1233 1927 cum
1259 1893 1385 1927 Cassio
1410 1894 1562 1928 descen-

84 1942 141 1973 dit
166 1940 208 1974 in
234 1943 372 1976 forum.
430 1945 507 1976 Nec
533 1943 651 1987 ipsam
682 1941 792 1975 Bruti
829 1942 1036 1974 orationem
1072 1942 1265 1987 Appianus
1297 1943 1400 1982 (libr.
1433 1945 1479 1978 Π.
1513 1944 1561 1977 de

84 1990 125 2022 Β.
154 1989 260 2024 Civil.
296 2002 330 2026 e.
367 1992 446 2027 122.
482 2003 518 2036 p.
554 1991 624 2025 345
658 1990 715 2023 ed.
748 1988 976 2034 Schweigh.)
1009 1990 1164 2032 recitat,
1202 1988 1267 2023 sed
1300 1997 1560 2035 argumentum

85 2044 230 2071 tantum
263 2049 410 2081 eorum,
454 2050 549 2084 quae
574 2039 706 2072 Brutus
743 2043 781 2071 et
816 2038 961 2072 Cassius
987 2038 1166 2080 dixerint,
1199 2038 1362 2072 breviter
1396 2041 1561 2086 exponit.

85 2087 193 2119 Hanc
221 2088 427 2122 orationem
453 2098 557 2120 suam
582 2087 716 2120 Brutus
741 2092 870 2131 postea
895 2086 1066 2127 demum,
1102 2093 1145 2120 ut
1178 2097 1286 2132 saepe
1311 2087 1455 2121 factum
1490 2089 1563 2122 sci-

87 2146 188 2174 muS‚
216 2136 459 2181 conscripsit,
488 2147 566 2168 non
593 2135 737 2179 qualem
765 2134 957 2167 habuit—
980 2135 1102 2167 subito
1128 2134 1228 2167 enim
1252 2142 1333 2168 tum
1359 2135 1561 2170 dixerat—-

87 2182 151 2216 sed
177 2183 323 2228 qualem
348 2184 487 2218 habere
512 2183 702 2229 potuisset.
727 2182 839 2219 SCH.
864 2200 911 2206 —
944 2193 1008 2216 nec
1033 2183 1219 2216 ambitiose
1243 2183 1268 2216 i.
1298 2194 1332 2220 e.
1357 2194 1483 2218 severa
1507 2185 1561 2218 le-

87 2239 156 2273 ge,
192 2231 272 2264 sine
298 2232 554 2265 assentatione.
581 2230 688 2265 SCH.
726 2230 831 2273 „und
857 2242 953 2264 zwar
979 2231 1074 2264 ohne
1105 2230 1404 2272 Schmeichelei,
1439 2239 1559 2266 stren-

88 2280 174 2325 ge.“
199 2296 243 2304 ——
267 2281 469 2320 sententiis,
510 2291 582 2312 was
608 2279 667 2313 die
694 2278 918 2320 Gedanken,
954 2280 1217 2324 Kernspriiche
1243 2279 1409 2321 betrifft;
1442 2281 1561 2314 verbis

88 2326 161 2365 ita,
196 2331 236 2359 ut
262 2326 335 2362 nih.
360 2340 396 2372 p.
424 2328 544 2368 ultra,
580 2327 652 2360 den
688 2329 844 2360 Worten
880 2327 979 2360 nach
1012 2339 1074 2369 so,
1111 2328 1191 2360 dass
1227 2327 1365 2362 Nichts
1395 2328 1559 2362 dat-iiber

88 2373 188 2416 geht.
213 2392 260 2398 —
285 2386 425 2409 causam
450 2390 498 2407 z
524 2372 727 2417 ῧπόθεσιν,
759 2373 856 2408 hatt'
884 2375 949 2409 ich
982 2376 1054 2409 den
1089 2376 1328 2420 Gegenstand
1353 2387 1396 2409 zu
1421 2376 1559 2409 belian-

90 2421 176 2454 deln
209 2423 389 2466 gehabt.“
445 2423 586 2457 Schi'itz
618 2423 734 2457 strich
768 2434 910 2457 causam
942 2424 1018 2456 und
1049 2430 1161 2458 setzte
1202 2436 1248 2458 an
1283 2424 1413 2457 dessen
1448 2424 1560 2457 Stelle

87 2464 292 2513 ὑπόθεσιν,
319 2482 394 2504 was
419 2481 462 2506 er
485 2472 652 2505 nachher
677 2471 840 2506 ausliess.
889 2471 938 2505 So
963 2473 1123 2506 Liinem.
1158 2491 1204 2497 --
1234 2467 1482 2510 Ὓπόθεσις
1507 2472 1558 2505 vi·

89 2516 150 2549 des
175 2527 264 2560 quae
295 2519 343 2550 sit
368 2519 430 2562 [et]
458 2530 555 2563 pers.
589 2520 656 2553 dic.
715 2519 852 2553 Schiitz
887 2532 925 2553 u.
958 2521 1118 2554 Liinem.
1153 2521 1284 2562 Vides,
1317 2528 1407 2562 quae
1439 2520 1490 2554 sit
1520 2531 1558 2564 p.

88 2564 240 2597 dicentis
265 2565 288 2597 i.
315 2577 343 2598 e.
372 2564 483 2600 Vides
511 2569 666 2601 Brutum
693 2579 770 2601 esse
794 2573 986 2601 auctorem
1010 2568 1211 2608 orationis,
1240 2566 1306 2611 qui
1322 2565 1422 2599 aliud
1441 2578 1557 2612 genus

90 2611 242 2645 dicendi
276 2613 409 2657 probat
442 2620 479 2647 et
503 2615 542 2647 in
569 2628 611 2649 ea
636 2627 675 2648 re
701 2628 720 2649 a
746 2627 806 2649 me
833 2615 1017 2650 dissentit.
1069 2618 1122 2651 Er
1156 2616 1270 2648 liebte
1297 2614 1368 2647 den
1395 2614 1464 2648 Stil
1490 2616 1557 2649 der

88 2659 248 2702 Redner,
274 2660 415 2694 welche
433 2662 693 2708 behaupteten,
719 2663 777 2697 die
797 2664 993 2697 Wahrheit
1012 2665 1172 2697 bediirfe
1197 2663 1322 2695 keines
1346 2662 1556 2697 Schmucks

89 2707 155 2740 der
190 2708 438 2754 Einkleidung
481 2723 524 2744 zu
555 2713 749 2757 Erregung
783 2723 852 2745 von
892 2711 1302 2755 Gemiitbsbewegung.
1335 2728 1382 2734 —
1420 2721 1555 2753 genere

89 2753 255 2798 dicendi,
290 2757 414 2801 „denn
442 2758 512 2792 den
537 2760 628 2803 Stil,
656 2761 775 2795 werin
802 2761 936 2795 Brutus
964 2759 1042 2794 sich
1069 2770 1145 2793 nun
1171 2758 1334 2793 einmahl
1359 2760 1457 2793 nach
1482 2761 1553 2793 sei-
