1795 3086
484 95 797 141 EPISTOLA
830 92 1154 137 DCCLXVII.
1472 87 1560 132 217

94 213 292 254 diebam:
338 216 482 252 tamen
520 209 576 249 ad
606 222 675 250 me
715 220 773 248 ex
803 206 1041 247 Formiano
1072 203 1256 258 scripsit
1286 225 1337 231 ——
1366 212 1475 255 quas
1506 201 1560 240 li-

96 276 240 320 teraS,
291 281 424 322 quum
462 279 487 306 e
525 264 700 305 balineo
743 261 961 311 exissem,
1008 260 1159 315 accepi
1186 282 1242 289 —
1282 270 1379 299 sese
1407 255 1464 297 de
1492 262 1561 317 at-

96 323 342 364 tributione
371 320 517 364 omnia
545 331 714 360 summa
741 317 928 359 secisse:
960 315 1220 357 Vettienum
1250 315 1449 355 accusat:
1479 316 1559 352 tri-

97 384 226 420 catur
255 378 456 430 scilicet,
494 380 544 416 ut
572 374 705 415 homo
743 372 859 415 talis.
925 370 1015 412 Sed
1055 372 1118 412 ait
1159 375 1299 412 totum
1336 367 1562 423 negotium

98 436 293 476 Sestium
330 437 529 475 nostrum
569 429 837 483 suscepisse,
878 425 1091 482 optimum
1130 426 1309 480 quidem
1337 425 1467 466 illum
1496 422 1562 465 vi-

97 505 198 531 rum
227 489 457 544 nostrique
486 486 852 527 amantissimum.
913 482 1094 533 Quaero
1133 485 1290 529 autem,
1328 480 1438 536 quid
1467 483 1563 521 tan-

99 547 201 587 dem
241 545 410 587 Sestius
450 544 498 584 in
539 541 626 582 hac
665 554 712 581 re
753 540 901 581 facere
930 536 1095 593 possit,
1134 536 1255 590 quod
1292 550 1378 578 non
1419 536 1567 592 quivis

101 601 328 642 nostrum?
396 598 509 644 Sed,
559 597 597 639 si
641 596 750 651 quid
788 599 967 650 praeter
1013 605 1134 647 spem
1171 590 1282 642 erit,
1330 591 1472 634 facies
1520 596 1569 632 ut

100 657 251 698 sciam.
308 654 387 696 Sin
417 660 500 699 est,
528 658 578 694 ut
606 652 818 702 arbitror,
859 648 1086 704 negotium
1116 647 1356 701 perditum,
1400 647 1569 707 scribes

101 719 268 760 tamen,
307 724 450 764 neque
485 709 574 750 ista
612 721 685 748 res
724 706 1030 748 commovebit.
1094 701 1189 744 Nos
1226 702 1305 743 hic
1333 707 1570 754 φιλοσοφου-
1605 704 1633 745 6

101 782 171 815 μεν
213 788 266 794 -
316 766 427 821 quid
476 764 593 805 enim
632 762 781 805 aliud?
821 785 874 793 —-
911 766 957 802 et
995 762 1050 799 τοὶ
1087 760 1178 807 περὶ
1212 756 1284 798 τοῦ
1329 756 1571 800 καθήκοντος

101 821 340 876 magnifice
368 820 644 875 explicamus
685 815 1072 870 προςφωνοῢμενςηθ
1104 813 1330 855 Ciceroni.
1388 813 1490 863 Qua
1518 813 1574 854 de

107 892 153 918 re
182 878 299 918 enim
327 876 474 932 potius
503 879 628 929 pater
656 872 786 914 filio?
843 872 1022 913 Deinde
1053 870 1155 911 alia.
1214 869 1339 919 Quid
1368 869 1572 923 quaeris?

105 933 319 974 Exstabit
355 944 489 986 opera
530 926 904 984 peregrinationis
941 926 1088 967 huius.
1147 925 1399 966 Varronem
1434 924 1574 968 hodie

105 993 182 1029 aut
210 1002 308 1029 cras
337 993 571 1028 venturum
600 985 821 1040 putabant.
880 983 980 1037 Ego
1010 987 1156 1023 autem
1185 981 1233 1022 in
1255 981 1574 1035 Pompeianum

105 1044 421 1098 properabam3
450 1055 538 1082 non
570 1054 658 1094 quo
688 1039 775 1081 hoc
804 1040 906 1082 loco
935 1037 1180 1093 quidquam
1207 1036 1465 1092 pulchrius,
1494 1036 1575 1077 sed

106 1100 466 1153 interpellatores
496 1096 597 1137 illic
617 1095 760 1136 minus
789 1095 980 1136 molesti.
1039 1093 1130 1134 Sed
1151 1093 1378 1147 perscribe
1397 1106 1576 1148 quaeso,

37 1188 43 1189 ff
107 1167 220 1208 quae
249 1167 382 1195 causa
409 1152 471 1194 sit
500 1151 724 1207 Myrtilo:
755 1175 808 1180 —
855 1162 1016 1204 poenas
1046 1149 1225 1203 quidem
1256 1148 1385 1189 illum
1414 1162 1572 1202 pepen-

109 1345 235 1379 tonius
262 1355 484 1392 gewonnen.
536 1363 581 1371 —
631 1355 706 1378 sese
733 1371 740 1378 .
769 1370 778 1378 .
807 1370 815 1377 .
835 1343 986 1385 fecisse,
1018 1341 1129 1385 „dass
1163 1352 1205 1374 er
1237 1340 1276 1373 in
1312 1341 1489 1374 Hinsicht
1513 1341 1582 1375 der

109 1393 433 1439 Geldanweisung·
466 1394 529 1426 fiir
560 1392 664 1426 mich
689 1392 785 1425 alles
817 1390 1011 1438 nltigliche
1037 1389 1177 1436 gethan
1203 1388 1340 1430 habe‚“
1375 1395 1416 1422 ut
1441 1389 1480 1426 ii,
1515 1390 1579 1432 qui

109 1441 185 1487 ipsi
209 1440 401 1482 deberent,
429 1440 526 1474 mihi
552 1452 590 1475 se
616 1441 804 1474 soluturos
829 1439 1118 1484 pollicerentur.
1141 1436 1341 1471 MANUT.
1366 1454 1414 1461 —-
1441 1437 1582 1470 Venie-

109 1500 193 1522 num
217 1490 484 1530 feneratorem,
520 1489 585 1532 qui
620 1489 655 1522 ei
680 1487 847 1521 noluerit
872 1487 911 1520 in
936 1497 1092 1520 versura
1116 1484 1287 1518 facienda
1306 1495 1460 1530 operam
1478 1484 1582 1524 dare,

112 1537 159 1571 ob
186 1536 223 1568 id
249 1540 406 1569 accusat.
444 1557 486 1562 —
525 1537 682 1569 triculnr
707 1535 848 1568 scilicet
873 1534 1078 1573 Veffienus,
1110 1533 1238 1566 dieser
1262 1532 1392 1579 bring-t
1417 1532 1583 1566 offenbar

112 1583 266 1617 allerlei
291 1584 439 1617 Knoten
464 1584 503 1616 in
529 1583 591 1617 die
617 1583 749 1625 Sache,
785 1593 909 1617 moras
944 1581 1065 1616 nectit
1097 1580 1138 1613 in
1162 1591 1317 1614 versura
1351 1580 1520 1614 facienda
1545 1587 1583 1613 et

111 1631 330 1665 ludificatur
354 1631 607 1673 Dolabellam,
636 1631 696 1665 cui
722 1636 765 1664 ut
789 1631 889 1664 malo
913 1629 1060 1663 nomini
1084 1640 1220 1674 parum
1245 1628 1409 1662 confidit.
1451 1647 1495 1653 -
1544 1633 1584 1662 ut

112 1679 217 1712 homo
243 1679 331 1712 talis
356 1679 381 1713 i.
410 1690 439 1712 e.
467 1680 661 1713 fenerator
687 1679 794 1713 solet.
820 1683 857 1711 ul
881 1677 1075 1711 monetalis
1100 1678 1139 1718 (i.
1159 1688 1190 1710 e.
1215 1677 1469 1723 argentarius)
1495 1675 1584 1710 Sch.

113 1739 214 1771 susp.
243 1727 455 1771 ingeniosa:
480 1728 555 1760 cfr.
583 1728 698 1760 Attic.
728 1729 784 1767 10,
810 1727 866 1760 11.
895 1726 969 1761 Ost.
995 1728 1069 1771 (ep.
1095 1727 1194 1768 377.)
1241 1743 1284 1749 —
1333 1725 1500 1766 Sestium,
1526 1736 1588 1759 wo

112 1774 219 1808 nicht
245 1774 282 1807 P.
311 1774 451 1808 Sestius
477 1775 518 1808 L.
540 1775 581 1808 F.
606 1776 680 1821 (ep.
707 1776 789 1817 750,
816 1775 877 1816 4),
913 1772 1009 1807 doch
1041 1773 1082 1806 L.
1121 1772 1286 1814 Sestius,
1330 1772 1589 1820 nachheriger

114 1824 364 1866 Proquaestor
395 1823 458 1856 des
486 1824 531 1856 M.
558 1824 695 1857 Brutus
728 1822 768 1855 in
795 1821 1034 1856 Macedonien
1066 1820 1143 1853 und
1178 1822 1246 1855 731
1273 1820 1425 1854 Consul.
1475 1820 1512 1855 S.
1539 1820 1586 1853 ad

115 1870 227 1904 Attic.
252 1870 355 1910 XIII,
383 1872 417 1905 2.
456 1890 498 1894 —
547 1871 581 1903 si
607 1871 690 1914 quid
708 1874 860 1913 praeter
884 1880 981 1914 spem
1007 1869 1094 1909 erit,
1132 1868 1243 1902 sollte
1270 1879 1309 1901 es
1335 1868 1460 1902 wider
1485 1869 1585 1902 mein

113 1917 315 1952 Erwarten
339 1918 523 1951 ausfallen
551 1918 584 1952 d.
602 1919 628 1952 i.
656 1925 723 1965 gut
748 1917 944 1956 ausfallcm,
962 1936 1005 1942 —
1032 1917 1228 1960 negotium,
1255 1916 1585 1965 Unterhandlung.

114 1984 160 1990 —
185 1976 366 2005 commotu,
392 1977 520 2000 ausser
546 1967 714 2012 Fassung
739 1966 912 2014 bring-en.

209 2034 244 2068 6.
295 2032 470 2076 φιλοσ.,
506 2033 584 2067 wir
607 2033 868 2081 besch'aftigen
892 2044 959 2066 uns
995 2030 1081 2065 him·
1114 2031 1336 2067 dermahlen
1362 2033 1432 2067 mit
1458 2033 1587 2079 philo-

114 2079 291 2126 sophicis.
322 2100 363 2106 -
389 2081 495 2115 aliud
517 2083 699 2128 agamus?
726 2100 769 2106 —-
802 2080 857 2115 τὰ
886 2105 895 2114 .
922 2106 930 2113 .
957 2106 966 2114 .
992 2076 1178 2123 audoin„
1214 2081 1334 2116 libros
1359 2081 1404 2115 de
1430 2082 1587 2116 Officiis.

117 2126 160 2154 —'
185 2140 435 2175 προςφων.,
462 2141 733 2174 nuncupamus,
759 2129 937 2162 dicamus.
968 2145 1008 2150 —
1036 2128 1174 2161 Deinde
1197 2129 1278 2163 alia
1305 2130 1589 2175 explicabimus,

116 2177 334 2211 scribemus.
368 2195 414 2203 —
452 2177 622 2211 Exstabz't
646 2203 655 2210 .
684 2202 694 2211 .
722 2202 732 2211 .
758 2176 879 2218 huius,
906 2175 1086 2209 dastehen
1110 2176 1184 2210 soll
1210 2177 1274 2210 fiir
1299 2176 1360 2211 die
1385 2178 1589 2212 Nachwelt

117 2224 180 2258 ein
204 2224 393 2259 Denkmal
425 2225 566 2260 meines
605 2225 923 2273 gegenw'artigen
954 2225 1130 2271 Ausflugs
1162 2225 1204 2258 in
1231 2225 1292 2259 die
1317 2226 1493 2269 Fremde,
1525 2226 1591 2259 auf

117 2272 180 2305 das
206 2273 322 2314 Land,
349 2273 620 2317 rusticationis,
644 2274 720 2307 wie
742 2284 799 2319 ep.
822 2274 883 2307 30.
914 2293 955 2299 —
982 2273 1168 2316 putabant,
1193 2273 1328 2320 glaubt
1352 2285 1450 2310 man,
1494 2275 1590 2307 Vom

118 2319 320 2366 gelehrten
343 2321 465 2357 Varro
491 2321 539 2355 ist
562 2321 623 2355 die
646 2321 760 2356 Rede.
790 2339 832 2346 —
879 2321 1125 2365 properabam
1149 2335 1198 2352 z
1219 2332 1400 2367 propero.
1428 2340 1470 2346 —
1520 2331 1592 2354 non.

118 2377 197 2409 quo,
221 2367 330 2402 nicht
353 2369 405 2403 als
430 2368 485 2405 ob.
513 2388 555 2393 —
596 2369 663 2402 lzoc
689 2371 783 2409 loco,
810 2369 1019 2402 Puteolano.
1048 2387 1089 2392 -
1129 2369 1320 2413 pulchrius
1346 2381 1423 2403 esse
1450 2375 1589 2415 posset.

122 2431 163 2438 —
190 2415 387 2459 interpell„
411 2417 472 2450 die
498 2416 672 2459 Stiihrer,
700 2417 864 2463 lastigen
881 2415 1085 2450 Besucher.
1102 2434 1149 2441 —
1174 2417 1268 2457 illic,
1295 2418 1334 2450 in
1353 2417 1593 2462 Pompeiano.

123 2479 163 2485 -—
188 2463 330 2497 molesti
352 2471 448 2498 sunt.
463 2483 505 2488 —
544 2476 634 2508 quae
658 2475 770 2498 causa
795 2466 845 2498 sit
871 2465 1046 2509 Myrtilo,
1073 2476 1149 2498 was
1175 2466 1240 2497 fur
1265 2466 1325 2498 ein
1345 2465 1590 2499 Verbrcchen

121 2519 206 2542 man
231 2508 317 2543 dem
340 2512 519 2555 Myrtilus
545 2512 692 2546 Schuld
719 2512 810 2557 gibt.
848 2513 997 2546 Nomen
1022 2512 1124 2546 servi
1149 2512 1266 2546 fuisse
1291 2513 1452 2554 videtur,
1478 2524 1591 2558 quem

120 2556 305 2590 Antonius
330 2559 488 2594 fortasse
512 2560 556 2593 ab
583 2560 737 2594 Octavio
769 2560 815 2592 ad
840 2571 878 2593 se
907 2560 1212 2594 interficiendum
1245 2560 1487 2594 subornatum
1513 2572 1591 2595 esse

119 2604 278 2645 dixerat,
304 2605 382 2639 sive
407 2607 507 2650 quod
532 2608 582 2641 ita
609 2607 818 2642 crediderit
843 2607 922 2641 sive
949 2607 1045 2652 quod
1073 2608 1323 2641 simulaverit.
1349 2608 1458 2642 SGH.
1509 2609 1589 2642 Vid.

120 2662 179 2697 ep.
206 2653 287 2692 765,
312 2654 345 2688 2.
370 2654 477 2695 „Imo
503 2655 546 2688 ab
570 2655 735 2690 Antonio
759 2654 807 2688 ad
832 2655 874 2688 D.
895 2656 1053 2689 Brutum
1079 2655 1385 2689 interficiendum
1412 2656 1592 2691 suborna-

121 2706 180 2733 tus
206 2700 320 2733 fuisse
345 2701 505 2736 videtur.
555 2703 639 2736 vid.
675 2714 734 2749 ep.
762 2703 843 2744 770,
870 2703 902 2738 5.
950 2704 1040 2737 Puto
1074 2703 1218 2736 Graece
1249 2703 1431 2748 scriptum
1464 2705 1591 2746 ruisse,

122 2753 162 2781 ut
189 2759 296 2793 saepe
324 2748 503 2784 eiusmodi
529 2751 678 2785 nomina
714 2750 869 2796 propria
909 2751 947 2783 in
985 2751 1061 2784 Cic.
1099 2750 1287 2796 epistolis:
1326 2753 1592 2799 Μυρτίλου,
