1795 3086
484 95 800 139 EPISTOLA
836 93 1154 137 DCCLXXV.
1491 89 1584 138 233

112 210 340 253 libentius:
372 207 485 249 nihil
516 210 633 250 enim
663 208 878 262 ignorabo
908 228 959 238 -—
990 221 1044 248 an
1074 206 1177 258 hoc,
1208 218 1343 261 quum
1364 206 1585 247 Antonius

112 266 299 308 venerit.
359 264 466 318 Sed,
514 268 563 304 ut
601 262 726 304 aliud
764 275 822 303 ex
853 262 956 313 alin,
995 262 1110 303 mihi
1149 275 1235 303 non
1277 265 1346 304 est
1390 261 1587 311 dubium,
1625 264 1650 303 3

114 323 237 376 quin,
267 321 386 376 quod
404 320 568 362 Graeci
595 318 787 369 καθῆκον,
815 329 895 357 nos
926 315 1143 369 officium.
1201 317 1257 358 Id
1286 321 1448 369 autem,
1479 316 1587 371 quid.

116 377 311 429 dubitas,
355 376 462 431 quin
491 375 624 416 etiam
654 374 700 414 in
730 385 822 413 rem
851 373 1076 427 publicam
1114 374 1340 428 praeclare
1380 370 1590 414 caderet?

0 455 2 467 ι
115 434 274 475 Nonne
321 432 527 481 dicimus,
577 429 818 471 consulum
867 425 1086 484 officium,
1135 431 1330 471 senatus
1374 426 1593 484 officium,

0 472 2 490 ἱ
117 489 414 542 imperalorz's
443 482 688 539 officium?
743 485 987 525 Praeclare
1028 485 1257 525 convenit:
1297 488 1372 525 aut
1410 485 1467 524 da
1502 496 1593 524 me-

121 545 221 584 lius.
279 543 400 584 Male
437 554 593 582 narras
637 538 693 581 de
732 539 921 594 Nepotis
969 538 1081 580 filio.
1151 539 1300 579 Valde
1340 539 1595 581 mehercule
1634 530 1659 568 4

120 611 301 640 moveor
339 602 385 639 et
412 598 600 638 moleste
640 595 753 637 sero.
811 595 1071 637 Nescieram
1110 593 1287 635 omnino
1328 607 1427 635 esse
1464 596 1599 637 istum

121 667 317 711 puerum.
374 652 610 694 Caninium
639 651 836 706 perdidi,
876 650 1116 695 hominem,
1161 650 1281 704 quod
1310 649 1366 691 ad
1397 664 1465 691 me
1496 651 1599 692 atti-

120 715 212 763 net,
241 722 326 751 non
355 709 591 763 ingratum.
652 707 1006 760 Athenodorum,
1053 705 1174 746 nihil
1214 709 1297 759 est,
1343 706 1466 760 quod
1495 706 1598 748 hor-

121 771 233 807 tere.
312 765 443 807 Misit
492 765 609 805 enim
660 765 771 805 satis
816 764 983 804 bellum
1029 758 1249 813 ὑπόμνημα.
1339 763 1602 816 (ἓωνθάἰηί,

122 835 302 877 quaeso,
331 820 452 862 omni
481 820 654 861 ratione
685 819 883 860 subveni.
948 818 1038 859 Avi
1074 817 1142 859 tui
1180 830 1401 873 pronepos
1443 820 1605 861 scribit

124 878 179 918 ad
209 877 351 932 patris
379 876 469 918 mei
497 879 703 930 nepotem
733 888 781 916 se
811 887 870 915 ex
881 874 1026 917 Nonis
1052 873 1127 926 iis,
1156 875 1318 929 quibus
1346 886 1427 916 nos
1446 888 1605 930 magna

124 933 356 987 gessimus,
396 932 549 973 aedem
579 930 693 985 Opis
723 930 1070 986 explicaturum,
1108 930 1244 984 idque
1282 929 1338 971 ad
1376 932 1603 984 populum.

126 988 320 1030 Videbis
350 988 490 1042 igitur
518 990 562 1028 et
589 987 774 1028 scribes.
831 984 965 1028 Sexti
994 986 1214 1028 iudicium
1245 990 1468 1041 exspecto.

127 1119 213 1148 ante
237 1113 330 1146 Ern.
354 1113 439 1148 idne
463 1113 558 1147 Ern.
582 1113 697 1147 tacite
723 1124 810 1147 cum
834 1124 958 1162 marg·-
986 1115 1091 1150 1584.
1119 1113 1210 1148 seh.
1237 1113 1333 1149 Liin.
1373 1124 1437 1148 nec
1468 1115 1508 1149 id
1539 1115 1611 1149 Md.

130 1161 327 1195 ORELLI.
373 1181 417 1188 —-
461 1173 523 1195 ero
548 1161 614 1194 ibi.
665 1178 707 1185 -
756 1161 850 1196 nihil
874 1165 970 1196 enz'm
992 1162 1190 1205 ignorabo,
1224 1162 1326 1198 deun
1350 1162 1488 1198 Nichts
1512 1163 1614 1198 wird

128 1209 206 1243 mir
230 1209 276 1243 da
300 1208 518 1244 unbekannt
543 1209 702 1244 bleiben.
732 1228 774 1234 -
800 1220 848 1243 an
871 1209 938 1244 hoc
962 1211 1113 1245 faciam.

224 1282 259 1317 3.
309 1284 350 1314 ut
391 1280 495 1315 aliud
535 1291 578 1315 ex
621 1281 720 1324 alio,
770 1293 836 1316 um
874 1293 949 1317 von
995 1283 1135 1318 Einem
1174 1284 1242 1317 auf
1275 1280 1338 1318 das
1375 1282 1525 1318 Andere
1567 1295 1614 1318 zu

130 1330 321 1364 kommen.
386 1349 428 1355 —
502 1329 671 1372 officium
711 1336 813 1364 recte
867 1336 1068 1365 vet-tamus.
1142 1331 1295 1366 Attikus
1344 1331 1450 1367 hatte
1497 1332 1615 1366 daran

131 1376 363 1425 gezweifelt.
414 1376 451 1410 S.
479 1388 537 1423 ep.
565 1379 648 1420 769,
675 1379 708 1413 4.
760 1395 802 1403 -
852 1380 1051 1422 praeclare
1076 1380 1239 1423 caderet,
1274 1379 1351 1415 wie
1383 1380 1524 1414 kannst
1556 1382 1616 1415 Du

132 1424 380 1467 bezweifeln‚
428 1424 510 1459 dass
556 1425 661 1459 diese
692 1426 915 1475 Bedeutung
953 1428 1189 1462 sonnenklar
1229 1428 1328 1473 aueh
1372 1428 1414 1462 in
1461 1440 1617 1463 unserer

132 1470 420 1518 staatssprache
446 1472 576 1507 iiblich
601 1473 659 1508 ist.
701 1492 748 1499 —
785 1475 1030 1519 imperatoris
1055 1472 1233 1520 officium.
1269 1474 1333 1511 Sic
1360 1476 1461 1511 Crat.
1486 1477 1615 1511 Lamb.

131 1520 382 1567 probabiliter
417 1530 436 1552 e
462 1521 553 1555 Cod.
579 1521 758 1556 Tornaes.
811 1521 903 1556 Tria
936 1529 1061 1558 autem
1095 1525 1265 1559 membra
1298 1524 1375 1559 huc
1407 1524 1447 1558 in
1481 1525 1619 1571 primis

134 1569 330 1613 quadrant.
357 1579 430 1602 om.
455 1568 542 1612 imp.
570 1569 742 1612 officium
773 1570 868 1605 Cett.
895 1582 981 1604 cum
1006 1572 1081 1606 Md.
1120 1573 1318 1608 ORELLI.

232 1617 266 1650 4.
317 1616 360 1649 de
391 1615 545 1660 Nepotis
578 1616 668 1657 filio
707 1629 829 1663 nuper
869 1626 1032 1654 mortuo.
1092 1620 1145 1654 Es
1185 1632 1269 1660 war
1303 1621 1373 1655 der
1406 1621 1511 1656 Sohn
1554 1622 1619 1657 des

135 1663 438 1698 Schriftstellers
464 1664 661 1698 Cornelius
686 1666 822 1711 Nepos».
869 1686 912 1693 —
961 1678 1036 1702 esse
1060 1669 1170 1702 istum
1193 1679 1359 1714 puerum,
1384 1669 1468 1704 dass
1494 1670 1621 1704 dieser

136 1711 240 1746 Sohn
266 1711 450 1746 existirte.
499 1714 585 1746 Man
612 1713 734 1755 sieht‚
771 1713 851 1748 dass
884 1714 1017 1750 Cicero
1042 1716 1120 1749 und
1146 1717 1347 1752 Cornelius
1372 1718 1500 1763 Nepos
1538 1718 1621 1753 ein-

135 1760 254 1793 ander
277 1759 457 1793 ziemlich
484 1760 609 1794 fremd
633 1772 775 1795 waren.
825 1762 936 1796 Aueh
970 1764 1020 1797 ist
1055 1764 1215 1799 Cicero's
1240 1765 1368 1800 Leben
1394 1777 1466 1800 von
1492 1767 1622 1812 Nepos

135 1807 248 1842 Hand
275 1807 383 1840 nicht
408 1808 476 1840 auf
497 1808 558 1842 die
583 1809 788 1843 Nachwelt
812 1811 1053 1855 gekommen.
1095 1833 1138 1840 —
1178 1813 1219 1847 C.
1246 1814 1442 1848 Caninium
1466 1814 1623 1849 Gallum

133 1855 280 1901 perdidi
301 1855 382 1889 scil.
410 1855 471 1890 his
498 1856 624 1891 diebus
650 1863 855 1893 mortuum.
906 1859 988 1893 Vid.
1027 1860 1074 1894 ad
1105 1861 1240 1895 Famil.
1275 1862 1307 1902 1,
1333 1863 1366 1898 2.
1400 1862 1452 1904 Π,
1477 1863 1509 1898 8.
1536 1864 1622 1906 vn,

139 1907 172 1939 l.
198 1904 260 1943 lx,
286 1905 320 1939 2.
347 1905 382 1938 6.
411 1924 454 1930 —-
480 1904 766 1939 Athenodorum.
805 1905 839 1940 S.
867 1918 924 1952 ep.
952 1909 1032 1950 770,
1057 1910 1090 1943 4.
1127 1927 1169 1934 -
1196 1905 1404 1954 ὑπόμνημα,
1430 1911 1624 1957 Epitome,

138 1952 301 1999 Auszug.
338 1969 385 1976 —
429 1952 640 1986 Grcwedini.
677 1953 713 1986 S.
734 1949 799 1998 'ep.
826 1957 907 1996 770,
935 1957 969 1991 3.
1017 1973 1057 1981 ·-
1096 1968 1287 2002 pronepos.
1321 1960 1538 2005 Pomponia,
1563 1960 1624 1994 die

139 1998 372 2033 Gemahlinn
410 1999 473 2033 des
500 2000 657 2042 Quintus
684 2001 831 2045 Cicero,
871 2014 952 2036 war
989 2003 1073 2038 eine
1104 2004 1325 2040 Schwester
1356 2007 1419 2042 des
1456 2008 1622 2042 Attikus.

139 2047 210 2081 Ihr
235 2046 354 2089 Sohn,
394 2046 462 2082 der
486 2048 642 2095 iiingere
677 2049 849 2092 Quintus,
888 2062 971 2085 war
1006 2053 1083 2086 also
1109 2054 1171 2086 ein
1208 2054 1382 2089 Urenkel
1413 2055 1517 2090 ihres
1549 2057 1622 2090 und

139 2095 282 2131 mithin
315 2095 413 2129 auch
444 2095 508 2130 des
532 2097 685 2141 Attikus
710 2097 962 2133 Grossvaters.
1024 2101 1120 2134 Eine
1145 2101 1255 2136 wohl
1281 2102 1512 2138 berechnete
1535 2104 1625 2138 halb

141 2143 384 2178 scherzhafte
411 2143 717 2193 Umschreibung·
747 2152 836 2180 statt
868 2159 1018 2182 unser
1051 2149 1199 2184 Neffe
1234 2151 1445 2193 Quintus
1479 2151 1548 2187 hat
1578 2163 1624 2185 an

142 2191 337 2225 meineri
363 2191 494 2226 Sohn
519 2192 692 2227 Cicero
720 2194 988 2241 geschrieben,
1039 2198 1125 2230 Man
1158 2198 1273 2242 sieht‚
1309 2200 1396 2234 will
1430 2211 1474 2234 er
1498 2212 1625 2245 sagon,

142 2239 225 2273 dass
251 2238 349 2273 noch
374 2239 469 2274 altes
496 2240 781 2276 Ciceronisches
808 2242 950 2277 Gebliit
985 2245 1025 2277 in
1057 2245 1142 2279 dem
1177 2247 1299 2281 Busen
1337 2248 1407 2281 der
1430 2249 1625 2282 But-sehon

145 2287 256 2330 rollt3
283 2287 351 2320 der
376 2287 491 2335 iunge
516 2288 674 2331 Quintus
711 2301 749 2324 se
777 2290 955 2325 Catonem
981 2294 1219 2337 promiserat.
1275 2314 1317 2320 -—
1367 2306 1414 2330 ez
1439 2297 1556 2330 Nonis
1579 2297 1627 2330 iis

145 2333 222 2374 (Itis
257 2335 343 2368 Asc.
378 2346 437 2380 pr.
473 2335 574 2370 Crat.
612 2337 725 2381 Vict.)
758 2339 1041 2384 Decembribus,
1081 2353 1127 2375 an
1159 2343 1360 2377 denselben
1391 2344 1524 2378 Nonen
1573 2345 1626 2386 (5.

146 2382 378 2424 December).
407 2404 449 2410 -
486 2384 612 2428 quibus
636 2396 707 2419 non
732 2396 869 2429 magna
895 2389 1078 2435 gessimus
1104 2389 1129 2423 i.
1155 2401 1188 2424 e.
1214 2402 1289 2436 quo
1323 2392 1384 2425 die
1409 2392 1501 2425 olim
1528 2392 1627 2424 Lon-

147 2429 282 2470 tulum,
309 2429 521 2479 Cethegum
547 2432 716 2478 aliosque
745 2445 790 2467 ex
816 2436 1077 2471 coniuratione
1102 2438 1329 2479 Catilinaria
1357 2439 1483 2472 lictori
1510 2439 1627 2472 tradi-

148 2476 271 2510 dimus
296 2479 487 2512 necandos.
537 2498 579 2504 —-
632 2482 755 2514 aedem
784 2482 868 2526 Opis
892 2485 1081 2528 explicat„
1119 2487 1236 2521 wolle
1272 2480 1421 2520 ernon
1444 2487 1628 2520 Antonius

149 2525 242 2558 iiber
274 2525 335 2559 die
369 2525 689 2573 Auspliinderung
725 2529 794 2563 des'
824 2530 1004 2577 Tempels
1042 2533 1112 2567 der
1147 2535 1220 2580 Ops
1253 2547 1322 2568 zur
1352 2533 1631 2568 Rechenschast

149 2571 307 2613 ziehen3
340 2573 525 2608 rationem
561 2583 782 2610 exacturum
816 2578 860 2611 ab
886 2578 1048 2616 Antonio
1084 2581 1163 2614 eius
1195 2582 1393 2628 pecuniae,
1434 2594 1545 2626 quam
1585 2595 1630 2616 ex

150 2620 240 2654 aede
267 2619 356 2664 Opis
382 2620 548 2665 abstulit,
574 2635 594 2657 a
621 2624 777 2658 Caesare
803 2625 1032 2671 depositam;
1069 2637 1105 2662 et
1132 2636 1189 2664 est
1215 2630 1479 2672 explicaturum
1504 2630 1629 2677 palam

151 2669 351 2708 facturum,
390 2668 478 2712 quid
507 2670 546 2703 in
572 2672 659 2716 Opis
686 2673 775 2706 aede
800 2676 981 2717 pecuniae
1007 2677 1138 2717 fuerit,
1181 2688 1337 2722 eamque
1363 2678 1630 2722 repetiturum,

153 2715 236 2748 Vid.
262 2715 430 2761 Philipp.
457 2716 508 2759 11,
535 2729 567 2752 c.
591 2722 646 2754 37.
675 2720 879 2756 MANUT.
922 2741 963 2747 —-
1012 2725 1061 2757 ad
1079 2725 1264 2768 populum,
1291 2736 1360 2759 vor
1385 2725 1467 2758 dem
1495 2726 1629 2759 Volke.

153 2762 274 2798 VVie?
301 2764 354 2797 als
381 2763 570 2799 Tribunus
597 2767 730 2812 plebis,
768 2779 878 2802 wozu
904 2770 972 2804 ihu
999 2772 1182 2806 Antonius
1210 2772 1327 2807 sebon
1365 2773 1469 2808 hatte
1495 2784 1629 2808 ornem
