1795 3086
270 99 364 147 v394
425 102 485 145 Μ.
519 103 575 145 Τ.
604 101 719 145 (310.
754 101 1123 146 EPISTOLAE.
1163 105 1258 147 ΕΡ.
1291 103 1603 152 DcocLXn.

408 288 721 332 EPISTOLA
759 290 1072 335 DcchXn.
1104 293 1181 346 (ad
1209 293 1314 336 Div.
1344 293 1478 337 XIII.
1509 296 1595 343 76.)

797 385 876 420 Sor.
902 398 999 422 anno
1024 388 1181 423 incerto.

269 472 310 504 C.
341 472 514 520 Valgium
540 471 771 517 Hippianum
798 473 1031 508 commendat
1056 474 1238 520 petitque,
1264 482 1305 510 ut
1331 476 1558 522 possessioni
1582 476 1661 510 eius
1681 476 1720 509 in
1792 474 1793 513 Ῐ

553 531 642 567 agro
668 520 893 568 Fregellano
919 522 1192 556 immunitatem
1218 523 1316 558 dent.
1344 526 1446 560 1-2.

370 608 418 640 Μ.
445 607 621 642 CICERO
648 607 876 651 QUATUOR
901 608 1029 643 VIRIS
1058 614 1095 643 et
1120 609 1486 646 DECURIONIBUS
1513 610 1550 645 S.
1577 612 1622 645 D.

375 695 548 737 Tantae
587 694 698 749 mihi
738 709 836 737 cum
876 695 931 745 Q.
973 696 1143 751 Hippio
1189 682 1347 738 causae
1385 697 1720 739 necessitudinis

264 754 380 803 sunt,
404 756 454 792 ut
480 751 597 792 nihil
628 752 769 808 possit
797 764 891 792 esse
914 751 1206 802 coniunctius,
1239 767 1368 808 quam
1396 767 1477 794 nos
1506 754 1626 795 inter
1645 767 1720 795 nos
1789 765 1791 782 ἐ

264 819 425 851 sumus.
452 832 455 838 ι
484 806 616 857 Quod
650 807 739 849 nisi
767 807 832 849 ita
859 812 985 854 esset,
1006 808 1163 849 'uterer
1190 822 1286 849 mea
1315 809 1648 859 consuetudine,
1679 814 1722 850 ut

262 862 391 905 vobis
417 864 542 904 nulla
570 863 617 904 in
649 877 695 905 re
722 864 930 905 molestus
961 877 1113 905 essem.
1169 863 1348 906 Etenim
1368 877 1447 906 vos
1475 864 1588 904 mihi
1612 865 1721 918 opti·
1788 862 1790 911 f

261 919 323 959 mi
362 923 500 962 testes
545 919 676 972 estis,
714 932 978 974 quamquam
1017 919 1131 960 mihi
1172 934 1426 974 persuasum
1465 924 1583 961 esset
1611 919 1721 961 nihil

261 988 381 1028 esse,
421 975 541 1030 quod
572 988 597 1015 a
624 975 751 1019 vobis
780 975 1016 1028 impetrare
1044 989 1131 1017 non
1160 983 1379 1030 possem,'
1407 989 1627 1030 nunquam
1657 989 1723 1017 me
1787 975 1789 1015 ἒ

195 1033 225 1073 2
259 1034 407 1072 tamen
446 1044 626 1086 gravem
664 1028 790 1071 vobis
830 1044 926 1071 esse
963 1030 1170 1073 voluisse.
1239 1031 1542 1086 Vehementer
1586 1031 1727 1085 igitur
1787 1069 1788 1072 ,

257 1099 338 1128 vos
369 1086 505 1127 etiam
534 1090 665 1141 atque
695 1086 827 1126 etiam
852 1099 975 1140 rogo,
1002 1090 1052 1127 ut
1073 1085 1260 1127 honoris
1285 1085 1373 1128 mei
1401 1100 1536 1128 causa
1563 1087 1723 1128 libera·
1786 1089 1788 1103 ¹

253 1142 429 1184 lissima
459 1141 510 1183 O.
540 1135 1056 1196 Valgium'Hippianum
1094 1143 1294 1183 tractetis
1334 1156 1512 1197 remque
1542 1156 1641 1183 cum
1670 1155 1724 1182 eo

253 1197 526 1244 ·confieiatis,
553 1202 618 1249 ut,
650 1210 779 1251 quam
810 1197 1133 1252 possessionem
1162 1197 1298 1238 habet
1326 1198 1371 1238 in
1401 1211 1509 1251 agro
1538 1197 1721 1251 Fregel-

258 1255 361 1294 lano
393 1267 418 1294 a
446 1252 575 1294 vobis
604 1256 814 1307 emptam,
851 1267 947 1294 eam
986 1254 1174 1294 liberam
1214 1257 1258 1294 et
1294 1253 1531 1294 immunem
1559 1253 1722 1293 habere
1784 1262 1786 1268 ’

258 1309 413 1364 possit.
481 1309 537 1348 Id
577 1308 616 1350 si
655 1322 682 1349 a
721 1307 848 1349 vobis
889 1309 1152 1363 impeti-aro,
1189 1323 1359 1350 summo
1398 1323 1467 1350 me
1505 1307 1722 1351 beneficio

258 1369 406 1407 vestro
435 1365 642 1406 affectum
671 1364 932 1405 arbitrabor.

351 1555 737 1590 DECURIONIBUS
769 1555 1036 1602 Fregellarum
1070 1556 1153 1589 scil.
1179 1555 1311 1601 oppidi
1335 1555 1555 1589 Volscorum
1580 1554 1621 1587 in
1648 1554 1720 1586 La-

250 1604 322 1639 ·tio.
372 1604 466 1637 Erat
497 1610 622 1638 autem
657 1604 802 1638 colonia
838 1604 1020 1647 Romana,
1062 1604 1123 1638 cui
1159 1603 1395 1649 quatuorviri
1433 1609 1471 1637 et
1501 1601 1721 1637 decuriones
1776 1625 1777 1629 ,

258 1659 469 1698 praeerant.
495 1652 522 1686 S
525 1652 604 1686 CH.

349 1720 380 1753 1,
431 1729 665 1763 quamquam.
711 1717 774 1751 Sic
815 1717 962 1763 scripsi.
1014 1729 1119 1762 quam
1154 1718 1231 1754 Md.
1269 1719 1387 1762 Neap.
1423 1719 1505 1752 Asc.
1542 1719 1573 1751 l.
1617 1717 1719 1750 Crat.

252 1766 349 1800 vict.
377 1769 408 1801 1.
440 1778 547 1811 quum
579 1767 658 1800 Bas.
692 1766 788 1802 Vict.
815 1768 847 1802 2.
881 1766 1007 1799 Lamb.
1041 1766 1176 1801 Graev.
1212 1766 1305 1799 Ern.
1341 1767 1475 1801 Bened.
1512 1764 1596 1799 Sch.
1622 1765 1717 1798 Liin.

215 1853 224 1858 .
247 1815 328 1850 013.
357 1832 399 1838 -—
425 1825 591 1858 gravem,
616 1814 815 1849 molestum
842 1815 1021 1862 rogando.

348 1891 382 1925 2.
411 1888 451 1922 C.
481 1888 654 1930 Valgium
677 1887 912 1931 Hippianum.
959 1887 1151 1921 Assentior
1175 1885 1351 1925 Memmio,
1379 1885 1444 1928 qui
1469 1883 1569 1917 hunc
1593 1881 1718 1916 filium

252 1948 332 1971 esse
358 1937 538 1970 iudicavit
572 1937 612 1971 Q.
640 1936 771 1980 Hippii
802 1947 914 1981 supra
941 1935 1134 1977 nominati,
1166 1946 1186 1968 a
1211 1934 1250 1967 G.
1275 1933 1410 1980 Valgio
1445 1932 1603 1976 quodam
1628 1930 1715 1983 ado-

251 1991 408 2030 ptatum.
459 1984 612 2018 Etenim
645 1984 677 2018 si
710 1996 804 2016 unus
838 1983 1011 2027 idemque
1047 1988 1161 2023 esset,
1194 1981 1293 2026 quod
1327 1981 1523 2014 Ernestius
1557 1983 1718 2024 putavu,

250 2044 321 2066 cur
346 2044 430 2067 eum
456 2044 568 2078 supra
594 2033 635 2075 Q.
662 2031 847 2077 Hippium
874 2032 1087 2064 nominaret
1120 2041 1189 2064 nec
1216 2029 1341 2063 statim
1367 2028 1518 2062 nomine
1544 2031 1716 2060 uteretur

251 2086 336 2125 post
361 2081 597 2126 adoptionem
624 2080 668 2113 ab
696 2091 737 2114 eo
763 2081 966 2126 usurpato?
1017 2079 1119 2113 Idem
1146 2078 1348 2112 Benedicto
1373 2077 1505 2110 visum.
1539 2074 1645 2110 SCH.
1672 2091 1716 2097 --

254 2129 457 2172 immunem,
482 2128 688 2163 lastensrei.
