1795 3086
207 110 269 157 96
477 111 541 153 Μ.
574 112 630 154 T.
663 109 1011 156 CICERONIS
1040 113 1412 160 EPISTOLAE.
1774 79 1778 91 ι

205 223 319 265 nihil
350 224 504 277 possit.
562 222 593 274 †
622 222 711 264 Sed
738 228 820 278 ego
850 225 966 266 solus
996 226 1111 267 alius
1140 238 1259 278 sum3
1300 226 1393 270 sive
1432 227 1519 270 hoc
1559 234 1681 272 recte

205 281 299 321 sive
339 292 424 321 non
463 282 596 319 recte.
666 279 738 320 Tu
774 285 918 321 tamen
953 282 1085 322 velim
1124 284 1371 324 orationem
1410 283 1553 338 legem,
1592 287 1679 327 nisi

206 336 322 377 sorte
350 337 441 375 iam
472 333 648 387 legisti,
688 335 1009 391 certioremque
1051 351 1121 378 me
1160 337 1326 391 facias,
1368 339 1474 394 quid
1509 341 1680 383 iudices

204 393 312 445 ipse.
373 389 648 444 Quamquam
676 403 857 445 vereor,
887 406 942 433 ne
972 394 1233 447 cognomine
1263 399 1338 435 tuo
1369 397 1531 449 lapsus,
1559 394 1679 446 ’ὑπερ-

204 449 358 487 αττικὸς
385 445 445 485 sis
484 445 530 485 in
566 444 818 487 iudicando.
887 447 976 489 Sed
1004 449 1042 489 si
1073 449 1362 491 recordabere
1401 454 1681 500 Λημοσθένους

204 502 415 553 fulmina,
445 504 538 542 tum
557 500 774 555 intelliges
796 515 925 556 posse
945 508 988 544 et
1018 502 1270 544 οἷττικώτατα
1291 506 1550 561 gravissime
1571 506 1676 547 dici.

203 557 292 598 Sed
322 556 434 598 haec
463 569 625 597 coram.
693 556 825 598 Nunc
853 572 935 599 nec
963 560 1058 600 sine
1087 560 1275 613 epistola
1303 575 1382 603 nec
1421 575 1520 603 cum
1558 563 1680 604 inani

200 613 389 667 epistola
417 612 537 655 volui
565 613 621 653 ad
652 616 694 654 te
724 614 1030 656 Metrodorum
1059 613 1223 656 venire.

418 814 733 859 EPISTOLA
763 815 971 858 DCCIX.
1032 817 1108 866 (ad
1138 818 1225 859 Att.
1259 817 1367 861 XV.
1401 821 1458 868 2.)

434 891 514 925 scr.
542 893 617 926 xv.
643 893 721 926 Kal.
753 893 835 926 lun.
869 895 908 927 A.
936 894 979 928 U.
1011 895 1052 926 c.
1082 895 1163 929 710.
1215 896 1263 936 (a.
1293 896 1332 929 c,
1359 895 1436 936 44.)

197 961 250 994 De
289 958 579 994 Buthrotiorum
620 960 771 1003 negotio
805 972 849 994 ac
882 961 931 995 L.
967 959 1118 994 Antonii
1159 966 1196 994 et
1239 962 1385 995 Octavii
1429 962 1679 997 concionibus

579 1008 818 1054 breviterque
853 1009 898 1041 de
932 1008 1014 1041 aliis
1047 1009 1168 1043 rebus.
1205 1011 1294 1044 1-4.

698 1076 886 1109 CICERO
918 1075 1105 1110 ATTICO
1139 1077 1174 1109 S.

301 1156 370 1183 xv.
400 1142 590 1184 Kalend.
622 1157 646 1182 e
676 1141 941 1184 Sinuessano
973 1142 1263 1197 proficiscens
1293 1158 1427 1198 quum
1451 1144 1675 1185 dedissem

193 1197 250 1239 ad
278 1200 323 1237 te
355 1198 508 1238 literas
539 1198 919 1253 devertissemque
949 1212 974 1238 a
1004 1200 1183 1251 Cumis,
1223 1200 1269 1239 in
1299 1200 1495 1241 Vescino
1525 1200 1675 1253 accepi

195 1266 221 1294 a
250 1253 484 1295 tabellario
515 1256 611 1296 tuas
642 1254 822 1304 literas3
864 1254 910 1295 in
951 1255 1107 1310 quibus
1144 1255 1280 1297 nimis
1320 1256 1456 1296 multa
1495 1255 1550 1296 de
1587 1255 1675 1295 Bu-

195 1411 281 1433 nem
316 1399 421 1433 Ideal
454 1410 527 1432 von
561 1400 841 1434 Beredsamkeit
875 1401 1184 1446 umherbewegen
1220 1401 1315 1442 will,
1353 1401 1420 1434 hat
1454 1411 1496 1433 er
1522 1425 1530 1434 .
1559 1429 1568 1437 ,
1596 1425 1607 1437 .
1634 1400 1677 1433 in

196 1449 281 1483 dem
309 1448 432 1481 Grade
459 1448 644 1490 erreicht,
673 1448 764 1482 dass.
793 1468 839 1473 —
873 1450 970 1483 solus
997 1450 1104 1483 alius.
1154 1450 1216 1484 Sic
1245 1456 1425 1494 corrupte
1449 1448 1545 1482 Edd.
1571 1459 1679 1490 meae·

194 1503 344 1543 praeter
368 1496 546 1535 Lallem.,
573 1497 637 1541 qui
664 1496 707 1529 de
732 1498 888 1542 Malasp.
917 1504 953 1530 et
979 1499 1061 1533 Urs.
1088 1496 1292 1531 sententia:
1327 1502 1423 1531 totus
1446 1496 1545 1529 alius·
1563 1497 1674 1541 prob.

194 1544 390 1590 Spalding.
431 1544 475 1577 ad
511 1545 659 1579 Quintil.
686 1547 720 1586 9,
745 1546 780 1586 4,
810 1548 840 1579 l.
868 1547 967 1579 solus
996 1546 1100 1579 alind
1121 1546 1203 1580 Md.
1237 1547 1357 1579 Oxon.
1385 1547 1417 1581 2.
1451 1540 1557 1584 ὅλος
1578 1544 1677 1578 alius

192 1593 375 1627 Tunstall.
402 1605 440 1638 p.
469 1593 549 1627 205,
576 1592 712 1625 scilicet
737 1594 832 1626 alius
857 1593 901 1626 de
926 1595 1012 1626 ΕΠ).
1038 1605 1135 1638 susp.
1162 1593 1249 1627 Sch.
1275 1593 1375 1627 Liin.
1415 1593 1527 1628 Latet
1545 1593 1675 1626 nescio

193 1641 283 1687 quid
312 1641 355 1674 de
381 1641 582 1674 Atticismo
609 1641 796 1686 Apollonii
828 1642 1010 1680 Molonis,
1046 1643 1142 1674 scite
1175 1647 1383 1687 temperato
1419 1653 1506 1675 cum
1538 1651 1676 1684 genere·

190 1689 366 1732 Rhodio,
402 1701 511 1735 quem
536 1689 776 1723 Atticismum
802 1690 911 1723 nimis
944 1690 1048 1723 tenni
1073 1690 1130 1723 illi
1165 1697 1201 1722 et
1233 1690 1405 1734 exsangui
1439 1689 1672 1722 imitatorum

189 1738 324 1784 Lysiae
350 1738 588 1771 anteferebat
613 1738 767 1771 Tullius.
817 1740 948 1783 Itaque
975 1737 1162 1771 coniicere
1187 1738 1320 1783 possis:
1349 1748 1418 1780 ego
1435 1736 1675 1770 Molonianus

188 1797 278 1821 sum.
328 1786 402 1820 Sed
428 1786 465 1818 in
492 1786 589 1819 solus
614 1786 717 1819 aliud
739 1798 855 1831 aeque
883 1787 1070 1820 Graecum
1099 1799 1131 1820 v.
1159 1786 1277 1819 latere
1302 1791 1423 1831 potest
1448 1792 1560 1830 atque
1585 1795 1673 1818 mox

190 1836 231 1869 in
257 1834 423 1868 Medicei
450 1833 684 1878 hyperalicus
708 1830 1035 1880 ὖπεραττρκό-ς,
1062 1835 1098 1867 in
1125 1834 1291 1868 eiusdem
1316 1833 1443 1866 Attico
1467 1837 1549 1866 tota
1574 1833 1673 1874 (Asc.

191 1887 225 1918 1.
256 1883 378 1924 Crat.)
403 1877 629 1915 ἇῑῑικώτατα.
658 1882 852 1916 ORELLI.
905 1876 1006 1917 Uber
1022 1883 1152 1916 Molon
1168 1894 1196 1919 s.
1218 1883 1321 1916 Brut.
1342 1894 1374 1914 c.
1391 1882 1451 1917 90.
1478 1881 1526 1913 ad
1551 1880 1669 1918 Attic.

187 1932 240 1974 11,
269 1933 299 1965 1.
327 1936 422 1966 extr.
449 1930 604 1976 Quintil.
640 1930 710 1972 111,
744 1933 778 1971 1,
815 1931 874 1967 14,
909 1931 993 1972 XII,
1027 1932 1062 1970 6,
1095 1933 1130 1967 7.
1167 1949 1210 1955 —
1247 1925 1556 1976 ὖπεραττικός
1586 1930 1667 1963 scil.

187 1979 392 2014 secundum
417 1990 498 2012 eam
531 1978 768 2024 opinionem,
802 1990 894 2023 quae
924 1985 1004 2012 tum
1039 1985 1119 2011 erat
1150 1978 1258 2023 vulgo
1295 1978 1340 2011 de
1372 1988 1510 2022 genere
1541 1978 1668 2011 Attico

188 2027 407 2069 scribendi,
452 2038 563 2072 quam
595 2026 738 2060 refellit
775 2027 907 2060 Cicero
941 2026 1108 2072 pluribus
1141 2027 1236 2060 locis
1269 2038 1300 2059 v.
1340 2038 1373 2060 c.
1410 2026 1513 2059 Orat.
1546 2037 1578 2057 e.
1613 2027 1668 2060 1⁰.

192 2076 303 2109 ERN.
360 2075 626 2116 „Gleichwohl
662 2076 809 2120 besorg’
834 2075 918 2117 ich,
952 2076 1012 2107 Du
1036 2077 1181 2118 niogest
1216 2074 1337 2107 durch
1362 2074 1510 2106 Deinen
1534 2073 1669 2107 Beina-

189 2136 276 2158 men
304 2123 475 2157 verleitet
499 2123 597 2156 auch
623 2123 680 2156 ein
707 2124 828 2168 wenig
852 2135 894 2156 zu
919 2123 1064 2156 Attisch
1089 2123 1126 2155 in
1151 2123 1310 2156 Deinem
1348 2122 1520 2157 Urtheile
1545 2122 1669 2158 sein.“

190 2173 322 2206 Cicero
348 2171 478 2204 suchte
504 2172 604 2204 seine
637 2171 804 2204 Zuho'rer
836 2183 879 2204 zu
913 2171 1118 2215 ergreifen,
1160 2171 1450 2204 unbekiimmert
1481 2182 1546 2203 um
1580 2170 1665 2203 iene

187 2219 445 2254 Schlichtheit
471 2218 535 2252 des
562 2219 756 2253 Attischen
785 2221 988 2264 Vortrag5‚
1023 2219 1082 2252 die
1115 2220 1249 2253 Brutus
1281 2219 1319 2252 in
1353 2217 1495 2252 Schutz
1529 2217 1666 2257 nahm;

188 2269 306 2302 daher
331 2279 418 2301 man
445 2267 526 2300 ihm
552 2269 737 2309 vorwarf,
764 2279 805 2301 er
831 2268 884 2300 sei
910 2279 1041 2312 parum
1067 2267 1221 2300 Atticus.
1274 2268 1363 2300 vvas
1382 2267 1443 2300 fiir
1461 2266 1668 2299 Vorwurfe

188 2318 294 2350 hatte
321 2327 361 2352 er
386 2315 552 2349 vollends
579 2327 649 2349 von
676 2316 745 2348 den
770 2315 942 2349 Sto‘ikern
978 2327 1025 2349 zu
1059 2322 1241 2348 erwarten
1277 2314 1441 2359 gehabt‚
1475 2313 1533 2347 die
1570 2314 1667 2346 allen

188 2364 514 2400 Rednerschmuck
535 2365 759 2397 verwarfen!
787 2382 832 2388 —
856 2364 1048 2406 fulmina,
1082 2362 1189 2409 βέλη,
1216 2362 1505 2405 Blitzstrahleu‚
1532 2362 1665 2395 womit

186 2426 216 2447 z.
244 2415 284 2447 B.
310 2413 445 2447 Cicero
472 2413 540 2445 den
567 2412 730 2445 Catilina
756 2411 1078 2446 niederdonnerte.
1103 2431 1150 2436 —
1175 2422 1280 2455 posse
1305 2435 1313 2443 .
1342 2437 1350 2444 .
1378 2410 1462 2452 dici,
1489 2411 1570 2443 dass
1595 2410 1665 2443 mit

188 2462 258 2494 den
284 2463 452 2507 grossten
487 2459 681 2494 Attischen
716 2461 966 2494 Schiinheiten
994 2460 1059 2493 der
1084 2460 1239 2493 hochste
1264 2458 1495 2493 Nachdruck
1521 2458 1666 2491 verein-

189 2510 253 2542 bar
278 2511 341 2543 sei.
368 2528 413 2533 -—
448 2513 482 2542 et
513 2509 673 2550 graviss.
709 2509 837 2542 hamb.
871 2509 1011 2542 Placet.
1047 2509 1122 2543 ΟΕ.
1158 2527 1202 2532 -
1234 2507 1498 2542 Metrodorum.
1532 2506 1567 2541 S.
1602 2517 1663 2552 ep.

187 2559 269 2594 (362.
319 2559 371 2591 Er
398 2568 473 2591 war
498 2557 663 2592 Cicero's
688 2556 844 2589 libertus
870 2569 903 2591 u.
931 2558 1033 2589 Arzt.

285 2627 318 2660 l.
346 2624 432 2659 XV.
462 2624 548 2657 Kal.
575 2625 678 2665 Iun.‚
713 2636 773 2657 am
802 2626 856 2660 18.
882 2625 976 2661 Mai.
1011 2644 1054 2649 —
1089 2635 1107 2656 e
1132 2623 1358 2657 Sinuessano.
1394 2623 1429 2655 S.
1456 2621 1574 2666 vorig.
1604 2622 1662 2655 Br.

188 2672 221 2714 ᾗ.
251 2675 280 2706 1.
308 2692 350 2696 -
386 2673 421 2705 1'22
452 2673 605 2706 Vescino
632 2683 722 2716 agro
756 2674 854 2706 inter
886 2673 1087 2707 Massicum
1129 2678 1295 2704 montem
1331 2677 1369 2704 et
1404 2670 1522 2703 Lirim
1553 2670 1663 2702 fluvi-

189 2732 264 2756 um.
301 2720 387 2754 vid.
422 2721 587 2756 Martial.
615 2721 717 2757 xm,
755 2723 815 2756 31.
843 2721 984 2754 Lucan.
1015 2722 1067 2758 11,
1093 2720 1173 2754 425.
1201 2719 1284 2754 Liv.
1314 2718 1360 2761 X,
1387 2720 1443 2753 20.
1479 2736 1521 2740 -—
1556 2717 1663 2750 nimis

188 2769 299 2802 mulla
325 2769 528 2814 scripsisti3
556 2769 662 2802 mehr
690 2769 740 2802 als
767 2769 906 2813 nothig.
943 2788 986 2793 -
1026 2769 1067 2802 de
1092 2766 1281 2801 Butler-oto.
1308 2766 1343 2800 S.
1369 2778 1412 2800 zu
1438 2777 1492 2811 ep.
1520 2767 1601 2805 692,
1631 2767 1662 2798 1.
