1795 3086
417 39 733 82 EPISTOLA
768 40 939 83 DCLX
947 41 999 83 V.
1034 40 1294 84 DCLXVI.
1512 40 1568 85 21

50 142 53 154 ¹
99 168 222 207 quein
262 152 395 193 etiam
434 151 787 207 repraesentabo,
836 152 876 192 si
925 152 1170 194 adveneris.
1244 152 1391 194 Etiam
1436 158 1568 208 atque

98 210 229 250 etiam
260 208 370 250 vale.
434 223 495 250 111.
528 207 640 249 Idus
668 206 780 247 hora
809 221 867 248 vi.

258 349 572 392 EPISTOLA
603 348 843 391 DCLXV.
898 347 974 397 (ad
1004 347 1110 390 Div.
1143 349 1278 393 XVI.
1312 351 1394 398 15.)

317 426 399 460 Ser.
424 425 520 470 prid.
548 424 601 458 Id.
628 424 752 469 April.
780 423 912 457 eodem
939 433 1010 466 quo
1036 423 1208 467 superior
1234 435 1342 458 anno.

190 493 298 527 Suam
325 492 370 526 de
396 492 548 526 Tironis
573 491 793 526 valetudine
817 490 1114 525 sollicitudinem
1139 490 1341 538 significat.
1368 494 1469 526 1-2,

586 558 801 593 TULLIUS
829 557 1000 592 TIRONI
1026 557 1065 592 S.

202 628 409 682 Aegypta
438 627 493 668 ad
535 641 605 667 me
644 627 765 668 venit
806 626 954 681 pridie
992 625 1102 666 Idus
1141 624 1335 680 Apriles.
1392 625 1437 665 Is
1478 624 1562 665 etsi

33 717 38 729 ,Ἴ
91 681 200 721 milii
231 683 453 724 nuntiavit
480 687 524 723 te
554 683 682 737 plane
712 682 829 723 febri
860 695 1011 723 carere
1052 685 1095 722 et
1131 681 1247 722 belle
1277 680 1455 730 habere,
1499 685 1562 720 ta-

31 733 37 750 ’
91 751 204 789 men,
242 738 361 792 quod
402 739 583 793 negavit
631 743 674 779 te
713 738 911 792 potuisse
948 737 1004 778 ad
1046 751 1115 777 me
1155 737 1364 788 scribere,
1414 748 1561 775 curam

30 809 32 815 ’
91 793 204 833 mihi
233 794 399 845 attulit,
446 799 492 835 et
528 808 580 835 eo
623 794 779 848 magis,
827 793 948 846 quod
989 792 1190 842 Hermia,
1240 806 1372 847 quem
1410 790 1562 832 eodem

91 849 164 888 die
192 849 345 889 venire
376 854 648 903 oportuerat,
678 863 764 889 non
793 853 987 891 venerat.
1051 848 1320 890 Incredibili
1350 860 1445 888 sum
1473 847 1561 887 sol-

92 904 327 945 licitudine
356 905 412 945 de
457 909 533 946 tua
567 904 849 947 valetudine:
897 919 985 960 qua
1023 904 1063 946 si
1101 919 1172 946 me
1208 903 1433 952 liberaris,
1483 916 1563 955 ego

89 964 134 1000 te
164 961 283 1000 omni
313 974 421 1001 cura
449 961 659 1001 liberabo.
718 961 858 1002 Plura
885 961 1141 1013 scriberem,
1180 960 1221 1001 si
1249 961 1338 1001 iam
1366 965 1562 1014 putarem

92 1016 297 1056 lubenter
344 1020 387 1057 te
438 1017 587 1071 legere
628 1030 770 1070 posse.
848 1018 1079 1071 Ingenium
1126 1021 1263 1067 tuum,
1315 1014 1434 1070 quod
1482 1028 1564 1067 ego

88 1072 275 1111 maximi
305 1071 439 1124 facio,
470 1071 625 1113 confer
655 1072 711 1112 ad
749 1076 792 1113 te
835 1073 951 1113 mihi
990 1072 1162 1125 tibique
1202 1069 1561 1112 conservandum.

89 1127 211 1168 Cura
260 1132 304 1167 te
351 1128 484 1169 etiam
523 1132 653 1182 atque
694 1127 829 1169 etiam
869 1129 1123 1183 diligenter.
1182 1128 1311 1168 Vale.
1386 1124 1600 1178 Scripta2

19 1216 22 1229 ,
88 1184 176 1222 iam
207 1182 408 1237 epistola,
440 1184 626 1224 Hermia
653 1183 789 1225 venit.
846 1184 1015 1238 Accepi
1055 1188 1174 1225 tuam
1212 1182 1447 1237 epistolam
1487 1195 1561 1221 va—

19 1269 24 1275 .
88 1238 346 1280 eillantibus
377 1239 597 1280 literulis:
626 1253 707 1279 nec
736 1239 915 1290 mirum,
955 1244 1046 1280 tam
1075 1239 1204 1293 gravi
1232 1240 1397 1279 morbo.
1464 1236 1561 1290 Ego

88 1293 146 1335 ad
192 1298 236 1335 te
279 1295 532 1349 Aegyptam
583 1296 701 1347 misi,
749 1295 870 1349 quod
911 1309 994 1336 nec
1031 1295 1294 1335 inhumanus
1333 1298 1400 1334 est
1437 1297 1481 1332 et
1518 1298 1561 1331 te

86 1349 208 1390 visus
246 1355 313 1390 est
350 1350 464 1390 mihi
504 1350 714 1406 diligere,
753 1355 801 1391 ut
841 1351 879 1392 is
918 1354 1064 1393 tecum
1105 1355 1244 1393 esset:
1293 1354 1338 1391 et
1373 1362 1470 1391 (zum
1511 1361 1561 1387 eo

87 1418 254 1458 cocum,
284 1419 371 1459 quo
403 1411 590 1448 uterere.
649 1406 779 1447 Vale.

239 1573 554 1616 EPISTOLA
586 1575 844 1618 DCLXVI.
906 1577 984 1629 (ad
1016 1576 1121 1618 Div.
1152 1575 1287 1617 XVI.
1319 1576 1405 1624 10.)

266 1648 347 1682 scr.
376 1649 525 1683 videtur
549 1649 592 1682 A.
620 1649 664 1683 U.
693 1649 733 1684 c.
760 1652 840 1685 700.
889 1652 938 1692 (ἃ.
966 1651 1006 1685 c.
1033 1651 1109 1692 54.)
1134 1650 1174 1683 in
1200 1649 1376 1683 cumano.

86 1716 263 1750 Tironem
290 1716 334 1749 ad
360 1727 397 1750 se
423 1716 554 1749 venire
582 1716 700 1762 cupit,
728 1716 793 1750 sed
819 1718 920 1751 viam
946 1717 1056 1751 timet
1092 1729 1139 1751 ne
1171 1715 1379 1750 valetudini
1419 1720 1558 1746 noceat.

583 1831 797 1866 TULLIUS
823 1832 994 1866 TIRONI
1021 1831 1058 1865 S.

190 1899 290 1951 Ego
320 1912 426 1938 vero
457 1898 588 1952 cupio
618 1903 661 1940 te
700 1898 758 1939 ad
798 1912 865 1939 me
906 1898 1080 1940 venire:
1134 1899 1212 1938 sed
1256 1897 1372 1937 viam
1411 1896 1558 1937 timeo.

83 1953 357 1995 Gravissime
387 1954 653 2008 aegrotastix
704 1954 855 1995 inedia
893 1958 937 1995 et
977 1954 1314 2008 purgationibus
1345 1957 1389 1994 et
1416 1952 1465 1994 vi
1493 1951 1555 2006 ip-

80 2083 169 2105 num
202 2072 282 2105 Lib.
309 2072 358 2104 11.
384 2083 415 2105 c.
444 2074 475 2109 1.
519 2071 628 2106 SGH.
680 2090 723 2097 -
775 2083 934 2117 repraes.
962 2072 985 2105 i.
1015 2083 1043 2105 e.
1083 2082 1159 2106 non
1197 2071 1416 2117 exspectabo
1458 2070 1559 2104 diem

80 2120 239 2163 dictam5
263 2119 526 2153 manumittam
551 2126 589 2154 te
615 2121 728 2154 etiam
753 2128 852 2163 ante,
880 2121 912 2155 si
937 2120 1144 2155 adveneris.
1186 2120 1388 2155 MANUT.
1450 2120 1559 2152 Prae-

79 2174 222 2201 sentem
250 2168 386 2201 faciam
411 2167 510 2201 diem
536 2169 808 2213 promissorum
844 2169 867 2202 i.
903 2181 933 2203 e.
968 2168 1154 2214 promissa
1188 2168 1395 2214 praestabo,
1445 2166 1558 2201 etiam

79 2215 112 2249 si
144 2215 222 2250 dies
263 2215 364 2249 dicta
403 2216 571 2250 nondum
604 2216 809 2251 advenerit.
877 2216 941 2251 Sic
978 2221 1257 2260 repraesentare
1284 2216 1475 2260 pecuniam
1510 2229 1559 2247 z

80 2264 119 2295 in
145 2263 244 2296 diem
280 2270 516 2308 praesentem
549 2276 761 2307 numerare,
802 2276 896 2310 quae
929 2264 970 2297 in
1008 2264 1225 2311 longiorem
1251 2264 1463 2305 deberetur,
1488 2274 1559 2296 vor

81 2311 149 2344 der
174 2311 261 2345 Zeit
285 2311 535 2345 bezahlen.—
556 2313 632 2348 III.
660 2313 714 2346 Id.
740 2324 800 2345 am
827 2315 883 2347 11.
909 2313 1033 2358 April.
1060 2312 1124 2347 Sic
1156 2313 1231 2347 Md.
1259 2313 1310 2355 (c)
1337 2311 1434 2345 Vict.
1462 2313 1493 2344 l.
1522 2312 1556 2344 2.

80 2358 151 2394 IV.
189 2359 245 2391 Id.
284 2360 410 2402 April.
453 2359 582 2397 Lamb.
624 2361 694 2395 IV.
729 2361 816 2395 Idus
847 2360 939 2395 hora
971 2366 1076 2395 sexta
1114 2361 1252 2396 Graev.
1292 2360 1384 2393 Ern.
1419 2358 1555 2392 Bened.

80 2405 168 2439 Sch.
194 2407 287 2439 Liin.
340 2407 535 2442 ORELLI.

177 2455 276 2489 1-2.
310 2455 407 2496 prid.
433 2456 490 2490 Id.
517 2456 657 2500 April„
682 2467 743 2490 am
770 2458 824 2492 12.
849 2456 976 2503 April.
1039 2475 1078 2482 —
1141 2456 1241 2491 omni
1266 2466 1366 2495 cura,
1393 2465 1463 2499 qua
1489 2464 1556 2486 an-

79 2501 251 2549 gebatur.
290 2502 372 2536 Vid.
401 2514 458 2547 ep.
484 2504 654 2548 praeced.
681 2523 727 2530 —
752 2505 899 2547 confer,
924 2504 1060 2539 wende
1084 2516 1143 2541 an.
1179 2525 1219 2530 —
1258 2503 1443 2536 vacillant.
1470 2502 1494 2535 i.
1523 2513 1551 2534 e.

80 2560 155 2582 non
180 2549 387 2594 aequaliter
412 2551 574 2595 scriptis,
599 2552 672 2586 mit
695 2552 908 2587 zitternder
932 2553 1041 2586 Hand
1067 2551 1328 2600 geschrieben.
1355 2569 1402 2576 —
1425 2550 1553 2583 morbo

79 2597 198 2631 Ablat.
229 2608 367 2631 causae.
395 2618 437 2624 —
464 2599 563 2642 Aeg.
589 2600 685 2643 misi,
711 2600 839 2635 Lamb.
868 2601 1003 2634 renaisi.

176 2647 206 2679 1.
257 2646 389 2679 tenire.
424 2645 518 2680 Tiro
544 2647 665 2695 igitur
690 2649 896 2693 scripserat
922 2660 961 2682 se
988 2647 1094 2681 brevi
1121 2652 1331 2680 venturum.
1376 2665 1416 2670 —-
1455 2646 1553 2678 viam

80 2693 100 2723 i.
131 2704 157 2725 e.
188 2704 231 2726 ne
260 2704 344 2727 cum
375 2693 544 2739 periculo
580 2695 678 2730 vitae
712 2696 785 2731 iter
822 2697 1012 2741 suscipias.
1067 2713 1107 2719 -—-
1160 2694 1294 2738 inedia,
1335 2693 1556 2728 abstinentia
