1795 3086
160 37 244 83 124
429 38 491 83 M.
523 39 577 81 Τ.
609 37 946 80 CICERONIS
977 36 1345 80 EPISTOLAE.

156 150 287 193 Bruti
317 155 361 192 et
390 150 536 191 Cassii
566 163 646 203 per
675 153 848 190 senatus
878 150 1142 202 consultum,
1172 150 1235 189 ita
1264 148 1421 189 scribit
1450 152 1494 189 et
1514 148 1623 188 Bal-s

155 208 236 248 bus
266 210 311 248 et
340 206 539 247 Hinius:
571 204 645 258 qui
676 204 869 258 quidem,
911 219 957 246 se
987 209 1195 245 actutum.
1251 203 1428 244 Etenim
1458 204 1545 244 iam
1574 203 1620 243 in

156 263 413 304 Tusculano
454 264 544 300 est:
597 259 810 314 mihique,
859 265 907 300 ut
945 260 1099 311 absim,
1147 259 1432 301 vehementer
1470 262 1622 298 auctor

156 324 245 359 est:
275 322 317 358 et
345 316 422 356 ille
451 315 630 370 quidem
660 316 850 368 periculi
879 328 1032 364 causa3
1064 315 1183 368 quod
1213 313 1298 355 sibi
1329 314 1461 355 etiam
1483 313 1621 354 fuisse

156 374 289 414 dicit:
318 385 402 424 ego
432 375 590 418 autem,
621 372 755 412 etiam
785 376 834 410 ut
862 372 1034 411 nullum
1062 370 1311 424 periculum
1341 370 1414 420 sit,
1453 373 1621 410 tantum

156 431 296 477 abest,
347 431 396 467 ut
438 425 620 466 Antonii
669 426 964 480 suspicionem
1006 425 1158 480 fugere
1200 438 1315 466 nunc
1355 438 1518 476 curem,
1567 437 1622 463 ne

156 484 314 525 videar
343 483 435 523 eius
465 482 671 523 secundis
701 483 831 522 rebus
862 495 946 522 non
977 480 1208 532 delectari,
1250 484 1297 520 ut
1325 479 1437 520 mihi
1467 491 1623 520 causae

157 540 232 588 sit,
264 551 344 579 cur
371 538 560 580 Romam
590 537 740 578 venire
770 537 922 588 nolim,
960 550 1013 578 ne
1052 536 1181 576 illum
1220 535 1408 576 videam.
1475 534 1624 575 Varro

157 598 303 636 autem
330 598 485 634 noster
521 593 578 633 ad
617 606 688 633 me
727 591 961 646 epistolam
1000 593 1122 632 misit
1160 591 1246 631 sibi
1286 604 1312 631 a
1349 590 1498 631 nescio
1539 603 1624 643 quo

156 651 333 692 missam
361 672 415 678 —
444 661 602 689 nomen
632 648 747 689 enim
777 647 947 688 delerat
975 669 1029 675 —
1057 648 1104 687 in
1144 661 1233 701 qua
1270 648 1483 701 scriptum
1527 648 1623 686 erat

154 711 388 748 veteranos
417 717 509 755 ρος,
539 704 617 757 qui
647 703 907 744 reiiciantur
934 725 989 731 --
1017 716 1118 743 nam
1146 706 1314 756 partem
1344 716 1439 743 esse
1470 701 1621 741 dimis-

155 775 248 803 sam
277 759 686 814 —improbissime
726 760 876 813 loqui3
923 762 972 798 ut
1011 771 1170 812 magno
1210 758 1412 811 periculo
1452 756 1624 798 Romae

155 817 246 858 sint
273 816 429 868 futuri,
468 816 546 869 qui
586 816 638 855 ab
668 829 819 856 eorum
858 813 1054 868 partibus
1095 813 1332 853 dissentire
1376 812 1621 853 videantur.

156 873 247 922 Qui
277 885 410 926 porro
440 875 591 911 noster
620 870 710 911 itus
743 870 925 921 reditus,
955 870 1104 910 vultus
1134 869 1331 909 incessus
1352 867 1469 908 inter
1491 867 1626 907 istos?

156 928 290 977 Quod
320 927 375 979 si,
405 931 452 968 ut
480 925 655 978 scribis,
696 926 748 967 L.
788 924 1003 967 Antonius
1045 924 1092 964 in
1132 925 1190 964 D.
1222 923 1424 976 Brutum,
1465 921 1627 977 reliqui

102 1110 121 1123 ,Ι
155 1074 211 1108 dit
236 1073 432 1118 magisque
459 1072 641 1105 infectum
677 1080 822 1103 veneno
859 1066 1118 1101 Caesariano.“
1163 1065 1379 1100 GRONOI'.
1428 1066 1534 1099 Kann
1565 1065 1629 1098 ich

155 1122 268 1155 einen
292 1120 451 1154 Mohren
474 1119 589 1152 weiss
613 1117 819 1151 waschon?

249 1169 282 1203 2.
332 1179 398 1212 per
422 1171 562 1200 senatus
589 1166 786 1199 consultum
813 1164 859 1196 iis
886 1162 1128 1196 decernenda.
1165 1180 1205 1187 -—
1240 1173 1278 1195 se
1303 1166 1464 1196 actutum
1489 1162 1628 1195 Romae

154 1218 338 1255 futurum,
365 1222 405 1249 ut
431 1216 471 1248 in
497 1220 625 1248 senatu
651 1223 797 1258 quoque
832 1211 955 1244 adesse
981 1210 1158 1244 Kalendis
1195 1210 1315 1244 Iuniis
1349 1210 1477 1255 possit.
1529 1210 1625 1242 Nam

159 1276 258 1298 nunc
283 1264 431 1297 Hirtius
457 1269 537 1296 erat
561 1262 600 1294 in
627 1260 862 1301 Tusculan03
897 1264 945 1299 et,
980 1259 1155 1302 quoniam
1190 1259 1388 1302 scripserat
1415 1269 1454 1291 se
1479 1268 1563 1290 mox
1588 1257 1628 1288 in

156 1312 250 1346 urbe
271 1314 455 1351 futurum,
495 1309 678 1355 quaesivit
711 1320 756 1342 ex
791 1318 833 1341 eo
867 1306 1012 1348 Cicero,
1050 1306 1145 1350 quod
1172 1317 1215 1338 ex
1250 1317 1308 1350 ep.
1335 1317 1411 1349 seq.
1441 1304 1627 1352 intelligi-

157 1368 233 1402 tur,
258 1371 304 1393 an
328 1370 417 1393 rure
443 1359 519 1391 iam
543 1357 703 1391 redierit
729 1356 768 1388 in
793 1355 948 1388 urbem:
985 1360 1065 1387 tum
1102 1354 1246 1386 Hirtius
1280 1353 1315 1387 ei
1342 1353 1551 1397 respoudit,
1590 1363 1628 1385 se

156 1419 234 1443 non
266 1407 376 1441 modo
411 1406 581 1448 rediisse,
614 1405 679 1439 sed
712 1404 823 1438 etiam
857 1403 931 1436 iam
966 1401 1178 1435 discessisse
1210 1402 1347 1434 iterum
1384 1412 1429 1435 ex
1465 1401 1556 1434 urbe
1589 1400 1628 1432 in

158 1456 421 1491 Tusculanum.
455 1454 564 1489 SCH.
615 1454 674 1487 Ex
699 1462 775 1495 seq.
803 1452 874 1496 Ep.
900 1449 1096 1483 Hir-tianae
1108 1449 1208 1492 (720)
1234 1449 1357 1482 verbis
1384 1449 1508 1482 utilius
1533 1450 1627 1481 enim

157 1504 268 1539 statui
293 1504 413 1537 abesse
437 1501 580 1537 conieci
606 1499 828 1544 aliquando:
863 1498 925 1542 qui
950 1498 1102 1541 quidem,
1139 1508 1176 1530 se
1202 1498 1401 1538 afuturum.
1435 1496 1507 1531 Md.
1541 1496 1626 1529 Asc.

157 1564 215 1599 pr.
241 1552 343 1587 Crat.
369 1550 465 1584 Vict.
492 1552 524 1585 1.
550 1552 582 1586 2.
617 1553 790 1584 acturum.
832 1545 1026 1581 ORELLI,
1076 1545 1154 1579 Alii
1189 1545 1383 1589 supplent:
1410 1544 1524 1578 Roma
1549 1543 1628 1576 abi-

158 1608 299 1635 turum.
328 1618 370 1625 —
387 1602 526 1632 ”auctor
550 1601 614 1638 est,
641 1596 778 1631 suadet.
810 1614 857 1620 —
887 1594 1045 1638 periculi
1069 1603 1178 1626 causa
1203 1592 1289 1627 scil.
1316 1598 1357 1625 ut
1381 1592 1473 1625 urbe
1497 1591 1627 1630 absim,

157 1654 295 1682 monet.
323 1666 365 1671 —
392 1648 501 1680 etiam
526 1651 566 1679 ut
591 1660 641 1677 :-
665 1650 822 1689 gesetzt,
849 1643 929 1676 dass
955 1642 1064 1676 auch.
1086 1660 1129 1665 -—
1156 1645 1288 1674 tantum
1314 1641 1412 1674 abest
1434 1644 1471 1673 ut
1496 1665 1506 1675 .
1533 1665 1543 1675 .
1568 1643 1628 1678 ul;

159 1710 185 1730 s.
213 1695 361 1731 Ramsh.
388 1696 416 1738 §.
446 1696 527 1734 192,
553 1694 597 1735 A,
624 1695 659 1734 3,
685 1694 731 1727 Ν.
758 1692 904 1725 Grotef.
939 1690 966 1732 §.
993 1691 1076 1732 398,
1101 1689 1209 1722 Anni.
1236 1691 1268 1723 1.
1319 1688 1503 1729 „Gesetzt
1527 1687 1628 1728 aber,

159 1756 199 1778 es
226 1744 280 1778 sei
305 1742 401 1776 auch
428 1742 540 1776 keine
566 1741 698 1775 solche
725 1739 872 1774 Gefahr
896 1751 943 1771 zu
968 1737 1212 1771 befurchten:
1239 1736 1331 1770 weit
1357 1735 1519 1781 gefehlt,
1547 1735 1626 1768 dass

158 1804 197 1827 es
222 1792 300 1825 mir
321 1791 415 1825 ietzt
440 1789 536 1824 noch
561 1802 619 1823 am
645 1790 798 1822 Herzen
824 1788 921 1835 raige,
947 1786 1006 1819 bei
1033 1785 1115 1819 dein
1142 1784 1326 1818 Antonius
1351 1784 1423 1816 den
1437 1782 1629 1816 Verdacht

160 1853 208 1875 zu
231 1839 466 1880 vermeiden,
493 1839 546 1872 als
573 1838 618 1871 ob
645 1837 708 1870 ich
735 1837 827 1870 iiber
853 1835 955 1869 seine
980 1833 1236 1868 Fortschritte
1268 1831 1382 1865 keine
1408 1843 1478 1878 gar
1502 1842 1628 1877 grosse

160 1888 306 1923 Frende
333 1887 466 1934 hegte:
502 1886 563 1920 die
598 1886 729 1920 wahre
763 1883 945 1922 Umache,
986 1893 1132 1915 warum
1167 1879 1232 1913 ich
1268 1879 1377 1919 nicht
1411 1878 1508 1912 nach
1533 1879 1629 1912 Rom

159 1938 340 1971 kommen
365 1947 463 1982 mag,
487 1935 536 1968 ist
562 1935 636 1967 mir
659 1931 851 1966 vielmehr
876 1931 948 1969 die,
994 1931 1063 1962 ilm
1097 1928 1214 1961 nicht·
1239 1928 1309 1960 mit
1343 1927 1477 1973 Augen
1515 1927 1628 1960 sehen

161 1998 209 2020 zu
233 1984 381 2018 diirfen.
415 2001 461 2007 —-
495 1993 626 2015 causae
661 1981 724 2015 Sic
750 1979 904 2024 scripsi,
938 1984 978 2011 ut
1013 1977 1112 2010 infra
1148 1976 1219 2021 Ep.
1249 1979 1281 2010 7.
1332 1976 1370 2008 id
1394 1986 1527 2019 quoque
1554 1985 1631 2007 esse

160 2042 301 2067 causae.
344 2031 417 2065 Md.
461 2030 544 2064 Asc.
572 2034 602 2065 l.
647 2030 747 2064 Crat.
782 2028 879 2062 Vict.
917 2036 1026 2060 causa
1061 2028 1161 2057 esset.
1215 2025 1353 2057 Manut.
1386 2023 1512 2057 hamb.
1546 2024 1629 2057 Bos.

161 2081 275 2125 Seqq.
303 2090 410 2113 causa
435 2079 492 2111 sit.
529 2077 721 2112 ORELLI.

256 2131 290 2163 3,
343 2138 482 2168 nomen,
510 2126 570 2159 die
596 2124 865 2159 Unterschrist.
908 2144 949 2149 —
992 2122 1053 2166 qui
1078 2120 1290 2154 reficiantur
1316 2131 1335 2152 a
1361 2118 1535 2164 portione
1560 2130 1629 2163 pu-

160 2177 254 2211 blici
280 2175 373 2223 agri,
401 2186 509 2218 quem
536 2174 718 2207 Antonius
746 2170 931 2206 veteranis
957 2169 1155 2203 dividebat.
1188 2167 1295 2202 SCH.
1344 2167 1434 2208 „die
1472 2166 1531 2199 bei
1565 2167 1632 2199 der

161 2223 556 2270 L'zindervertheilung
582 2220 861 2255 zuriickstehen
887 2220 1091 2252 mussten.⁴‘
1134 2235 1175 2240 —
1220 2216 1286 2250 Qui
1310 2225 1422 2258 porro
1447 2239 1454 2247 .
1475 2239 1481 2246 .
1501 2239 1509 2246 .
1536 2214 1633 2246 inter

159 2274 279 2307 istos?
328 2271 422 2307 Wie
447 2271 547 2311 aber,
588 2281 702 2303 wenn
736 2268 801 2302 ich
827 2267 922 2300 auch
947 2267 1039 2299 nach
1068 2266 1162 2298 Rom
1196 2263 1341 2303 wollte‚
1384 2261 1460 2295 wie
1494 2261 1629 2309 hinge—

162 2322 329 2369 langen?
356 2320 431 2354 wie
457 2317 810 2351 zuriiekkommen?
843 2314 994 2349 welche
1020 2313 1138 2346 Miene
1163 2311 1402 2344 annehmen?
1427 2309 1502 2343 wie
1529 2309 1632 2343 mich

163 2371 344 2417 betragen
370 2373 483 2400 unter
507 2365 660 2400 solchen
683 2363 910 2399 Menschen‘?
951 2380 997 2387 —-
1040 2361 1083 2394 L.
1119 2360 1302 2393 Antonius
1335 2360 1373 2391 in
1403 2358 1450 2391 D.
1477 2358 1634 2391 Brutum.

164 2419 189 2452 i.
217 2429 248 2452 e.
273 2416 404 2462 quodsi
429 2415 470 2461 14.
497 2413 680 2447 Antonius
705 2412 822 2446 Marci
846 2413 966 2444 frater
991 2410 1030 2442 in
1055 2408 1252 2443 Decimum
1285 2409 1441 2441 Brutum
1476 2405 1633 2439 invehe-

164 2473 237 2499 tur.
279 2465 390 2499 SCH.
439 2463 540 2497 Uber
576 2463 620 2495 D.
656 2462 791 2495 Brutus
825 2470 852 2492 ⁵.
886 2471 917 2492 z.
961 2469 1017 2502 ep.
1060 2458 1128 2492 686
1161 2456 1214 2488 im
1245 2456 1334 2489 Anf.
1368 2466 1438 2489 om.
1478 2454 1634 2487 Brutum

163 2516 259 2547 Man.
286 2512 412 2546 Lamb.
437 2511 533 2544 Viot.
559 2510 592 2543 2.
618 2510 699 2542 Bos.
728 2508 842 2552 Seqq.
869 2508 948 2540 Nec
973 2512 1096 2539 tamen
1120 2504 1199 2537 ulla
1226 2511 1279 2537 est
1305 2514 1422 2539 causa,
1448 2513 1518 2534 cur·
1542 2511 1630 2534 con-

163 2569 223 2596 tra
259 2568 335 2607 opt.
369 2560 459 2594 edd.
493 2557 673 2591 ejiciatur.
711 2557 780 2589 cfr.
807 2555 886 2589 Lib.
915 2557 970 2590 16.
999 2555 1065 2597 Ep.
1095 2555 1148 2586 11.
1178 2558 1248 2585 cet.
1290 2550 1481 2584 ORELLI.
1507 2567 1551 2574 —
1578 2559 1633 2580 ra

169 2609 258 2653 liqui
282 2610 320 2643 in
355 2612 499 2641 nostros
532 2605 771 2639 invehentur.
822 2604 901 2636 Hac
933 2613 1026 2637 voce
1063 2610 1212 2645 semper
1251 2602 1297 2633 M.
1332 2600 1487 2632 Brutum
1521 2602 1558 2629 et
1590 2595 1629 2629 C.

170 2658 338 2691 Cassium
363 2655 545 2702 designat.
573 2653 771 2687 MANUT.
806 2658 847 2684 ut
873 2662 959 2695 epp.
986 2652 1066 2689 711,
1091 2650 1122 2682 4.
1150 2649 1230 2689 680,
1258 2650 1289 2682 2.
1318 2649 1385 2682 720
1410 2645 1474 2679 sub
1499 2645 1562 2676 fin.
1589 2662 1631 2667 --

172 2716 239 2749 quo
267 2731 274 2740 .
300 2735 306 2742 .
332 2708 440 2749 pacto
465 2713 607 2746 geram,
643 2700 730 2735 oder
765 2699 913 2735 welche
951 2696 1177 2744 Massregeln
1212 2695 1285 2731 soll
1322 2694 1383 2729 ich
1415 2691 1629 2739 ergreisen‘f
