1795 3086
172 101 233 150 64
456 102 521 147 Μ.
549 102 608 148 Τ.
637 98 980 147 CICERONIS
1009 97 1384 148 EPISTOLAE.

175 215 371 258 micitias
403 214 604 257 residere
634 213 680 255 in
704 213 894 257 familiis
923 216 1091 258 nostris
1117 215 1377 258 arbitretur.
1436 216 1661 259 Contendi

175 285 276 314 cum
313 272 369 314 P.
400 271 582 322 Clodio,
622 284 758 325 quum
797 285 880 327 ego
920 273 1143 327 publicam
1181 285 1376 322 causam,
1417 272 1499 313 ille
1538 287 1661 314 suam

174 328 452 370 defenderet.
511 326 703 368 Nostras
732 330 1092 370 concertationes
1127 341 1199 370 res
1228 328 1411 384 publica
1438 328 1664 371 diiudica-

173 385 257 427 vit.
318 384 370 425 Si
398 383 601 435 viveret,
640 382 753 424 mihi
794 397 894 425 cum
933 384 1012 426 illo
1042 384 1165 426 nulla
1194 384 1422 426 contentio
1452 385 1541 425 iam
1569 397 1663 426 ma-

176 446 317 482 neret.
377 438 543 492 Quare,
579 439 790 494 quoniam
819 439 908 481 hoc
937 453 964 482 a
992 454 1061 481 me
1091 440 1159 482 sic
1188 440 1321 495 petis,
1350 442 1414 491 ut,
1443 453 1558 495 quae
1587 445 1666 482 tua

176 499 374 552 potestas
416 498 497 547 est,
536 507 589 536 ea
627 508 760 550 neges
790 499 835 537 te
863 508 933 535 me
962 496 1108 538 invito
1139 509 1342 537 usurum:
1382 508 1523 550 puero
1553 509 1664 551 quo-

175 566 261 608 que
291 551 379 593 hoc
419 564 444 592 a
469 564 540 592 me
570 550 713 604 dabis,
743 551 783 592 si
806 551 891 592 tibi
912 551 1165 594 videbitur:
1194 565 1283 594 non
1313 564 1402 606 quo
1434 556 1513 594 aut
1541 556 1666 593 aetas

175 612 333 650 nostra
363 607 416 647 ab
444 606 575 648 ,illius
605 610 752 648 aetate
782 607 1030 662 quidquam
1050 608 1211 649 debeat
1230 606 1420 662 periculi
1441 607 1665 661 suspicari

176 670 252 706 aut
281 663 480 719 dignitas
508 675 608 703 mea
645 663 786 704 ullam
817 664 1146 705 contentionem
1184 664 1465 715 extimescat,
1507 663 1586 705 sed
1616 666 1667 703 ut

175 724 349 762 nosmet
388 719 477 773 ipsi
517 718 638 759 inter
667 732 748 760 nos
796 720 1131 760 coniunctiores
1161 718 1315 769 simus,
1355 733 1487 773 quam
1517 718 1668 760 adhuc

176 777 354 818 fuimus.
432 774 836 828 Interpellantibus
889 776 1008 816 enim
1057 774 1130 816 his
1171 775 1444 827 inimicitiis,
1491 776 1667 817 animus

175 838 278 874 tuus
306 830 424 872 mihi
451 831 595 884 magis
626 831 772 885 patuit
801 843 932 885 quam
955 831 1129 872 domus.
1187 829 1277 871 Sed
1300 829 1411 872 haec
1434 830 1666 872 hactenus.

166 888 303 929 ‘Illud
333 890 610 929 extremum:
650 900 750 941 ego,
791 900 905 941 quae
944 891 990 928 te
1017 887 1133 929 velle
1161 899 1365 941 quaeque
1405 885 1462 927 ad
1492 891 1538 927 te
1566 898 1669 941 per-

176 946 322 986 tinere
363 942 636 992 arbitrabor,
680 956 856 998 semper
894 943 993 985 sine
1033 943 1130 983 ulla
1171 942 1456 983 dubitatione
1499 954 1669 984 summo

176 1000 328 1043 studio
357 997 539 1040 faciam.
598 997 702 1040 Hoc
731 999 867 1042 velim
897 999 982 1042 tibi
1011 999 1192 1055 penitus
1221 997 1506 1054 persuadeas.

347 1134 665 1179 EPISTOLA
697 1134 963 1178 DCXCIV.
1024 1134 1103 1187 (ad
1132 1135 1224 1178 Att.
1254 1135 1389 1178 XIV.
1421 1134 1509 1185 14.)

253 1212 336 1248 Ser.
364 1212 405 1245 in
431 1209 632 1245 Puteolano
659 1222 690 1244 a.
717 1209 752 1244 d.
779 1211 821 1245 V.
850 1210 932 1244 Kal.
958 1210 1043 1245 Mai.
1069 1211 1113 1246 A.
1141 1212 1187 1246 U.
1215 1211 1254 1246 C.
1283 1213 1363 1249 710.
1392 1212 1439 1253 (a.
1466 1210 1508 1245 C.
1535 1211 1611 1255 44.)

179 1275 404 1324 Indignatur
429 1273 470 1316 Q.
497 1271 623 1306 filium
648 1273 833 1307 Parilibus
861 1279 1081 1307 coronatum
1107 1274 1234 1307 fuisse.
1264 1275 1294 1307 l.
1322 1272 1479 1318 exponit
1504 1272 1671 1314 uberius,

180 1324 272 1369 quid
298 1323 339 1357 in
365 1320 534 1357 Caesaris
569 1332 663 1356 nece
684 1321 906 1366 jdesideret3
944 1321 1091 1356 sublato
1128 1322 1228 1356 enim
1264 1328 1430 1367 tyranno
1465 1320 1671 1366 tyrannida

770 1381 938 1404 manere.
966 1371 1070 1406 2—6.

691 1437 870 1472 CICERO
905 1436 1090 1471 ATTICO
1123 1436 1160 1471 S.

292 1507 536 1552 Iteradum
597 1505 762 1550 eadem
808 1504 904 1548 isla
952 1502 1076 1546 mihi.
1163 1503 1415 1546 Coronatus
1473 1503 1670 1554 Quintus

188 1629 384 1665 ORELLI.
430 1627 541 1671 „dass
582 1626 642 1661 Du
676 1623 763 1658 dem
796 1627 927 1657 zai-ten
962 1620 1117 1656 Knaben
1151 1619 1284 1655 solche
1318 1619 1549 1670 Meinungen
1589 1621 1672 1655 ein-

182 1678 377 1716 driickest,
404 1677 634 1723 einpr'cigest.
663 1691 706 1697 -
754 1671 926 1712 residere,
961 1682 1000 1704 es
1026 1670 1224 1718 glommen
1249 1669 1360 1703 noch.
1391 1688 1432 1694 —
1484 1675 1674 1704 concerta-

183 1728 312 1769 tiones,
345 1724 510 1761 H'zindel.
562 1722 627 1758 Sic
660 1723 791 1767 Margo
826 1719 927 1754 Crat.
961 1719 1060 1753 Vict.
1097 1719 1127 1752 l.
1163 1720 1197 1753 2.
1241 1718 1323 1752 Bos.
1357 1715 1470 1762 Seqq.
1507 1719 1556 1758 (E
1595 1718 1670 1753 Md,

183 1775 291 1809 nulla
316 1774 479 1807 varietas
515 1772 698 1812 notatur.)
747 1767 964 1802 intentiones
995 1767 1114 1804 Oxon.
1150 1767 1183 1801 2.
1233 1766 1484 1800 contentiones
1516 1767 1599 1801 Asc.
1639 1769 1672 1801 1.

183 1824 284 1860 Crat.
314 1821 442 1856 Lamb.

280 1872 315 1907 5.
355 1881 448 1916 quae
474 1873 536 1902 tua
559 1871 633 1912 pol.
661 1869 726 1907 est,
752 1875 807 1899 ea.
860 1863 896 1898 S.
923 1862 1075 1898 Ramsh.
1101 1861 1239 1906 §.159,
1267 1862 1302 1903 3,
1329 1872 1362 1895 e.
1408 1881 1450 1888 —-
1499 1872 1611 1907 ‘puero
1639 1872 1671 1906 q.

185 1920 254 1955 hoc
280 1930 303 1953 a
328 1929 384 1952 me
409 1918 534 1959 dabis3
561 1916 772 1963 eleganter,
808 1918 1002 1957 tamquam
1026 1910 1250 1945 beneficium
1276 1920 1413 1944 meum.
1463 1910 1496 1944 E
1530 1921 1572 1943 re
1605 1921 1673 1955 pe-

185 1967 353 2003 cuniaria
387 1966 544 2000 ductum
575 1970 642 2005 est,
684 1963 725 1995 in
769 1972 841 2006 qua
884 1960 1051 1994 dicimur
1092 1958 1136 1992 ab
1181 1957 1310 2001 aliquo
1355 1958 1465 2001 dare,
1511 1957 1671 1992 solvere.
1780 1952 1783 1999 [

184 2015 419 2053 ERNESTI,
468 2024 534 2057 „so
558 2012 668 2047 wirst
693 2013 766 2052 Du,
801 2010 931 2043 sofern
957 2009 1015 2042 Du
1043 2019 1080 2041 es
1105 2007 1170 2040 fiir
1193 2012 1262 2054 gut
1288 2005 1439 2047 findest,
1474 2006 1561 2040 dem
1589 2007 1673 2039 iun·
1780 2025 1783 2075 y

215 2076 262 2099 en
307 2062 458 2098 Clodius
492 2072 529 2095 es
566 2071 641 2094 von
676 2059 746 2092 der
782 2056 882 2091 Seite
917 2055 1147 2095 vox-stenen,
1188 2054 1241 2088 als
1275 2054 1320 2088 ob
1353 2054 1421 2089 ich
1461 2054 1558 2088 auch
1591 2053 1673 2088 ihm

186 2077 307 2147 gamit
339 2111 444 2146 h‘atte
479 2109 590 2143 einen
628 2106 808 2142 Gefallen
841 2104 939 2139 thun
972 2103 1156 2138 wollen.“
1206 2102 1293 2150 Vgl.
1319 2103 1417 2150 App.
1443 2103 1487 2137 A.
1515 2102 1544 2146 5.
1569 2103 1603 2137 3.
1628 2120 1671 2126 -

185 2160 377 2198 videbitur,
410 2162 451 2192 ut
485 2158 641 2191 animum
679 2157 756 2189 eius
781 2152 1018 2187 concilialzmz
1044 2151 1173 2185 reddas
1209 2151 1293 2184 Asc.
1321 2162 1379 2196 pr.
1409 2151 1509 2186 Crat.
1544 2162 1589 2184 ex
1615 2150 1674 2184 in-
1779 2139 1782 2182 Ι

186 2209 324 2255 terpol.
354 2205 552 2242 ORELLI.
580 2223 620 2229 —
650 2214 722 2236 non
747 2213 816 2246 quo
841 2200 986 2243 (Lamb.
1014 2199 1123 2245 quod)
1147 2210 1197 2228 Ξ
1223 2198 1334 2233 nicht
1361 2200 1414 2233 als
1441 2199 1499 2233 ob.
1527 2217 1574 2224 ——
1610 2210 1672 2232 ea:-

189 2259 366 2292 timescat.
417 2254 550 2290 Cicero
576 2252 713 2287 weiset
739 2250 826 2284 dem
851 2248 1037 2283 Antonius
1073 2247 1172 2281 seine
1198 2247 1449 2282 Beherztheit
1482 2258 1555 2281 von
1581 2247 1676 2281 Fer·

1780 2119 1782 2135 γ,
1780 2083 1782 2086 ,
1781 2001 1782 2006 Α
1780 1804 1782 1943 ...ᾼᾼΑΜᾼᾼᾼ
1787 1517 1790 1583 ——n-
1783 963 1790 1102 “me
1784 866 1788 944 ,ve-„.

188 2318 249 2349 ne,
276 2304 352 2340 wie
378 2303 503 2337 dieser
527 2302 623 2347 App.
651 2300 693 2333 A.
721 2298 749 2340 §.
776 2300 799 2333 3
824 2297 894 2331 ihn
921 2296 1015 2331 leise
1041 2294 1229 2329 bedrohet
1254 2295 1370 2329 hatte.
1397 2315 1441 2321 —
1478 2296 1612 2339 interp.
1634 2321 1643 2329 .
1665 2320 1674 2328 .

187 2353 403 2393 inimicitiis,
439 2351 539 2384 denn
563 2360 602 2382 so
627 2348 741 2394 lange
768 2346 867 2380 diese
892 2343 1238 2390 Feindseligkeiten
1265 2343 1462 2377 zwischen
1486 2355 1555 2377 uns
1582 2343 1675 2387 (mir

189 2403 266 2436 und
291 2400 459 2442 Clodius)
485 2399 609 2445 lagen.
659 2414 699 2420 —
752 2395 851 2428 Illud
884 2398 1095 2435 extremum,
1138 2392 1210 2426 Das
1243 2391 1343 2426 noch
1379 2392 1543 2426 zuletzt!
1586 2403 1673 2425 zum

190 2449 387 2486 Schlusse!
430 2466 477 2472 —
527 2454 687 2490 quaeque
713 2443 763 2476 ad
785 2448 819 2476 te
843 2441 1028 2486 pertinere
1055 2441 1146 2478 arb„
1181 2451 1286 2481 „was
1321 2441 1470 2474 meiner
1494 2439 1675 2486 Meinung

191 2499 288 2532 nach
314 2509 361 2531 zu
387 2496 546 2531 Deinem
572 2491 773 2527 wahren
798 2492 986 2525 Interesse
1011 2489 1185 2538 gehoren
1211 2488 1384 2522 durftef‘
1431 2489 1505 2524 Das
1532 2487 1674 2523 konnte

191 2548 327 2583 cicero
353 2544 462 2579 wohl
487 2539 767 2586 versprechen!

289 2597 319 2628 l.
370 2592 554 2626 Iteradum
580 2615 590 2624 .
618 2614 626 2623 .
652 2586 742 2621 mihi
767 2587 916 2628 „Neinl
953 2587 1024 2621 Das
1058 2590 1176 2618 musst
1211 2585 1270 2618 Du
1305 2584 1382 2618 mir
1416 2583 1593 2631 zweimal
1617 2595 1674 2617 sa-

192 2645 283 2678 ffen!
311 2641 437 2677 Was?
472 2638 683 2673 lterandum
708 2635 790 2669 Asc.
817 2635 918 2669 Crat.
945 2634 1039 2667 Vict.
1068 2636 1098 2667 l.
1125 2633 1268 2675 (istaec,
1295 2639 1336 2666 ut
1362 2632 1464 2667 dedit
1489 2631 1608 2665 Bothe
1636 2631 1675 2664 in

190 2672 329 2739 '‘frag-m.
352 2690 497 2723 Ilionae
522 2685 730 2721 Ennianae,
761 2683 912 2717 volebat
944 2682 1017 2715 iam
1042 2682 1222 2717 Faernus.
1274 2680 1412 2715 Reiicit
1448 2679 1606 2714 Kiihner
1630 2679 1676 2713 ad

196 2739 335 2773 Tuscul.
362 2740 395 2773 2.
420 2737 447 2779 §.
474 2737 549 2776 44.)
577 2731 772 2769 ORELLI.
822 2731 944 2764 Verba
981 2741 1000 2763 e
1027 2729 1181 2764 Pacuvii
1212 2728 1350 2763 Ilione.
1388 2730 1437 2762 cf.
1462 2727 1596 2761 Acadd.
1622 2728 1673 2766 11,

219 2788 249 2821 7.
281 2806 321 2812 -·
349 2788 554 2820 coronatus.
596 2780 774 2816 Coronati
803 2778 904 2814 enim
934 2789 1019 2813 eum
1046 2777 1149 2813 tibiis
1176 2783 1213 2813 et
1239 2777 1425 2822 cymbalis
1451 2775 1590 2811 Parilia
1615 2785 1678 2810 ce-
