1795 3086
502 93 819 138 EPISTOLA
851 96 1120 141 DCXCIII.
1495 96 1558 142 59

72 206 290 258 Quamvis
330 205 446 246 enim
486 213 533 247 tu
571 220 733 261 magna
771 210 814 248 et
852 208 966 249 mihi
1006 208 1203 251 iucunda
1233 207 1472 263 scripseris
1501 209 1558 250 de
1595 217 1623 254 2

73 265 131 305 D.
162 263 293 305 Bruti
333 262 525 305 adventu
569 263 625 303 ad
663 276 764 304 suas
804 263 1025 316 legiones,
1065 266 1111 306 in
1141 279 1229 320 quo
1258 279 1383 320 spem
1412 265 1557 306 maxi-

73 333 188 362 mam
226 318 383 360 video:
423 322 584 370 tamen,
622 319 662 359 si
703 323 767 360 est
810 320 975 360 bellum
1013 321 1150 363 civile
1177 321 1394 372 futurum,
1438 321 1559 376 quod

74 381 197 418 certe
226 374 327 427 erit,
357 374 396 415 si
427 373 593 416 Sextus
623 374 670 415 in
701 375 834 416 armis
864 377 1152 429 permanebit,
1193 391 1327 433 quem
1355 390 1559 433 perman-

74 445 226 473 surum
255 444 352 472 esse
381 435 505 472 certo
536 430 657 480 scio;
687 431 796 486 quid
826 430 955 472 nobis
985 431 1239 474 faciendum
1269 434 1354 485 sit,
1386 433 1558 488 ignoro.

75 488 233 543 Neque
262 486 379 528 enim
409 486 498 527 iam
528 486 698 539 licebit,
727 487 849 542 quod
889 487 1098 529 Caesaris
1139 490 1252 530 bello
1295 489 1445 543 licuit,
1485 501 1562 529 ne-

76 558 162 599 que
191 543 281 584 huc
310 555 453 596 neque
483 543 604 584 illuc.
664 544 981 598 Quemcunque
1019 543 1136 586 enim
1174 543 1284 586 haec
1320 559 1423 600 pars
1463 557 1563 598 per-

77 600 273 641 ditorum
321 598 531 640 laetatum
585 599 793 642 Caesaris
836 604 979 641 morte
1030 599 1206 654 putabit
1245 624 1299 630 —-
1342 599 1566 643 laetitiam

78 661 226 698 autem
257 654 534 709 apertissime
564 655 743 697 tulimus
773 669 926 696 omnes
956 677 1010 683 —-
1040 655 1159 696 hunc
1187 655 1235 696 in
1257 655 1456 697 hostium
1484 669 1565 696 nu-

78 725 200 753 mero
239 710 443 752 habebit:
491 725 606 766 quae
645 726 716 753 res
759 713 815 753 ad
864 711 1048 753 caedem
1096 712 1340 754 maximam
1381 715 1566 766 spectat.

78 768 253 820 Restat,
283 772 334 808 ut
362 767 408 808 in
438 773 585 808 castra
615 767 745 809 Sexti
775 773 863 814 aut,
892 766 931 808 si
961 767 1096 821 forte,
1139 767 1273 810 Bruti
1301 781 1385 809 nos
1416 767 1567 808 confe-

80 837 242 865 ramus.
300 822 395 865 Res
425 823 583 865 odiosa
612 828 656 865 et
686 824 830 865 aliena
858 823 1026 865 nostris
1055 823 1290 875 aetatibus,
1320 828 1364 865 et
1392 823 1569 865 incerto

81 880 209 921 exitu
237 879 371 921 belli:
402 884 446 921 et
475 880 627 922 nescio
657 893 746 934 quo
775 883 909 935 pacto
933 880 1015 921 tibi
1047 894 1131 935 ego
1161 880 1344 936 possim,
1374 878 1490 921 mihi
1519 884 1568 921 tu

83 935 251 987 dicere,

195 992 330 1030 Τέκνον
358 993 463 1040 ἐμόν,
491 991 536 1031 οὒ
567 1004 629 1032 τοι
656 994 815 1032 δέδοται
843 991 1037 1043 πολεμήϊα
1066 993 1178 1043 ἔργα,

191 1046 298 1086 Ἀλλά
326 1043 411 1095 σύγ’
436 1045 642 1096 ἱμερόεντα
669 1050 859 1099 μετέρχεο
887 1051 985 1099 ἔργα
1012 1048 1151 1098 λόγοιο.

84 1101 176 1144 Sed
204 1101 317 1143 haec
354 1101 450 1143 sors
490 1103 685 1158 viderit,
734 1118 810 1157 ea,
852 1119 966 1160 quae
1007 1105 1177 1146 talibus
1212 1103 1261 1144 in
1301 1104 1432 1144 rebus
1472 1103 1572 1158 plus
1611 1113 1638 1154 3

86 1172 218 1213 quam
248 1157 364 1199 ratio
393 1162 554 1213 potest.
612 1160 707 1202 Nos
739 1164 881 1202 autem
909 1161 959 1201 id
988 1161 1234 1212 videamus,
1264 1159 1386 1213 quod
1415 1160 1464 1199 in
1493 1173 1573 1201 no-

85 1216 154 1256 bis
196 1214 307 1268 ipsis
349 1227 446 1254 esse
488 1215 636 1268 debet,
676 1220 739 1265 ut,
781 1216 1005 1272 quidquid
1043 1215 1280 1268 acciderit,
1320 1215 1505 1256 fortiter
1532 1220 1578 1256 et

86 1271 312 1324 sapienter
351 1269 543 1312 feramus
582 1276 625 1313 et
665 1272 888 1314 accidisse
933 1271 1188 1313 hominibus
1217 1270 1577 1321 meminerimus3

86 1339 256 1380 nosque
293 1339 427 1379 quum
466 1327 651 1368 multum
692 1328 877 1381 literae,
928 1331 1022 1368 tum
1063 1341 1151 1368 non
1190 1326 1422 1368 minimum
1467 1326 1577 1367 Idus

87 1395 262 1437 quoque
291 1381 484 1424 Martiae
514 1384 815 1426 consolentur.
875 1383 1063 1439 Suscipe
1090 1396 1209 1424 nunc
1238 1396 1380 1424 meam
1410 1382 1577 1424 delibe-
1616 1382 1643 1421 4

88 1437 322 1490 rationem,
352 1451 439 1492 qua
467 1440 722 1482 sollicitor:
751 1439 818 1482 ita
846 1440 988 1482 multa
1017 1439 1203 1483 veniunt
1227 1438 1276 1480 in
1305 1444 1498 1481 mentem
1529 1439 1578 1480 in

92 1583 365 1632 διοτρεφὲς,
390 1594 411 1616 a
435 1584 526 1617 Iove
552 1583 761 1617 immissam
787 1583 949 1619 cladem.
971 1604 1016 1609 -—
1042 1584 1088 1618 ἐν
1114 1581 1219 1631 δοιῇ
1245 1581 1293 1617 δὲ
1318 1595 1352 1617 0.
1379 1580 1404 1625 ἢ
1430 1579 1581 1623 ἆπολ.,

94 1638 284 1669 incertum
310 1632 412 1666 enim
438 1637 509 1672 est,
546 1631 695 1666 salvine
728 1632 851 1665 futuri
883 1644 928 1666 an
954 1632 1155 1667 interituri
1187 1633 1314 1666 simus.
1365 1631 1435 1666 His
1460 1630 1582 1666 versi-

93 1683 190 1718 culis
230 1682 352 1716 utitur
388 1679 534 1718 Cicero,
570 1686 612 1713 ut
643 1679 881 1714 demonstret
913 1691 951 1713 se
984 1681 1028 1715 ob
1054 1680 1225 1726 pericula
1256 1680 1397 1715 horum
1430 1685 1581 1724 tempo·

92 1744 179 1767 rum
203 1741 279 1764 non
305 1734 445 1763 tantam
474 1739 519 1761 ex
545 1733 706 1773 utroque
730 1727 925 1774 praediolo
950 1729 1183 1775 voluptatem
1209 1740 1362 1775 capere,
1397 1732 1579 1773 quantam

93 1780 218 1815 Attico
245 1779 344 1811 forte
367 1787 504 1821 capere
529 1775 715 1810 videatur.
740 1776 850 1810 SCH.

190 1842 223 1876 2.
265 1838 418 1873 adventu
445 1838 485 1871 in
512 1837 677 1871 Galliam
705 1838 936 1881 citeriorem,
973 1837 1038 1871 ubi
1064 1838 1108 1872 D.
1134 1838 1275 1872 Brutus
1310 1843 1392 1872 tres
1425 1836 1587 1871 habebat

0 1898 9 1938 [ζ
96 1889 283 1937 legiones,
320 1898 432 1920 unam
459 1887 642 1928 tironum,
676 1893 872 1921 veteranas
898 1887 1000 1921 duas.
1051 1885 1136 1921 Vid.
1162 1885 1324 1932 Appian.
1361 1885 1406 1919 de
1431 1886 1475 1922 B.
1502 1885 1584 1919 civ.

5 1940 7 1950 ³
95 1938 183 1972 libr.
210 1937 281 1970 ΙΙΙ.
308 1935 508 1970 MANUT.
557 1933 594 1968 S.
622 1947 669 1968 zu
695 1945 752 1981 ep.
780 1936 850 1970 686
875 1934 928 1967 im
956 1935 1042 1968 Ans.
1076 1953 1119 1958 —
1170 1934 1210 1967 in
1235 1946 1303 1979 quo
1329 1934 1414 1968 scil.
1440 1933 1585 1979 reposi-

95 1993 183 2020 tam.
212 2002 255 2009 —
279 1984 413 2018 Sextus
438 1982 654 2028 Pompeius,
681 2002 728 2008 —
766 1993 875 2027 neque
899 1981 967 2016 leuc
991 1993 1105 2026 neque
1129 1981 1218 2015 illuc
1242 1984 1270 2016 i.
1299 1994 1330 2017 e.
1356 1992 1484 2026 neque
1508 1981 1585 2014 iam

98 2034 234 2068 licebit
258 2038 435 2067 neutram
461 2037 611 2076 partem
637 2031 757 2075 sequi,
796 2031 947 2064 neutral
974 2043 1022 2065 zu
1048 2030 1211 2065 bleiben.
1266 2049 1307 2056 —
1358 2029 1449 2064 Ilaec
1481 2040 1585 2074 pars,

97 2081 282 2116 Antonius
307 2080 383 2114 und
408 2080 490 2114 sein
516 2079 692 2126 Anhang.
723 2098 764 2104 —
800 2079 976 2113 Caesaris
1001 2083 1133 2114 morte.
1167 2078 1232 2113 Sic
1257 2078 1330 2112 Md.
1358 2078 1458 2113 Crat.
1485 2078 1585 2112 Vict.

100 2135 131 2166 1.
158 2142 207 2160 z
232 2133 352 2163 morte
378 2128 482 2163 Caes.
509 2128 604 2162 cett.
631 2127 830 2162 ORELLI.
882 2147 927 2152 -
978 2132 1096 2171 apert.
1124 2129 1201 2171 tul„
1239 2126 1362 2161 haben
1388 2127 1463 2161 wir
1488 2138 1587 2175 ganz

99 2176 301 2214 offentlich
327 2178 395 2210 auf
415 2176 484 2210 der
510 2176 616 2211 Stirn
637 2182 836 2224 getragen.
889 2196 931 2200 —
983 2176 1018 2209 si
1032 2176 1155 2218 forte,
1192 2187 1307 2210 wenn
1344 2187 1381 2209 es
1414 2181 1513 2209 etwa
1538 2187 1587 2208 zu

100 2228 224 2261 einem
249 2227 376 2273 Lager
401 2224 463 2259 des
488 2226 626 2259 Brutus
653 2224 833 2258 kommen
858 2225 986 2261 sollte.
1015 2242 1059 2248 —
1086 2228 1119 2257 et
1146 2224 1300 2268 quidem
1331 2224 1472 2257 incerto
1498 2224 1585 2256 exit.

102 2277 147 2316 b.‚
175 2273 330 2309 zumahl
363 2273 408 2307 da
442 2273 509 2307 der
534 2273 716 2321 Ausgang
748 2273 811 2307 des
839 2273 975 2320 Kriegs
1010 2283 1050 2306 so
1089 2272 1282 2319 ungewiss
1318 2272 1377 2306 ist.
1427 2272 1486 2305 An
1512 2270 1586 2304 del.

101 2324 174 2358 hoc
201 2323 262 2357 et?
290 2321 486 2358 ORELLI.
521 2340 568 2346 —
616 2322 738 2354 nescio
764 2332 831 2365 quo
854 2327 974 2365 pacto,
1011 2320 1212 2355 vielleicht
1236 2319 1309 2355 mit
1333 2326 1463 2368 gutem
1490 2319 1520 2352 F
1523 2330 1587 2366 ug.

106 2390 148 2398 —
185 2369 421 2417 μετέρχεο,
460 2380 593 2404 verum
629 2375 670 2403 tu
695 2369 846 2415 placida
872 2380 1101 2414 persequere
1133 2380 1293 2403 munera
1334 2367 1590 2411 eloquentiae,

105 2419 268 2454 sondern
307 2418 377 2453 Dir
409 2418 554 2452 ziemt⁷s
590 2417 651 2450 die
678 2417 915 2451 friedlichen
940 2416 1092 2452 Werke
1127 2417 1194 2450 der
1218 2417 1321 2451 Rede
1354 2428 1401 2450 zu
1427 2415 1587 2448 treiben.

104 2467 226 2502 Verba
258 2472 344 2501 sunt
370 2466 472 2500 Iovis
494 2466 540 2499 ad
565 2466 753 2500 Venerem
785 2477 846 2510 ap.
874 2466 1031 2501 Homer.
1058 2465 1168 2499 Iliad.
1198 2466 1240 2500 E.
1268 2465 1364 2506 428„
1398 2475 1493 2508 quae
1526 2462 1587 2496 Ci-

105 2525 194 2551 cero
222 2515 275 2549 sic
301 2514 347 2548 ad
371 2526 409 2549 se
434 2514 702 2553 accommodat,
728 2520 770 2547 ut
795 2524 865 2559 pro
889 2510 1083 2559 γάμοιο,
1110 2513 1211 2558 quod
1238 2519 1292 2546 est
1311 2511 1410 2556 apud
1428 2513 1590 2556 poetam,

107 2569 264 2609 reponat
290 2559 458 2608 λόγοιο.
510 2562 726 2607 Aliquando
754 2562 887 2596 Cicero
914 2562 994 2608 ipse
1022 2562 1162 2596 diserte
1192 2563 1345 2602 fatetur,
1384 2559 1456 2594 sibi
1481 2560 1589 2606 inge-

107 2613 212 2646 nium
238 2622 314 2646 non
340 2622 418 2645 esse
444 2611 489 2645 ad
513 2618 634 2646 artem
663 2610 956 2656 imperatoriam.
994 2610 1102 2644 SCH.

201 2676 236 2710 3.
265 2673 371 2716 sona,
399 2673 577 2708 Fortuna.
607 2692 650 2698 -
686 2672 832 2713 viderit,
858 2684 895 2706 es
922 2673 975 2708 sei
1003 2672 1068 2705 ihr
1092 2671 1320 2704 iiberlassen.
1372 2667 1502 2715 Vcrgl.
1532 2679 1588 2712 ep.

107 2724 189 2764 691,
218 2724 237 2757 1
265 2733 323 2755 am
350 2721 468 2755 Ende.
523 2740 560 2747 -ε
616 2720 731 2756 αεείιί.
765 2719 856 2754 hom.
892 2732 940 2751 :z
980 2731 1043 2754 nos
1081 2730 1159 2753 esse
1194 2718 1369 2754 homines
1404 2716 1591 2750 Fortunae

108 2770 263 2805 arbitrio
288 2769 473 2804 obnoxios,
