1795 3086
250 92 342 139 320
446 162 453 171 ι
534 97 597 138 Μ.
628 98 687 140 Τ.
720 96 1062 142 CICERONIS
1094 97 1467 143 EPISTOLAE.

401 284 718 327 EPISTOLA
749 285 1072 330 DCCCXXV.
1132 289 1208 340 (ad
1238 288 1344 331 Div.
1376 289 1465 332 XI.
1509 292 1595 341 19.)

390 360 470 396 ser.
497 362 700 407 Vercellis,
725 363 807 398 ΧΠ.
833 364 915 399 Ka1.
943 365 1024 400 lun.
1050 366 1090 399 A.
1119 365 1164 399 n.
1192 365 1233 400 c.
1260 368 1342 401 711.
1381 367 1427 409 (a.
1455 366 1494 400 c.
1523 367 1599 410 43.)

439 434 508 468 Rei
534 434 710 480 publicae
735 435 858 471 vicem
885 437 1016 482 timet5
1042 437 1238 472 Vicetinos
1266 437 1405 471 laudat.
1445 439 1552 474 1—2.

423 520 467 553 D.
494 519 690 554 BRUTUS
717 520 811 554 IMP.
839 520 937 556 COS.
964 521 1071 557 DES.
1099 522 1137 557 S.
1165 524 1209 558 D.
1237 524 1285 557 M.
1312 522 1563 557 CICERONI.

200 627 202 633 ,
358 587 428 629 Ad
457 591 660 629 senatum
690 601 800 642 quas
831 588 990 630 literas
1030 589 1150 642 misi,
1191 590 1327 631 velim
1368 590 1493 644 prius
1535 590 1739 645 perlegas
1794 629 1795 640 2

247 646 305 688 et,
354 644 394 684 si
444 657 534 698 qua
573 644 658 685 tibi
697 644 984 697 videbuntur,
1033 649 1292 689 commutes.
1361 646 1632 688 Necessario
1671 660 1742 687 me
1794 653 1795 662 ¹

247 697 482 754 scripsisse
522 700 619 753 ipse
662 700 1009 741 animadvertes:
1049 714 1151 741 nam
1191 715 1328 755 quum
1367 706 1569 756 putarem
1610 715 1741 756 quar-

247 758 337 796 tam
368 760 411 798 et
442 755 655 797 Martiam
686 756 888 809 legiones
918 768 1092 797 mecum
1122 755 1310 809 futuras,
1341 763 1391 798 ut
1420 759 1571 799 Druso
1601 758 1742 799 Paul-

248 812 382 865 loque
411 811 655 866 pla‘cuerat,
692 813 821 853 vobis
857 811 1226 853 assentientibus:
1278 813 1424 854 minus
1463 814 1519 854 de
1549 814 1740 868 reliquis

246 868 377 909 rebus
426 868 722 908 laborandum
771 867 1044 910 existimavi.
1123 867 1254 909 Nunc
1305 881 1428 920 vero,
1475 882 1610 923 quum
1656 870 1742 910 sim

246 936 346 963 eum
386 923 609 964 tironibus
648 923 964 976 egentissimis,
1007 923 1141 964 valde
1193 928 1238 965 et
1277 937 1418 965 meam
1458 931 1503 965 et
1542 928 1742 966 vestram

246 978 393 1020 vicem
434 979 617 1019 timeam
656 992 836 1020 necesse
867 983 948 1020 est.
1007 978 1212 1020 Vicetini
1253 993 1322 1020 me
1361 984 1408 1020 et
1447 979 1511 1020 M.
1551 980 1742 1021 Brutum

247 1034 486 1090 praecipue
540 1035 792 1075 observant.
879 1034 967 1075 His
1016 1049 1072 1075 ne
1127 1049 1258 1089 quam
1305 1036 1477 1090 patiare
1530 1035 1740 1077 iniuriam

247 1090 353 1130 fieri
383 1090 428 1129 in
459 1093 616 1130 senatu
645 1104 881 1130 vernarum
912 1103 1061 1136 causa,
1101 1103 1127 1130 a
1167 1093 1210 1131 te
1251 1096 1366 1144 peto.
1427 1092 1618 1133 Causam
1659 1091 1739 1132 ha-

247 1147 351 1187 bent
380 1145 610 1199 optimam,
641 1144 845 1187 officium
874 1145 922 1186 in
953 1159 1046 1187 rem
1077 1145 1300 1200 publicam
1330 1160 1564 1200 summum,
1603 1161 1739 1202 genus

342 1359 373 1392 1.
424 1357 562 1392 literas.
613 1356 720 1392 Diess
747 1358 959 1393 Schreiben
985 1358 1105 1392 findet
1133 1359 1216 1392 sich
1244 1357 1353 1392 nicht
1380 1358 1419 1391 in
1446 1358 1573 1392 dIeser
1592 1358 1737 1392 Samm-

245 1407 351 1454 lung.
380 1425 422 1430 -
449 1406 481 1439 si
506 1417 575 1450 qua
601 1407 667 1439 tibi
691 1407 762 1441 vid.
790 1408 868 1441 scil.
896 1406 1169 1441 commutanda.
1211 1426 1259 1432 —
1316 1406 1548 1447 Necessario,
1576 1407 1737 1441 necessi-

247 1461 323 1488 tate
348 1460 512 1496 coactus,
545 1466 610 1488 aus
638 1455 756 1488 Noth.
818 1455 1036 1499 Respondet
1069 1455 1115 1489 ad
1150 1454 1387 1500 superiorem
1413 1455 1627 1500 epistolam,
1667 1468 1738 1500 qua

247 1503 382 1537 Cicero
410 1514 494 1536 eum
521 1502 637 1536 nimis
665 1503 844 1547 cupidum
881 1503 1055 1548 corripit.
1107 1521 1149 1526 —
1202 1504 1381 1545 legiones,
1423 1503 1485 1537 die
1522 1502 1651 1537 bisher
1683 1504 1737 1537 im

247 1550 501 1584 Consulheere
527 1551 590 1583 des
617 1551 764 1584 Hirtius
792 1550 868 1584 und
894 1552 1009 1584 Pansa
1034 1551 1203 1585 standen.
1239 1551 1274 1585 S.
1303 1562 1361 1596 ep.
1387 1552 1468 1593 810,
1498 1553 1528 1585 1.
1573 1569 1617 1576 -
1663 1563 1736 1584 me-

246 1610 326 1632 cum
343 1599 515 1640 sulm-as,
542 1611 589 1632 zu
614 1600 690 1631 mir
716 1605 859 1633 stossen
883 1598 1064 1642 wiirden3
1112 1598 1157 1632 da
1189 1598 1250 1633 die
1285 1598 1452 1632 Consuln
1485 1598 1571 1633 todt
1594 1611 1736 1634 waren.

246 1667 293 1672 —
326 1646 447 1680 Druso
481 1646 647 1680 senatori
681 1646 814 1681 Liviae
849 1647 988 1694 gentis,
1034 1648 1134 1693 patri
1174 1648 1332 1681 fortasse
1366 1646 1499 1681 Liviae
1532 1648 1737 1689 Drusillae,

247 1705 341 1741 quae
369 1695 528 1741 Augusti
555 1705 649 1728 uxor
682 1695 767 1729 fuit.
802 1695 1017 1740 Paulloque.
1056 1695 1098 1728 L.
1127 1695 1294 1729 Aemilio
1330 1695 1475 1736 Paullo,
1515 1694 1580 1740 qui
1605 1696 1737 1729 consul

245 1746 370 1777 fuerat
396 1754 481 1776 cum
509 1743 689 1777 Marcello
714 1745 764 1786 (v.
793 1755 853 1789 ep.
882 1743 962 1777 hui.
990 1743 1044 1777 ed.
1071 1744 1180 1785 213).
1234 1743 1372 1777 Frater
1409 1742 1484 1777 fuit
1518 1745 1566 1777 M.
1598 1744 1737 1789 Lepidi

247 1803 363 1837 eoque
388 1802 474 1825 mox
500 1791 703 1825 triumviro
728 1792 964 1837 proscriptus
990 1798 1055 1826 est.
1090 1791 1292 1827 MANUT.
1342 1790 1412 1825 Die
1438 1791 1632 1838 Legionen
1658 1804 1736 1826 wa-

248 1851 316 1874 ren
342 1839 453 1873 nicht
478 1852 525 1874 zu
551 1840 750 1887 bewegen,
791 1840 872 1874 dass
910 1841 965 1874 sie
1000 1839 1086 1874 sich
1121 1840 1194 1874 mit
1228 1840 1273 1874 D.
1304 1840 1441 1873 Brutus
1477 1840 1733 1888 vereinigten,
1768 1844 1769 1847 ’

246 1888 318 1922 den
344 1888 398 1922 sie
424 1888 478 1922 als
507 1887 618 1922 einen
645 1887 934 1922 Ckisarsmb‘rder
959 1888 1123 1923 hassten.
1178 1906 1218 1913 —
1270 1888 1389 1921 minus
1415 1888 1458 1920 de
1484 1888 1587 1933 reliq.
1614 1889 1733 1930 rebus,

246 1948 336 1982 quas
376 1948 491 1981 quum
525 1943 698 1982 peterem
734 1949 753 1970 a
789 1943 932 1979 senatu,
975 1948 1051 1971 non
1086 1934 1346 1982 impetrabam,
1384 1936 1501 1969 labor.
1542 1936 1656 1978 exist„
1696 1948 1736 1970 so

245 1984 396 2029 glaubte
422 1984 485 2018 ich
511 1983 771 2019 hinsichtlich
797 1985 946 2019 meiner
970 1985 1133 2031 iibrigen
1158 1986 1284 2018 Bitten
1317 1983 1428 2017 nicht
1460 1983 1553 2017 sehr
1578 1984 1735 2018 bekiim-

244 2039 346 2067 mert
371 2032 454 2067 sein
479 2045 526 2067 zu
553 2033 701 2067 diirfen.
730 2054 770 2059 —
801 2037 938 2076 egent„
964 2032 1023 2067 die
1050 2033 1123 2067 den
1149 2032 1334 2066 hochsten
1359 2032 1512 2080 Mangel
1539 2043 1584 2064 an
1606 2032 1734 2066 Allem

244 2080 383 2115 leiden.
433 2100 475 2106 —
526 2092 642 2114 meam
669 2086 702 2114 et
729 2085 891 2115 vestram
915 2080 1030 2114 vicem
1055 2081 1132 2114 tim.
1169 2092 1201 2113 η.
1238 2084 1305 2122 est,
1348 2092 1451 2113 muss
1485 2079 1549 2113 ich
1582 2079 1734 2115 sowohl

244 2140 380 2176 weg-en
406 2129 550 2163 meines
576 2130 631 2163 als
657 2130 778 2164 Eures
804 2130 914 2163 Loses
941 2129 1034 2163 sehr
1058 2129 1097 2162 in
1123 2127 1271 2176 Sorgen
1297 2127 1442 2162 stehen.

339 2203 372 2237 2.
427 2201 601 2244 Vicetini,
635 2201 695 2236 die
722 2201 962 2236 Einwohner
992 2200 1054 2235 des
1091 2198 1259 2248 ietzig'en
1293 2199 1469 2241 Vicenza,
1509 2199 1616 2233 einer
1643 2199 1732 2234 See·
1791 2197 1795 2228 Ῐ

246 2249 343 2284 stadt
375 2249 428 2282 im
463 2249 801 2283 Venezianisehen.
848 2249 1039 2284 Vz'centz'ni
1071 2250 1187 2294 Neap.
1214 2248 1299 2281 Asc.
1329 2250 1359 2282 1.
1395 2247 1567 2282 Weiske.
1596 2248 1731 2282 Bened.
1791 2255 1795 2277 ὶ

243 2297 330 2332 Sch.
357 2297 562 2331 Recentior
588 2304 643 2332 est
669 2299 870 2343 scriptura.
915 2296 1112 2331 ORELLI.
1163 2314 1204 2320 —
1257 2296 1314 2330 M.
1353 2296 1521 2337 Brutum,
1562 2295 1630 2329 der
1664 2298 1733 2332 708

243 2345 428 2380 ebenfalls
454 2345 728 2379 Befehlshaber
753 2347 793 2379 in
819 2341 1049 2379 Obe'ritalien
1074 2356 1250 2392 gewesen
1278 2355 1370 2378 war.
1420 2345 1560 2378 observ.
1588 2343 1731 2379 colunt.
1789 2355 1795 2394 ξ

246 2413 288 2418 -
314 2404 515 2427 vernarum.
550 2394 685 2427 Vernis
709 2399 904 2438 comparat
928 2393 1189 2427 Vicetinorum
1215 2392 1460 2434 adversarios,
1489 2398 1530 2426 ut
1555 2391 1730 2425 homines

243 2453 405 2488 nequam
431 2441 666 2486 abiectosque
692 2442 894 2489 significet.
940 2442 1138 2475 MANUT.
1193 2441 1362 2474 Fortasse
1390 2451 1528 2473 vernae
1550 2446 1635 2474 sunt
1661 2439 1731 2474 ho·
1759 2447 1762 2482 j

243 2491 362 2524 mines
389 2489 563 2524 libertini
599 2496 663 2523 aut
689 2490 840 2524 servilis
866 2488 1091 2523 conditionis
1117 2489 1246 2534 paullo
1270 2495 1355 2522 ante
1379 2488 1420 2521 in
1448 2488 1643 2522 civitatem
1669 2499 1729 2522 re·
1759 2517 1760 2520 ,

243 2538 346 2584 cepti
375 2544 411 2572 et
437 2538 477 2571 in
503 2549 611 2582 agros
636 2537 780 2571 vicinos
819 2537 993 2579 immissi,
1038 2537 1262 2582 quibuscum
1292 2538 1420 2570 fuerat
1444 2536 1624 2570 Vicetinis
1656 2536 1729 2569 ali·
1758 2559 1760 2561 >
1783 2552 1788 2566 l

245 2587 336 2631 quid
364 2586 650 2621 controversiae.
674 2585 783 2620 SCH.
813 2606 854 2611 —
878 2584 1048 2628 officium
1072 2586 1121 2625 in,
1147 2584 1407 2632 Ergebenheit
1431 2595 1566 2632 geg-en.
1593 2603 1634 2609 —
1662 2594 1730 2626 ge-

244 2646 310 2668 nus
332 2633 422 2667 hom.
450 2635 543 2673 adv..
570 2633 634 2667 ihr
659 2633 877 2681 Gegenpart
903 2634 992 2667 aber
1018 2634 1067 2667 ist
1096 2634 1156 2667 ein
1182 2633 1271 2667 sehr
1291 2631 1628 2666 aufriihrerischer
1652 2631 1729 2665 und

244 2682 477 2716 verkehrter
517 2681 662 2729 Schlag-
703 2693 778 2715 von
819 2681 1032 2715 Mensehen.
1083 2681 1365 2715 incertissimum
1400 2680 1466 2714 Cd.
1496 2679 1584 2724 aliq.
1620 2679 1726 2724 prob.
1781 2677 1795 2702 ⁴-

246 2731 382 2764 Graev.
410 2730 569 2775 Recepit
595 2729 683 2765 Sch.
710 2730 802 2763 Liin.
854 2728 926 2764 Sed
953 2730 1216 2764 inertissimum
1250 2729 1287 2762 h.
1315 2729 1342 2763 l.
1370 2735 1426 2763 est
1452 2728 1490 2762 id
1515 2739 1630 2776 genus
1657 2727 1727 2762 ho·
1752 2748 1756 2761 ,-
1791 2759 1795 2771 ί

245 2779 406 2822 minum,
451 2778 548 2823 quod
584 2778 624 2812 in
658 2778 840 2813 bonarum
878 2778 1017 2812 artium
1052 2778 1180 2824 inopia
1218 2789 1333 2824 prave
1367 2777 1448 2824 agit
1472 2782 1508 2810 et
1534 2785 1733 2820 perverse„
1783 2814 1794 2824 s
