<?xml version="1.0" encoding="UTF-8"?>
<!DOCTYPE html PUBLIC "-//W3C//DTD XHTML 1.0 Transitional//EN"
    "http://www.w3.org/TR/xhtml1/DTD/xhtml1-transitional.dtd">
<html xmlns="http://www.w3.org/1999/xhtml" xml:lang="en" lang="en">
 <head>
  <title>
</title>
<meta http-equiv="Content-Type" content="text/html;charset=utf-8" />
  <meta name='ocr-system' content='tesseract 3.04.00' />
  <meta name='ocr-capabilities' content='ocr_page ocr_carea ocr_par ocr_line ocrx_word'/>
</head>
<body>
  <div class='ocr_page' id='page_1' title='image "./epistolaeadattic04ciceuoft_0319.png"; bbox 0 0 1795 3086; ppageno 0'>
   <div class='ocr_carea' id='block_1_1' title="bbox 450 67 1558 118">
    <p class='ocr_par' dir='ltr' id='par_1_1' title="bbox 450 67 1558 118">
     <span class='ocr_line' id='line_1_1' title="bbox 450 67 1558 118; baseline 0.006 -7"><span class='ocrx_word' id='word_1_1' title='bbox 450 67 764 111; x_wconf 79' lang='lat' dir='ltr'><strong>EPISTULA</strong></span> <span class='ocrx_word' id='word_1_2' title='bbox 796 70 1012 113; x_wconf 88' lang='lat' dir='ltr'>DCCCX</span> <span class='ocrx_word' id='word_1_3' title='bbox 1019 70 1148 113; x_wconf 85' lang='lat' dir='ltr'>vm.</span> <span class='ocrx_word' id='word_1_4' title='bbox 1465 69 1558 118; x_wconf 80' lang='grc'>309</span> 
     </span>
    </p>
   </div>
   <div class='ocr_carea' id='block_1_2' title="bbox 61 179 1553 1456">
    <p class='ocr_par' dir='ltr' id='par_1_2' title="bbox 61 179 1553 1456">
     <span class='ocr_line' id='line_1_2' title="bbox 72 179 1553 233; baseline 0.002 -12"><span class='ocrx_word' id='word_1_5' title='bbox 72 179 181 221; x_wconf 88' lang='lat' dir='ltr'>mihi</span> <span class='ocrx_word' id='word_1_6' title='bbox 211 183 333 220; x_wconf 84' lang='lat' dir='ltr'>sunt:</span> <span class='ocrx_word' id='word_1_7' title='bbox 387 193 473 220; x_wconf 89' lang='lat' dir='ltr'>non</span> <span class='ocrx_word' id='word_1_8' title='bbox 512 179 752 221; x_wconf 87' lang='lat' dir='ltr'>mediocris</span> <span class='ocrx_word' id='word_1_9' title='bbox 783 179 1038 222; x_wconf 85' lang='lat' dir='ltr'>adhibenda</span> <span class='ocrx_word' id='word_1_10' title='bbox 1076 182 1187 221; x_wconf 86' lang='lat' dir='ltr'>mihi</span> <span class='ocrx_word' id='word_1_11' title='bbox 1227 183 1296 222; x_wconf 83' lang='lat' dir='ltr'>est</span> <span class='ocrx_word' id='word_1_12' title='bbox 1336 194 1456 233; x_wconf 84' lang='lat' dir='ltr'>cura,</span> <span class='ocrx_word' id='word_1_13' title='bbox 1506 187 1553 224; x_wconf 88' lang='lat' dir='ltr'>ut</span> 
     </span>
     <span class='ocr_line' id='line_1_3' title="bbox 73 235 1553 291; baseline 0.001 -15"><span class='ocrx_word' id='word_1_14' title='bbox 73 236 140 276; x_wconf 91' lang='lat' dir='ltr'>rei</span> <span class='ocrx_word' id='word_1_15' title='bbox 180 236 384 289; x_wconf 85' lang='lat' dir='ltr'>publicae</span> <span class='ocrx_word' id='word_1_16' title='bbox 425 249 495 276; x_wconf 89' lang='lat' dir='ltr'>me</span> <span class='ocrx_word' id='word_1_17' title='bbox 532 235 676 276; x_wconf 88' lang='lat' dir='ltr'>civem</span> <span class='ocrx_word' id='word_1_18' title='bbox 715 235 900 289; x_wconf 80' lang='lat' dir='ltr'>dignum</span> <span class='ocrx_word' id='word_1_19' title='bbox 937 238 1026 276; x_wconf 84' lang='lat' dir='ltr'>tuis</span> <span class='ocrx_word' id='word_1_20' title='bbox 1064 237 1265 278; x_wconf 85' lang='lat' dir='ltr'>laudibus</span> <span class='ocrx_word' id='word_1_21' title='bbox 1305 242 1553 291; x_wconf 75' lang='lat' dir='ltr'>praestem3</span> 
     </span>
     <span class='ocr_line' id='line_1_4' title="bbox 71 290 1551 346; baseline 0.001 -15"><span class='ocrx_word' id='word_1_22' title='bbox 71 292 118 331; x_wconf 88' lang='lat' dir='ltr'>in</span> <span class='ocrx_word' id='word_1_23' title='bbox 152 290 354 332; x_wconf 88' lang='lat' dir='ltr'>amicitia</span> <span class='ocrx_word' id='word_1_24' title='bbox 382 294 459 331; x_wconf 81' lang='lat' dir='ltr'>tua</span> <span class='ocrx_word' id='word_1_25' title='bbox 487 304 729 332; x_wconf 84' lang='lat' dir='ltr'>memorem</span> <span class='ocrx_word' id='word_1_26' title='bbox 759 295 891 344; x_wconf 87' lang='lat' dir='ltr'>atque</span> <span class='ocrx_word' id='word_1_27' title='bbox 921 298 1110 345; x_wconf 84' lang='lat' dir='ltr'>gratum.</span> <span class='ocrx_word' id='word_1_28' title='bbox 1167 292 1300 342; x_wconf 83' lang='lat' dir='ltr'>Quod</span> <span class='ocrx_word' id='word_1_29' title='bbox 1331 293 1551 346; x_wconf 86' lang='lat' dir='ltr'>reliquum</span> 
     </span>
     <span class='ocr_line' id='line_1_5' title="bbox 71 346 1550 401; baseline 0 -14"><span class='ocrx_word' id='word_1_30' title='bbox 71 349 154 397; x_wconf 87' lang='lat' dir='ltr'>est,</span> <span class='ocrx_word' id='word_1_31' title='bbox 183 350 305 387; x_wconf 87' lang='lat' dir='ltr'>tuum</span> <span class='ocrx_word' id='word_1_32' title='bbox 336 359 491 387; x_wconf 90' lang='lat' dir='ltr'>munus</span> <span class='ocrx_word' id='word_1_33' title='bbox 519 350 644 387; x_wconf 88' lang='lat' dir='ltr'>tuere</span> <span class='ocrx_word' id='word_1_34' title='bbox 674 349 719 386; x_wconf 89' lang='lat' dir='ltr'>et</span> <span class='ocrx_word' id='word_1_35' title='bbox 747 360 832 396; x_wconf 87' lang='lat' dir='ltr'>me,</span> <span class='ocrx_word' id='word_1_36' title='bbox 861 346 915 397; x_wconf 88' lang='lat' dir='ltr'>si,</span> <span class='ocrx_word' id='word_1_37' title='bbox 946 361 1074 401; x_wconf 90' lang='lat' dir='ltr'>quem</span> <span class='ocrx_word' id='word_1_38' title='bbox 1107 360 1202 389; x_wconf 88' lang='lat' dir='ltr'>esse</span> <span class='ocrx_word' id='word_1_39' title='bbox 1225 348 1423 399; x_wconf 86' lang='lat' dir='ltr'>voluisti,</span> <span class='ocrx_word' id='word_1_40' title='bbox 1453 361 1550 388; x_wconf 77' lang='lat' dir='ltr'>euni</span> 
     </span>
     <span class='ocr_line' id='line_1_6' title="bbox 69 400 1550 458; baseline 0.001 -16"><span class='ocrx_word' id='word_1_41' title='bbox 69 402 197 442; x_wconf 86' lang='lat' dir='ltr'>exitu</span> <span class='ocrx_word' id='word_1_42' title='bbox 239 402 456 456; x_wconf 87' lang='lat' dir='ltr'>rebusque</span> <span class='ocrx_word' id='word_1_43' title='bbox 503 401 752 454; x_wconf 85' lang='lat' dir='ltr'>cognoscis,</span> <span class='ocrx_word' id='word_1_44' title='bbox 801 400 993 443; x_wconf 83' lang='lat' dir='ltr'>defende</span> <span class='ocrx_word' id='word_1_45' title='bbox 1043 416 1096 442; x_wconf 88' lang='lat' dir='ltr'>ac</span> <span class='ocrx_word' id='word_1_46' title='bbox 1135 403 1324 458; x_wconf 83' lang='lat' dir='ltr'>suscipe.</span> <span class='ocrx_word' id='word_1_47' title='bbox 1401 404 1550 453; x_wconf 82' lang='lat' dir='ltr'>Quum</span> 
     </span>
     <span class='ocr_line' id='line_1_7' title="bbox 69 456 1551 511; baseline 0 -13"><span class='ocrx_word' id='word_1_48' title='bbox 69 457 341 498; x_wconf 83' lang='lat' dir='ltr'>Rhodanum</span> <span class='ocrx_word' id='word_1_49' title='bbox 369 456 519 510; x_wconf 88' lang='lat' dir='ltr'>copias</span> <span class='ocrx_word' id='word_1_50' title='bbox 550 456 826 497; x_wconf 78' lang='lat' dir='ltr'>traiecissem</span> <span class='ocrx_word' id='word_1_51' title='bbox 857 456 1129 511; x_wconf 81' lang='lat' dir='ltr'>fratremque</span> <span class='ocrx_word' id='word_1_52' title='bbox 1158 473 1254 498; x_wconf 82' lang='lat' dir='ltr'>cum</span> <span class='ocrx_word' id='word_1_53' title='bbox 1287 459 1428 500; x_wconf 82' lang='lat' dir='ltr'>tribus</span> <span class='ocrx_word' id='word_1_54' title='bbox 1450 459 1551 499; x_wconf 89' lang='lat' dir='ltr'>mil-</span> 
     </span>
     <span class='ocr_line' id='line_1_8' title="bbox 68 512 1550 568; baseline 0.001 -15"><span class='ocrx_word' id='word_1_55' title='bbox 68 514 187 554; x_wconf 89' lang='lat' dir='ltr'>libus</span> <span class='ocrx_word' id='word_1_56' title='bbox 218 512 419 568; x_wconf 89' lang='lat' dir='ltr'>equitum</span> <span class='ocrx_word' id='word_1_57' title='bbox 448 513 791 566; x_wconf 84' lang='lat' dir='ltr'>praemisissem,</span> <span class='ocrx_word' id='word_1_58' title='bbox 840 512 937 567; x_wconf 92' lang='lat' dir='ltr'>ipse</span> <span class='ocrx_word' id='word_1_59' title='bbox 980 513 1070 554; x_wconf 86' lang='lat' dir='ltr'>iter</span> <span class='ocrx_word' id='word_1_60' title='bbox 1098 513 1155 553; x_wconf 90' lang='lat' dir='ltr'>ad</span> <span class='ocrx_word' id='word_1_61' title='bbox 1188 513 1410 555; x_wconf 85' lang='lat' dir='ltr'>Mutinam</span> <span class='ocrx_word' id='word_1_62' title='bbox 1441 515 1550 555; x_wconf 90' lang='lat' dir='ltr'>diri-</span> 
     </span>
     <span class='ocr_line' id='line_1_9' title="bbox 67 567 1553 622; baseline 0.002 -14"><span class='ocrx_word' id='word_1_63' title='bbox 67 583 241 622; x_wconf 85' lang='lat' dir='ltr'>gerem:</span> <span class='ocrx_word' id='word_1_64' title='bbox 289 568 335 608; x_wconf 90' lang='lat' dir='ltr'>in</span> <span class='ocrx_word' id='word_1_65' title='bbox 374 567 537 609; x_wconf 87' lang='lat' dir='ltr'>itinere</span> <span class='ocrx_word' id='word_1_66' title='bbox 577 568 632 609; x_wconf 90' lang='lat' dir='ltr'>de</span> <span class='ocrx_word' id='word_1_67' title='bbox 663 569 838 621; x_wconf 88' lang='lat' dir='ltr'>proelio</span> <span class='ocrx_word' id='word_1_68' title='bbox 866 568 988 610; x_wconf 82' lang='lat' dir='ltr'>sacto</span> <span class='ocrx_word' id='word_1_69' title='bbox 1025 569 1255 622; x_wconf 82' lang='lat' dir='ltr'>Brutoque</span> <span class='ocrx_word' id='word_1_70' title='bbox 1294 573 1340 610; x_wconf 89' lang='lat' dir='ltr'>et</span> <span class='ocrx_word' id='word_1_71' title='bbox 1378 570 1553 611; x_wconf 84' lang='lat' dir='ltr'>Mutina</span> 
     </span>
     <span class='ocr_line' id='line_1_10' title="bbox 67 623 1551 666; baseline 0.001 -1"><span class='ocrx_word' id='word_1_72' title='bbox 67 623 299 665; x_wconf 89' lang='lat' dir='ltr'>obsidione</span> <span class='ocrx_word' id='word_1_73' title='bbox 349 623 548 664; x_wconf 88' lang='lat' dir='ltr'>liberatis</span> <span class='ocrx_word' id='word_1_74' title='bbox 593 624 757 664; x_wconf 86' lang='lat' dir='ltr'>audivi.</span> <span class='ocrx_word' id='word_1_75' title='bbox 833 623 1142 665; x_wconf 84' lang='lat' dir='ltr'>Animadverti</span> <span class='ocrx_word' id='word_1_76' title='bbox 1190 625 1362 664; x_wconf 90' lang='lat' dir='ltr'>nullum</span> <span class='ocrx_word' id='word_1_77' title='bbox 1413 627 1551 666; x_wconf 88' lang='lat' dir='ltr'>alium</span> 
     </span>
     <span class='ocr_line' id='line_1_11' title="bbox 68 678 1551 734; baseline 0.001 -14"><span class='ocrx_word' id='word_1_78' title='bbox 68 684 291 734; x_wconf 88' lang='lat' dir='ltr'>receptum</span> <span class='ocrx_word' id='word_1_79' title='bbox 340 678 579 720; x_wconf 84' lang='lat' dir='ltr'>Antonium</span> <span class='ocrx_word' id='word_1_80' title='bbox 630 679 949 734; x_wconf 80' lang='lat' dir='ltr'>reliquiasque,</span> <span class='ocrx_word' id='word_1_81' title='bbox 995 693 1110 734; x_wconf 88' lang='lat' dir='ltr'>quae</span> <span class='ocrx_word' id='word_1_82' title='bbox 1161 693 1261 720; x_wconf 92' lang='lat' dir='ltr'>cum</span> <span class='ocrx_word' id='word_1_83' title='bbox 1301 694 1354 720; x_wconf 90' lang='lat' dir='ltr'>eo</span> <span class='ocrx_word' id='word_1_84' title='bbox 1393 686 1551 732; x_wconf 87' lang='lat' dir='ltr'>essent,</span> 
     </span>
     <span class='ocr_line' id='line_1_12' title="bbox 68 734 1551 791; baseline 0.001 -15"><span class='ocrx_word' id='word_1_85' title='bbox 68 735 233 776; x_wconf 85' lang='lat' dir='ltr'>habere</span> <span class='ocrx_word' id='word_1_86' title='bbox 261 734 351 775; x_wconf 88' lang='lat' dir='ltr'>nisi</span> <span class='ocrx_word' id='word_1_87' title='bbox 380 734 428 775; x_wconf 86' lang='lat' dir='ltr'>in</span> <span class='ocrx_word' id='word_1_88' title='bbox 457 734 527 776; x_wconf 90' lang='lat' dir='ltr'>his</span> <span class='ocrx_word' id='word_1_89' title='bbox 558 735 783 790; x_wconf 87' lang='lat' dir='ltr'>partibus:</span> <span class='ocrx_word' id='word_1_90' title='bbox 826 734 1023 789; x_wconf 88' lang='lat' dir='ltr'>duasque</span> <span class='ocrx_word' id='word_1_91' title='bbox 1062 734 1105 775; x_wconf 90' lang='lat' dir='ltr'>ei</span> <span class='ocrx_word' id='word_1_92' title='bbox 1134 748 1234 789; x_wconf 90' lang='lat' dir='ltr'>spes</span> <span class='ocrx_word' id='word_1_93' title='bbox 1264 748 1361 776; x_wconf 89' lang='lat' dir='ltr'>esse</span> <span class='ocrx_word' id='word_1_94' title='bbox 1390 750 1551 791; x_wconf 88' lang='lat' dir='ltr'>propo-</span> 
     </span>
     <span class='ocr_line' id='line_1_13' title="bbox 66 789 1550 847; baseline 0.001 -15"><span class='ocrx_word' id='word_1_95' title='bbox 66 791 190 843; x_wconf 82' lang='lat' dir='ltr'>sitas,</span> <span class='ocrx_word' id='word_1_96' title='bbox 220 804 350 832; x_wconf 86' lang='lat' dir='ltr'>unam</span> <span class='ocrx_word' id='word_1_97' title='bbox 379 790 545 845; x_wconf 90' lang='lat' dir='ltr'>Lepidi</span> <span class='ocrx_word' id='word_1_98' title='bbox 575 791 730 846; x_wconf 90' lang='lat' dir='ltr'>ipsius,</span> <span class='ocrx_word' id='word_1_99' title='bbox 760 791 945 832; x_wconf 85' lang='lat' dir='ltr'>alteram</span> <span class='ocrx_word' id='word_1_100' title='bbox 973 789 1214 831; x_wconf 86' lang='lat' dir='ltr'>exercitus.</span> <span class='ocrx_word' id='word_1_101' title='bbox 1259 791 1392 840; x_wconf 85' lang='lat' dir='ltr'>Quod</span> <span class='ocrx_word' id='word_1_102' title='bbox 1416 805 1550 847; x_wconf 88' lang='lat' dir='ltr'>quae-</span> 
     </span>
     <span class='ocr_line' id='line_1_14' title="bbox 64 845 1550 901; baseline 0.001 -15"><span class='ocrx_word' id='word_1_103' title='bbox 64 847 166 887; x_wconf 86' lang='lat' dir='ltr'>dam</span> <span class='ocrx_word' id='word_1_104' title='bbox 195 860 298 900; x_wconf 82' lang='lat' dir='ltr'>pars</span> <span class='ocrx_word' id='word_1_105' title='bbox 327 846 556 888; x_wconf 87' lang='lat' dir='ltr'>exercitus</span> <span class='ocrx_word' id='word_1_106' title='bbox 586 860 673 886; x_wconf 90' lang='lat' dir='ltr'>non</span> <span class='ocrx_word' id='word_1_107' title='bbox 702 846 844 887; x_wconf 88' lang='lat' dir='ltr'>minus</span> <span class='ocrx_word' id='word_1_108' title='bbox 868 845 1039 887; x_wconf 85' lang='lat' dir='ltr'>furiosa</span> <span class='ocrx_word' id='word_1_109' title='bbox 1069 850 1151 898; x_wconf 84' lang='lat' dir='ltr'>est,</span> <span class='ocrx_word' id='word_1_110' title='bbox 1182 860 1313 901; x_wconf 87' lang='lat' dir='ltr'>quam</span> <span class='ocrx_word' id='word_1_111' title='bbox 1343 847 1420 901; x_wconf 92' lang='lat' dir='ltr'>qui</span> <span class='ocrx_word' id='word_1_112' title='bbox 1450 861 1550 887; x_wconf 92' lang='lat' dir='ltr'>cum</span> 
     </span>
     <span class='ocr_line' id='line_1_15' title="bbox 66 901 1549 957; baseline 0.001 -15"><span class='ocrx_word' id='word_1_113' title='bbox 66 902 261 942; x_wconf 77' lang='lat' dir='ltr'>Antonio</span> <span class='ocrx_word' id='word_1_114' title='bbox 292 901 487 954; x_wconf 89' lang='lat' dir='ltr'>suerunt,</span> <span class='ocrx_word' id='word_1_115' title='bbox 518 902 765 956; x_wconf 85' lang='lat' dir='ltr'>equitatum</span> <span class='ocrx_word' id='word_1_116' title='bbox 796 902 1029 943; x_wconf 82' lang='lat' dir='ltr'>revocavi:</span> <span class='ocrx_word' id='word_1_117' title='bbox 1072 903 1167 957; x_wconf 90' lang='lat' dir='ltr'>ipse</span> <span class='ocrx_word' id='word_1_118' title='bbox 1207 904 1253 943; x_wconf 89' lang='lat' dir='ltr'>in</span> <span class='ocrx_word' id='word_1_119' title='bbox 1291 902 1549 957; x_wconf 81' lang='lat' dir='ltr'>Allobrogi-</span> 
     </span>
     <span class='ocr_line' id='line_1_16' title="bbox 64 957 1549 1011; baseline -0.001 -12"><span class='ocrx_word' id='word_1_120' title='bbox 64 959 145 999; x_wconf 90' lang='lat' dir='ltr'>bus</span> <span class='ocrx_word' id='word_1_121' title='bbox 175 958 372 1009; x_wconf 87' lang='lat' dir='ltr'>constiti,</span> <span class='ocrx_word' id='word_1_122' title='bbox 411 962 462 998; x_wconf 91' lang='lat' dir='ltr'>ut</span> <span class='ocrx_word' id='word_1_123' title='bbox 498 957 684 1011; x_wconf 90' lang='lat' dir='ltr'>proinde</span> <span class='ocrx_word' id='word_1_124' title='bbox 714 957 771 997; x_wconf 89' lang='lat' dir='ltr'>ad</span> <span class='ocrx_word' id='word_1_125' title='bbox 801 957 949 998; x_wconf 87' lang='lat' dir='ltr'>omnia</span> <span class='ocrx_word' id='word_1_126' title='bbox 976 964 1157 1011; x_wconf 84' lang='lat' dir='ltr'>paratus</span> <span class='ocrx_word' id='word_1_127' title='bbox 1186 971 1342 1011; x_wconf 86' lang='lat' dir='ltr'>essem,</span> <span class='ocrx_word' id='word_1_128' title='bbox 1383 971 1436 998; x_wconf 87' lang='lat' dir='ltr'>ac</span> <span class='ocrx_word' id='word_1_129' title='bbox 1478 971 1549 998; x_wconf 90' lang='lat' dir='ltr'>res</span> 
     </span>
     <span class='ocr_line' id='line_1_17' title="bbox 63 1011 1552 1060; baseline 0 -7"><span class='ocrx_word' id='word_1_130' title='bbox 63 1027 133 1053; x_wconf 89' lang='lat' dir='ltr'>me</span> <span class='ocrx_word' id='word_1_131' title='bbox 162 1017 374 1054; x_wconf 87' lang='lat' dir='ltr'>moneret.</span> <span class='ocrx_word' id='word_1_132' title='bbox 431 1011 482 1053; x_wconf 89' lang='lat' dir='ltr'>Si</span> <span class='ocrx_word' id='word_1_133' title='bbox 511 1012 656 1054; x_wconf 89' lang='lat' dir='ltr'>nudus</span> <span class='ocrx_word' id='word_1_134' title='bbox 696 1012 784 1053; x_wconf 90' lang='lat' dir='ltr'>huc</span> <span class='ocrx_word' id='word_1_135' title='bbox 821 1026 868 1054; x_wconf 90' lang='lat' dir='ltr'>se</span> <span class='ocrx_word' id='word_1_136' title='bbox 896 1012 1120 1055; x_wconf 84' lang='lat' dir='ltr'>Antonius</span> <span class='ocrx_word' id='word_1_137' title='bbox 1159 1013 1375 1060; x_wconf 85' lang='lat' dir='ltr'>conferet,</span> <span class='ocrx_word' id='word_1_138' title='bbox 1413 1013 1552 1054; x_wconf 85' lang='lat' dir='ltr'>facile</span> 
     </span>
     <span class='ocr_line' id='line_1_18' title="bbox 63 1067 1550 1124; baseline 0.001 -15"><span class='ocrx_word' id='word_1_139' title='bbox 63 1067 124 1109; x_wconf 83' lang='lat' dir='ltr'>mi</span> <span class='ocrx_word' id='word_1_140' title='bbox 152 1068 313 1110; x_wconf 77' lang='lat' dir='ltr'>videor</span> <span class='ocrx_word' id='word_1_141' title='bbox 355 1082 437 1122; x_wconf 87' lang='lat' dir='ltr'>per</span> <span class='ocrx_word' id='word_1_142' title='bbox 471 1082 542 1109; x_wconf 91' lang='lat' dir='ltr'>me</span> <span class='ocrx_word' id='word_1_143' title='bbox 583 1069 801 1109; x_wconf 82' lang='lat' dir='ltr'>sustinere</span> <span class='ocrx_word' id='word_1_144' title='bbox 839 1082 968 1124; x_wconf 90' lang='lat' dir='ltr'>posse</span> <span class='ocrx_word' id='word_1_145' title='bbox 1007 1082 1190 1123; x_wconf 88' lang='lat' dir='ltr'>remque</span> <span class='ocrx_word' id='word_1_146' title='bbox 1230 1071 1454 1123; x_wconf 87' lang='lat' dir='ltr'>publicam</span> <span class='ocrx_word' id='word_1_147' title='bbox 1496 1082 1550 1110; x_wconf 73' lang='lat' dir='ltr'>ex</span> 
     </span>
     <span class='ocr_line' id='line_1_19' title="bbox 64 1123 1548 1179; baseline 0 -14"><span class='ocrx_word' id='word_1_148' title='bbox 64 1128 214 1165; x_wconf 86' lang='lat' dir='ltr'>vestra</span> <span class='ocrx_word' id='word_1_149' title='bbox 241 1125 466 1165; x_wconf 87' lang='lat' dir='ltr'>sententia</span> <span class='ocrx_word' id='word_1_150' title='bbox 503 1124 835 1176; x_wconf 88' lang='lat' dir='ltr'>administrare,</span> <span class='ocrx_word' id='word_1_151' title='bbox 878 1126 1083 1179; x_wconf 88' lang='lat' dir='ltr'>quamvis</span> <span class='ocrx_word' id='word_1_152' title='bbox 1129 1127 1184 1166; x_wconf 86' lang='lat' dir='ltr'>ab</span> <span class='ocrx_word' id='word_1_153' title='bbox 1223 1124 1427 1166; x_wconf 82' lang='lat' dir='ltr'>exercitu</span> <span class='ocrx_word' id='word_1_154' title='bbox 1466 1123 1548 1165; x_wconf 81' lang='lat' dir='ltr'>Le-</span> 
     </span>
     <span class='ocr_line' id='line_1_20' title="bbox 64 1179 1549 1235; baseline 0.001 -15"><span class='ocrx_word' id='word_1_155' title='bbox 64 1180 161 1235; x_wconf 90' lang='lat' dir='ltr'>pidi</span> <span class='ocrx_word' id='word_1_156' title='bbox 192 1179 457 1234; x_wconf 85' lang='lat' dir='ltr'>recipiatur.-</span> <span class='ocrx_word' id='word_1_157' title='bbox 505 1179 545 1220; x_wconf 92' lang='lat' dir='ltr'>si</span> <span class='ocrx_word' id='word_1_158' title='bbox 574 1193 682 1220; x_wconf 76' lang='lat' dir='ltr'>vero</span> <span class='ocrx_word' id='word_1_159' title='bbox 713 1181 942 1234; x_wconf 88' lang='lat' dir='ltr'>copiarum</span> <span class='ocrx_word' id='word_1_160' title='bbox 971 1179 1146 1235; x_wconf 87' lang='lat' dir='ltr'>aliquid</span> <span class='ocrx_word' id='word_1_161' title='bbox 1177 1194 1326 1221; x_wconf 88' lang='lat' dir='ltr'>secum</span> <span class='ocrx_word' id='word_1_162' title='bbox 1356 1181 1549 1221; x_wconf 83' lang='lat' dir='ltr'>adducet</span> 
     </span>
     <span class='ocr_line' id='line_1_21' title="bbox 63 1235 1549 1291; baseline -0.001 -13"><span class='ocrx_word' id='word_1_163' title='bbox 63 1240 108 1278; x_wconf 90' lang='lat' dir='ltr'>et</span> <span class='ocrx_word' id='word_1_164' title='bbox 137 1236 177 1276; x_wconf 90' lang='lat' dir='ltr'>si</span> <span class='ocrx_word' id='word_1_165' title='bbox 207 1235 382 1276; x_wconf 89' lang='lat' dir='ltr'>decima</span> <span class='ocrx_word' id='word_1_166' title='bbox 409 1235 531 1288; x_wconf 83' lang='lat' dir='ltr'>legio</span> <span class='ocrx_word' id='word_1_167' title='bbox 561 1239 785 1281; x_wconf 85' lang='lat' dir='ltr'>veterana,</span> <span class='ocrx_word' id='word_1_168' title='bbox 826 1249 938 1289; x_wconf 90' lang='lat' dir='ltr'>quae</span> <span class='ocrx_word' id='word_1_169' title='bbox 969 1241 1124 1276; x_wconf 86' lang='lat' dir='ltr'>nostra</span> <span class='ocrx_word' id='word_1_170' title='bbox 1164 1250 1299 1291; x_wconf 88' lang='lat' dir='ltr'>opera</span> <span class='ocrx_word' id='word_1_171' title='bbox 1340 1240 1549 1278; x_wconf 76' lang='lat' dir='ltr'>revocata</span> 
     </span>
     <span class='ocr_line' id='line_1_22' title="bbox 63 1290 1547 1345; baseline 0 -13"><span class='ocrx_word' id='word_1_172' title='bbox 63 1306 161 1332; x_wconf 90' lang='lat' dir='ltr'>cum</span> <span class='ocrx_word' id='word_1_173' title='bbox 193 1291 381 1345; x_wconf 86' lang='lat' dir='ltr'>reliquis</span> <span class='ocrx_word' id='word_1_174' title='bbox 412 1294 492 1336; x_wconf 87' lang='lat' dir='ltr'>est,</span> <span class='ocrx_word' id='word_1_175' title='bbox 521 1290 578 1330; x_wconf 85' lang='lat' dir='ltr'>ad</span> <span class='ocrx_word' id='word_1_176' title='bbox 608 1291 795 1331; x_wconf 89' lang='lat' dir='ltr'>eundem</span> <span class='ocrx_word' id='word_1_177' title='bbox 825 1291 1022 1331; x_wconf 86' lang='lat' dir='ltr'>furorem</span> <span class='ocrx_word' id='word_1_178' title='bbox 1054 1291 1262 1332; x_wconf 85' lang='lat' dir='ltr'>redierit:</span> <span class='ocrx_word' id='word_1_179' title='bbox 1302 1296 1463 1343; x_wconf 83' lang='lat' dir='ltr'>tamen,</span> <span class='ocrx_word' id='word_1_180' title='bbox 1493 1306 1547 1332; x_wconf 87' lang='lat' dir='ltr'>ne</span> 
     </span>
     <span class='ocr_line' id='line_1_23' title="bbox 61 1345 1547 1402; baseline 0 -15"><span class='ocrx_word' id='word_1_181' title='bbox 61 1346 173 1402; x_wconf 90' lang='lat' dir='ltr'>quid</span> <span class='ocrx_word' id='word_1_182' title='bbox 202 1346 461 1387; x_wconf 87' lang='lat' dir='ltr'>detrimenti</span> <span class='ocrx_word' id='word_1_183' title='bbox 491 1345 588 1397; x_wconf 80' lang='lat' dir='ltr'>fiat,</span> <span class='ocrx_word' id='word_1_184' title='bbox 619 1346 802 1386; x_wconf 84' lang='lat' dir='ltr'>dabitur</span> <span class='ocrx_word' id='word_1_185' title='bbox 831 1359 965 1400; x_wconf 88' lang='lat' dir='ltr'>opera</span> <span class='ocrx_word' id='word_1_186' title='bbox 995 1360 1022 1387; x_wconf 87' lang='lat' dir='ltr'>a</span> <span class='ocrx_word' id='word_1_187' title='bbox 1050 1357 1144 1397; x_wconf 77' lang='lat' dir='ltr'>me3</span> <span class='ocrx_word' id='word_1_188' title='bbox 1175 1347 1310 1401; x_wconf 90' lang='lat' dir='ltr'>idque</span> <span class='ocrx_word' id='word_1_189' title='bbox 1337 1361 1405 1388; x_wconf 89' lang='lat' dir='ltr'>me</span> <span class='ocrx_word' id='word_1_190' title='bbox 1423 1361 1547 1400; x_wconf 86' lang='lat' dir='ltr'>prae—</span> 
     </span>
     <span class='ocr_line' id='line_1_24' title="bbox 62 1401 1547 1456; baseline -0.001 -12"><span class='ocrx_word' id='word_1_191' title='bbox 62 1407 281 1444; x_wconf 85' lang='lat' dir='ltr'>staturum</span> <span class='ocrx_word' id='word_1_192' title='bbox 310 1414 456 1455; x_wconf 88' lang='lat' dir='ltr'>spero,</span> <span class='ocrx_word' id='word_1_193' title='bbox 505 1401 610 1442; x_wconf 88' lang='lat' dir='ltr'>dum</span> <span class='ocrx_word' id='word_1_194' title='bbox 649 1401 786 1443; x_wconf 85' lang='lat' dir='ltr'>istinc</span> <span class='ocrx_word' id='word_1_195' title='bbox 823 1402 979 1456; x_wconf 87' lang='lat' dir='ltr'>copiae</span> <span class='ocrx_word' id='word_1_196' title='bbox 1027 1402 1316 1443; x_wconf 83' lang='lat' dir='ltr'>traiiciantur</span> <span class='ocrx_word' id='word_1_197' title='bbox 1364 1404 1547 1444; x_wconf 85' lang='lat' dir='ltr'>coniun—</span> 
     </span>
    </p>
   </div>
   <div class='ocr_carea' id='block_1_3' title="bbox 1290 1508 1537 1515">
    <p class='ocr_par' dir='ltr' id='par_1_3' title="bbox 1290 1508 1537 1515">
     <span class='ocr_line' id='line_1_25' title="bbox 1290 1508 1537 1515; baseline 0 0"><span class='ocrx_word' id='word_1_198' title='bbox 1290 1508 1537 1515; x_wconf 95' lang='lat' dir='ltr'> </span> 
     </span>
    </p>
   </div>
   <div class='ocr_carea' id='block_1_4' title="bbox 60 1565 1548 1853">
    <p class='ocr_par' dir='ltr' id='par_1_4' title="bbox 60 1565 1548 1853">
     <span class='ocr_line' id='line_1_26' title="bbox 61 1565 1548 1610; baseline -0.001 -10"><span class='ocrx_word' id='word_1_199' title='bbox 61 1569 105 1601; x_wconf 82' lang='lat' dir='ltr'>de</span> <span class='ocrx_word' id='word_1_200' title='bbox 129 1577 199 1608; x_wconf 84' lang='lat' dir='ltr'>me,</span> <span class='ocrx_word' id='word_1_201' title='bbox 224 1571 256 1600; x_wconf 79' lang='lat' dir='ltr'>et</span> <span class='ocrx_word' id='word_1_202' title='bbox 281 1570 456 1610; x_wconf 80' lang='lat' dir='ltr'>perpetua</span> <span class='ocrx_word' id='word_1_203' title='bbox 483 1566 619 1609; x_wconf 77' lang='lat' dir='ltr'>zurgia.</span> <span class='ocrx_word' id='word_1_204' title='bbox 661 1567 856 1603; x_wconf 84' lang='lat' dir='ltr'><em>ORELLI.</em></span> <span class='ocrx_word' id='word_1_205' title='bbox 905 1567 1035 1601; x_wconf 73' lang='lat' dir='ltr'>Oratio</span> <span class='ocrx_word' id='word_1_206' title='bbox 1062 1568 1105 1600; x_wconf 85' lang='lat' dir='ltr'>de</span> <span class='ocrx_word' id='word_1_207' title='bbox 1131 1578 1185 1600; x_wconf 83' lang='lat' dir='ltr'>me</span> <span class='ocrx_word' id='word_1_208' title='bbox 1212 1573 1267 1600; x_wconf 83' lang='lat' dir='ltr'>est</span> <span class='ocrx_word' id='word_1_209' title='bbox 1292 1567 1337 1599; x_wconf 88' lang='lat' dir='ltr'>de</span> <span class='ocrx_word' id='word_1_210' title='bbox 1367 1565 1548 1606; x_wconf 77' lang='lat' dir='ltr'>laudibus,</span> 
     </span>
     <span class='ocr_line' id='line_1_27' title="bbox 61 1614 1546 1660; baseline -0.002 -11"><span class='ocrx_word' id='word_1_211' title='bbox 61 1617 224 1649; x_wconf 78' lang='lat' dir='ltr'>alterum</span> <span class='ocrx_word' id='word_1_212' title='bbox 250 1614 296 1647; x_wconf 85' lang='lat' dir='ltr'>de</span> <span class='ocrx_word' id='word_1_213' title='bbox 322 1614 539 1648; x_wconf 80' lang='lat' dir='ltr'>defensione</span> <span class='ocrx_word' id='word_1_214' title='bbox 566 1614 703 1648; x_wconf 81' lang='lat' dir='ltr'>Planci.</span> <span class='ocrx_word' id='word_1_215' title='bbox 736 1616 845 1649; x_wconf 85' lang='lat' dir='ltr'>SCH.</span> <span class='ocrx_word' id='word_1_216' title='bbox 897 1634 943 1639; x_wconf 90' lang='lat'>—-</span> <span class='ocrx_word' id='word_1_217' title='bbox 992 1626 1073 1648; x_wconf 81' lang='lat' dir='ltr'>non.</span> <span class='ocrx_word' id='word_1_218' title='bbox 1101 1616 1217 1660; x_wconf 86' lang='lat' dir='ltr'>Neap.</span> <span class='ocrx_word' id='word_1_219' title='bbox 1248 1615 1329 1648; x_wconf 79' lang='lat' dir='ltr'>Asc.</span> <span class='ocrx_word' id='word_1_220' title='bbox 1361 1617 1389 1648; x_wconf 87' lang='lat'>1.</span> <span class='ocrx_word' id='word_1_221' title='bbox 1418 1614 1546 1647; x_wconf 78' lang='lat' dir='ltr'>Lamb.</span> 
     </span>
     <span class='ocr_line' id='line_1_28' title="bbox 64 1662 1543 1707; baseline -0.001 -11"><span class='ocrx_word' id='word_1_222' title='bbox 64 1665 184 1698; x_wconf 80' lang='lat' dir='ltr'>Quare</span> <span class='ocrx_word' id='word_1_223' title='bbox 225 1673 295 1695; x_wconf 84' lang='lat' dir='ltr'>non</span> <span class='ocrx_word' id='word_1_224' title='bbox 342 1673 387 1694; x_wconf 79' lang='lat' dir='ltr'>ex</span> <span class='ocrx_word' id='word_1_225' title='bbox 427 1663 580 1706; x_wconf 82' lang='lat' dir='ltr'>antiqua</span> <span class='ocrx_word' id='word_1_226' title='bbox 621 1663 804 1707; x_wconf 79' lang='lat' dir='ltr'>interpol.</span> <span class='ocrx_word' id='word_1_227' title='bbox 860 1662 1054 1697; x_wconf 80' lang='lat' dir='ltr'>Similiter</span> <span class='ocrx_word' id='word_1_228' title='bbox 1092 1663 1254 1699; x_wconf 80' lang='lat' dir='ltr'>Weiske</span> <span class='ocrx_word' id='word_1_229' title='bbox 1294 1662 1543 1696; x_wconf 77' lang='lat' dir='ltr'>desiderabat:</span> 
     </span>
     <span class='ocr_line' id='line_1_29' title="bbox 63 1711 1546 1755; baseline -0.004 -8"><span class='ocrx_word' id='word_1_230' title='bbox 63 1711 303 1747; x_wconf 81' lang='lat' dir='ltr'>Quamobrem</span> <span class='ocrx_word' id='word_1_231' title='bbox 329 1721 408 1744; x_wconf 80' lang='lat' dir='ltr'>non.</span> <span class='ocrx_word' id='word_1_232' title='bbox 426 1711 555 1746; x_wconf 81' lang='lat' dir='ltr'>OR.-</span> <span class='ocrx_word' id='word_1_233' title='bbox 573 1711 628 1743; x_wconf 78' lang='lat' dir='ltr'>rei</span> <span class='ocrx_word' id='word_1_234' title='bbox 650 1711 828 1754; x_wconf 83' lang='lat' dir='ltr'>p.Lamb.</span> <span class='ocrx_word' id='word_1_235' title='bbox 846 1722 884 1744; x_wconf 84' lang='lat' dir='ltr'>re</span> <span class='ocrx_word' id='word_1_236' title='bbox 909 1711 1180 1755; x_wconf 76' lang='lat' dir='ltr'>publica.—si‚</span> <span class='ocrx_word' id='word_1_237' title='bbox 1208 1721 1306 1754; x_wconf 81' lang='lat' dir='ltr'>quem</span> <span class='ocrx_word' id='word_1_238' title='bbox 1324 1717 1409 1751; x_wconf 83' lang='lat' dir='ltr'>cet.‚</span> <span class='ocrx_word' id='word_1_239' title='bbox 1435 1721 1546 1743; x_wconf 87' lang='lat' dir='ltr'>wenn</span> 
     </span>
     <span class='ocr_line' id='line_1_30' title="bbox 62 1757 1546 1801; baseline -0.002 -7"><span class='ocrx_word' id='word_1_240' title='bbox 62 1761 122 1794; x_wconf 89' lang='lat' dir='ltr'>Du</span> <span class='ocrx_word' id='word_1_241' title='bbox 142 1757 247 1792; x_wconf 87' lang='lat' dir='ltr'>mich</span> <span class='ocrx_word' id='word_1_242' title='bbox 272 1757 329 1791; x_wconf 87' lang='lat' dir='ltr'>als</span> <span class='ocrx_word' id='word_1_243' title='bbox 357 1758 469 1792; x_wconf 87' lang='lat' dir='ltr'>einen</span> <span class='ocrx_word' id='word_1_244' title='bbox 494 1758 654 1792; x_wconf 84' lang='lat' dir='ltr'>solchen</span> <span class='ocrx_word' id='word_1_245' title='bbox 680 1760 803 1799; x_wconf 85' lang='lat' dir='ltr'>Mann,</span> <span class='ocrx_word' id='word_1_246' title='bbox 836 1759 909 1793; x_wconf 89' lang='lat' dir='ltr'>wie</span> <span class='ocrx_word' id='word_1_247' title='bbox 934 1761 993 1793; x_wconf 91' lang='lat' dir='ltr'>Du</span> <span class='ocrx_word' id='word_1_248' title='bbox 1019 1759 1058 1791; x_wconf 86' lang='lat' dir='ltr'>in</span> <span class='ocrx_word' id='word_1_249' title='bbox 1085 1760 1160 1791; x_wconf 87' lang='lat' dir='ltr'>mir</span> <span class='ocrx_word' id='word_1_250' title='bbox 1186 1765 1397 1801; x_wconf 80' lang='lat' dir='ltr'>erwartest,</span> <span class='ocrx_word' id='word_1_251' title='bbox 1425 1758 1546 1792; x_wconf 86' lang='lat' dir='ltr'>durch</span> 
     </span>
     <span class='ocr_line' id='line_1_31' title="bbox 60 1806 1248 1853; baseline -0.002 -12"><span class='ocrx_word' id='word_1_252' title='bbox 60 1808 134 1841; x_wconf 87' lang='lat' dir='ltr'>den</span> <span class='ocrx_word' id='word_1_253' title='bbox 158 1806 296 1853; x_wconf 82' lang='lat' dir='ltr'>Erfolg</span> <span class='ocrx_word' id='word_1_254' title='bbox 319 1806 397 1840; x_wconf 88' lang='lat' dir='ltr'>und</span> <span class='ocrx_word' id='word_1_255' title='bbox 420 1806 544 1840; x_wconf 84' lang='lat' dir='ltr'>durch</span> <span class='ocrx_word' id='word_1_256' title='bbox 572 1806 633 1840; x_wconf 81' lang='lat' dir='ltr'>die</span> <span class='ocrx_word' id='word_1_257' title='bbox 660 1806 760 1840; x_wconf 79' lang='lat' dir='ltr'>That</span> <span class='ocrx_word' id='word_1_258' title='bbox 786 1807 897 1842; x_wconf 86' lang='lat' dir='ltr'>wirst</span> <span class='ocrx_word' id='word_1_259' title='bbox 923 1807 1076 1840; x_wconf 78' lang='lat' dir='ltr'>kennen</span> <span class='ocrx_word' id='word_1_260' title='bbox 1103 1807 1248 1841; x_wconf 86' lang='lat' dir='ltr'>lernen.</span> 
     </span>
    </p>
   </div>
   <div class='ocr_carea' id='block_1_5' title="bbox 154 1873 1545 1918">
    <p class='ocr_par' dir='ltr' id='par_1_5' title="bbox 154 1873 1545 1918">
     <span class='ocr_line' id='line_1_32' title="bbox 154 1873 1545 1918; baseline -0.001 -10"><span class='ocrx_word' id='word_1_261' title='bbox 154 1874 190 1908; x_wconf 76' lang='lat'>2.</span> <span class='ocrx_word' id='word_1_262' title='bbox 242 1873 354 1906; x_wconf 75' lang='lat' dir='ltr'>obsid.</span> <span class='ocrx_word' id='word_1_263' title='bbox 387 1873 570 1912; x_wconf 81' lang='lat' dir='ltr'>liberatis,</span> <span class='ocrx_word' id='word_1_264' title='bbox 607 1885 682 1908; x_wconf 88' lang='lat' dir='ltr'>von</span> <span class='ocrx_word' id='word_1_265' title='bbox 725 1874 795 1908; x_wconf 81' lang='lat' dir='ltr'>der</span> <span class='ocrx_word' id='word_1_266' title='bbox 827 1875 1064 1918; x_wconf 82' lang='lat' dir='ltr'>Entsetzung</span> <span class='ocrx_word' id='word_1_267' title='bbox 1105 1873 1169 1907; x_wconf 84' lang='lat' dir='ltr'>des</span> <span class='ocrx_word' id='word_1_268' title='bbox 1195 1875 1332 1908; x_wconf 84' lang='lat' dir='ltr'>Brutus</span> <span class='ocrx_word' id='word_1_269' title='bbox 1366 1874 1441 1906; x_wconf 84' lang='lat' dir='ltr'>und</span> <span class='ocrx_word' id='word_1_270' title='bbox 1477 1874 1545 1907; x_wconf 84' lang='lat' dir='ltr'>der</span> 
     </span>
    </p>
   </div>
   <div class='ocr_carea' id='block_1_6' title="bbox 0 1897 1542 1966">
    <p class='ocr_par' dir='ltr' id='par_1_6' title="bbox 0 1897 1542 1966">
     <span class='ocr_line' id='line_1_33' title="bbox 0 1897 1542 1966; baseline -0.001 -10"><span class='ocrx_word' id='word_1_271' title='bbox 0 1897 5 1950; x_wconf 53' lang='lat' dir='ltr'>i</span> <span class='ocrx_word' id='word_1_272' title='bbox 61 1920 168 1957; x_wconf 79' lang='lat' dir='ltr'>stadt</span> <span class='ocrx_word' id='word_1_273' title='bbox 191 1921 346 1955; x_wconf 83' lang='lat' dir='ltr'>Mutina.</span> <span class='ocrx_word' id='word_1_274' title='bbox 385 1920 423 1956; x_wconf 88' lang='lat' dir='ltr'>S.</span> <span class='ocrx_word' id='word_1_275' title='bbox 450 1921 602 1955; x_wconf 84' lang='lat' dir='ltr'>Ramsh.</span> <span class='ocrx_word' id='word_1_276' title='bbox 639 1921 667 1964; x_wconf 60' lang='grc' dir='ltr'>ἓ.</span> <span class='ocrx_word' id='word_1_277' title='bbox 695 1924 774 1964; x_wconf 88' lang='lat'><strong>171,</strong></span> <span class='ocrx_word' id='word_1_278' title='bbox 803 1923 873 1965; x_wconf 87' lang='lat'>111,</span> <span class='ocrx_word' id='word_1_279' title='bbox 900 1924 933 1963; x_wconf 86' lang='lat'>2,</span> <span class='ocrx_word' id='word_1_280' title='bbox 960 1923 1047 1955; x_wconf 89' lang='lat' dir='ltr'>Not.</span> <span class='ocrx_word' id='word_1_281' title='bbox 1074 1924 1107 1956; x_wconf 87' lang='lat'>3.</span> <span class='ocrx_word' id='word_1_282' title='bbox 1160 1939 1203 1946; x_wconf 84' lang='lat'>-—·</span> <span class='ocrx_word' id='word_1_283' title='bbox 1253 1927 1441 1966; x_wconf 79' lang='lat' dir='ltr'>receptum,</span> <span class='ocrx_word' id='word_1_284' title='bbox 1470 1924 1542 1955; x_wconf 78' lang='lat' dir='ltr'>Zu-</span> 
     </span>
    </p>
   </div>
   <div class='ocr_carea' id='block_1_7' title="bbox 56 1969 1545 2353">
    <p class='ocr_par' dir='ltr' id='par_1_7' title="bbox 56 1969 1545 2353">
     <span class='ocr_line' id='line_1_34' title="bbox 59 1969 1545 2017; baseline -0.001 -13"><span class='ocrx_word' id='word_1_285' title='bbox 59 1969 192 2004; x_wconf 81' lang='lat' dir='ltr'>flucht.</span> <span class='ocrx_word' id='word_1_286' title='bbox 219 1987 261 1993; x_wconf 91' lang='lat'><strong>—</strong></span> <span class='ocrx_word' id='word_1_287' title='bbox 288 1973 402 2013; x_wconf 60' lang='lat' dir='ltr'>part,</span> <span class='ocrx_word' id='word_1_288' title='bbox 428 1970 656 2017; x_wconf 82' lang='lat' dir='ltr'>regionibus,</span> <span class='ocrx_word' id='word_1_289' title='bbox 690 1989 736 1995; x_wconf 91' lang='lat'>—-</span> <span class='ocrx_word' id='word_1_290' title='bbox 768 1971 990 2014; x_wconf 79' lang='lat' dir='ltr'>propositas,</span> <span class='ocrx_word' id='word_1_291' title='bbox 1014 1970 1277 2007; x_wconf 74' lang='lat' dir='ltr'>vorbehalten,</span> <span class='ocrx_word' id='word_1_292' title='bbox 1320 1987 1362 1994; x_wconf 38' lang='grc' dir='ltr'>κ-</span> <span class='ocrx_word' id='word_1_293' title='bbox 1405 1971 1545 2003; x_wconf 72' lang='lat' dir='ltr'>exerci-</span> 
     </span>
     <span class='ocr_line' id='line_1_35' title="bbox 62 2017 1541 2063; baseline -0.001 -11"><span class='ocrx_word' id='word_1_294' title='bbox 62 2023 116 2052; x_wconf 72' lang='lat' dir='ltr'>tus</span> <span class='ocrx_word' id='word_1_295' title='bbox 142 2017 289 2063; x_wconf 82' lang='lat' dir='ltr'>Lepidi.</span> <span class='ocrx_word' id='word_1_296' title='bbox 315 2036 361 2042; x_wconf 62' lang='grc'>«-</span> <span class='ocrx_word' id='word_1_297' title='bbox 389 2018 557 2060; x_wconf 78' lang='lat' dir='ltr'>furiosa,</span> <span class='ocrx_word' id='word_1_298' title='bbox 584 2018 670 2050; x_wconf 89' lang='lat' dir='ltr'>dum</span> <span class='ocrx_word' id='word_1_299' title='bbox 696 2020 800 2052; x_wconf 79' lang='lat' dir='ltr'>favet</span> <span class='ocrx_word' id='word_1_300' title='bbox 828 2018 982 2052; x_wconf 83' lang='lat' dir='ltr'>Antonii</span> <span class='ocrx_word' id='word_1_301' title='bbox 1007 2030 1147 2051; x_wconf 80' lang='lat' dir='ltr'>causae.</span> <span class='ocrx_word' id='word_1_302' title='bbox 1181 2038 1227 2043; x_wconf 84' lang='lat'>-—</span> <span class='ocrx_word' id='word_1_303' title='bbox 1260 2019 1347 2063; x_wconf 79' lang='lat' dir='ltr'>ipse.</span> <span class='ocrx_word' id='word_1_304' title='bbox 1385 2019 1482 2052; x_wconf 84' lang='lat' dir='ltr'>Vict.</span> <span class='ocrx_word' id='word_1_305' title='bbox 1510 2021 1541 2053; x_wconf 82' lang='lat'>2.</span> 
     </span>
     <span class='ocr_line' id='line_1_36' title="bbox 60 2064 1540 2113; baseline -0.001 -14"><span class='ocrx_word' id='word_1_306' title='bbox 60 2072 100 2099; x_wconf 83' lang='lat' dir='ltr'>et</span> <span class='ocrx_word' id='word_1_307' title='bbox 133 2064 271 2099; x_wconf 76' lang='lat' dir='ltr'>Bened.</span> <span class='ocrx_word' id='word_1_308' title='bbox 302 2065 357 2099; x_wconf 88' lang='lat' dir='ltr'>sic</span> <span class='ocrx_word' id='word_1_309' title='bbox 393 2065 649 2113; x_wconf 81' lang='lat' dir='ltr'>distinguunt:</span> <span class='ocrx_word' id='word_1_310' title='bbox 695 2067 853 2100; x_wconf 82' lang='lat' dir='ltr'>alteram</span> <span class='ocrx_word' id='word_1_311' title='bbox 889 2066 1087 2099; x_wconf 59' lang='lat' dir='ltr'>exercitus:</span> <span class='ocrx_word' id='word_1_312' title='bbox 1135 2067 1230 2111; x_wconf 78' lang='lat' dir='ltr'>quod</span> <span class='ocrx_word' id='word_1_313' title='bbox 1265 2093 1271 2099; x_wconf 97' lang='lat'>.</span> <span class='ocrx_word' id='word_1_314' title='bbox 1301 2093 1307 2099; x_wconf 91' lang='lat'>.</span> <span class='ocrx_word' id='word_1_315' title='bbox 1337 2092 1345 2099; x_wconf 90' lang='lat'>.</span> <span class='ocrx_word' id='word_1_316' title='bbox 1372 2068 1540 2108; x_wconf 63' lang='lat' dir='ltr'>suerunt.</span> 
     </span>
     <span class='ocr_line' id='line_1_37' title="bbox 62 2113 1541 2158; baseline 0.001 -12"><span class='ocrx_word' id='word_1_317' title='bbox 62 2113 273 2158; x_wconf 75' lang='lat' dir='ltr'>Equitatum</span> <span class='ocrx_word' id='word_1_318' title='bbox 307 2114 495 2147; x_wconf 74' lang='lat' dir='ltr'>revocavi.-</span> <span class='ocrx_word' id='word_1_319' title='bbox 534 2114 614 2158; x_wconf 78' lang='lat' dir='ltr'>ipse</span> <span class='ocrx_word' id='word_1_320' title='bbox 651 2120 723 2147; x_wconf 84' lang='lat' dir='ltr'>cet.</span> <span class='ocrx_word' id='word_1_321' title='bbox 783 2114 858 2147; x_wconf 86' lang='lat' dir='ltr'>Sed</span> <span class='ocrx_word' id='word_1_322' title='bbox 903 2115 1098 2147; x_wconf 78' lang='lat' dir='ltr'>meliorem</span> <span class='ocrx_word' id='word_1_323' title='bbox 1143 2126 1219 2147; x_wconf 86' lang='lat' dir='ltr'>esse</span> <span class='ocrx_word' id='word_1_324' title='bbox 1259 2114 1541 2148; x_wconf 78' lang='lat' dir='ltr'>distinctionem</span> 
     </span>
     <span class='ocr_line' id='line_1_38' title="bbox 61 2161 1542 2207; baseline 0.001 -13"><span class='ocrx_word' id='word_1_325' title='bbox 61 2162 159 2195; x_wconf 86' lang='lat' dir='ltr'>Vict.</span> <span class='ocrx_word' id='word_1_326' title='bbox 186 2162 221 2195; x_wconf 86' lang='lat'>2.</span> <span class='ocrx_word' id='word_1_327' title='bbox 249 2167 287 2195; x_wconf 86' lang='lat' dir='ltr'>et</span> <span class='ocrx_word' id='word_1_328' title='bbox 311 2161 551 2205; x_wconf 84' lang='lat' dir='ltr'>reliquorum</span> <span class='ocrx_word' id='word_1_329' title='bbox 576 2168 680 2207; x_wconf 81' lang='lat' dir='ltr'>patet</span> <span class='ocrx_word' id='word_1_330' title='bbox 713 2174 758 2195; x_wconf 83' lang='lat' dir='ltr'>ex</span> <span class='ocrx_word' id='word_1_331' title='bbox 794 2173 898 2206; x_wconf 81' lang='lat' dir='ltr'>seqq.</span> <span class='ocrx_word' id='word_1_332' title='bbox 933 2163 968 2195; x_wconf 78' lang='lat' dir='ltr'>si</span> <span class='ocrx_word' id='word_1_333' title='bbox 992 2163 1131 2195; x_wconf 76' lang='lat' dir='ltr'>decima</span> <span class='ocrx_word' id='word_1_334' title='bbox 1155 2162 1255 2204; x_wconf 75' lang='lat' dir='ltr'>legio</span> <span class='ocrx_word' id='word_1_335' title='bbox 1277 2187 1285 2194; x_wconf 94' lang='lat'>.</span> <span class='ocrx_word' id='word_1_336' title='bbox 1313 2187 1322 2196; x_wconf 88' lang='lat'>.</span> <span class='ocrx_word' id='word_1_337' title='bbox 1351 2192 1358 2199; x_wconf 86' lang='grc'>,</span> <span class='ocrx_word' id='word_1_338' title='bbox 1386 2164 1436 2196; x_wconf 82' lang='lat' dir='ltr'>ad</span> <span class='ocrx_word' id='word_1_339' title='bbox 1460 2173 1542 2195; x_wconf 76' lang='lat' dir='ltr'>eun-</span> 
     </span>
     <span class='ocr_line' id='line_1_39' title="bbox 60 2209 1541 2257; baseline -0.001 -15"><span class='ocrx_word' id='word_1_340' title='bbox 60 2211 138 2243; x_wconf 80' lang='lat' dir='ltr'>dem</span> <span class='ocrx_word' id='word_1_341' title='bbox 157 2210 334 2250; x_wconf 82' lang='lat' dir='ltr'>furorem</span> <span class='ocrx_word' id='word_1_342' title='bbox 359 2210 525 2243; x_wconf 78' lang='lat' dir='ltr'>redierit.</span> <span class='ocrx_word' id='word_1_343' title='bbox 556 2209 752 2244; x_wconf 85' lang='lat' dir='ltr'>ORELLI.</span> <span class='ocrx_word' id='word_1_344' title='bbox 779 2229 825 2234; x_wconf 97' lang='lat'>—</span> <span class='ocrx_word' id='word_1_345' title='bbox 862 2211 1018 2252; x_wconf 77' lang='lat' dir='ltr'>constiti,</span> <span class='ocrx_word' id='word_1_346' title='bbox 1043 2210 1138 2243; x_wconf 78' lang='lat' dir='ltr'>habe</span> <span class='ocrx_word' id='word_1_347' title='bbox 1164 2211 1256 2243; x_wconf 86' lang='lat' dir='ltr'>Halt</span> <span class='ocrx_word' id='word_1_348' title='bbox 1281 2210 1477 2257; x_wconf 56' lang='lat' dir='ltr'>gemachu</span> <span class='ocrx_word' id='word_1_349' title='bbox 1504 2211 1541 2243; x_wconf 80' lang='lat' dir='ltr'>in</span> 
     </span>
     <span class='ocr_line' id='line_1_40' title="bbox 56 2257 1541 2306; baseline 0 -14"><span class='ocrx_word' id='word_1_350' title='bbox 56 2257 343 2299; x_wconf 75' lang='lat' dir='ltr'>Allobrogibus,</span> <span class='ocrx_word' id='word_1_351' title='bbox 390 2257 442 2290; x_wconf 90' lang='lat' dir='ltr'>im</span> <span class='ocrx_word' id='word_1_352' title='bbox 475 2257 603 2292; x_wconf 82' lang='lat' dir='ltr'>Laude</span> <span class='ocrx_word' id='word_1_353' title='bbox 647 2258 717 2291; x_wconf 84' lang='lat' dir='ltr'>der</span> <span class='ocrx_word' id='word_1_354' title='bbox 748 2258 989 2306; x_wconf 76' lang='lat' dir='ltr'>Allobroger.</span> <span class='ocrx_word' id='word_1_355' title='bbox 1058 2259 1164 2292; x_wconf 80' lang='lat' dir='ltr'>Diess</span> <span class='ocrx_word' id='word_1_356' title='bbox 1200 2258 1346 2306; x_wconf 73' lang='lat' dir='ltr'>begriff</span> <span class='ocrx_word' id='word_1_357' title='bbox 1377 2259 1440 2292; x_wconf 71' lang='lat' dir='ltr'>das</span> <span class='ocrx_word' id='word_1_358' title='bbox 1467 2258 1541 2292; x_wconf 86' lang='lat' dir='ltr'>Ge—</span> 
     </span>
     <span class='ocr_line' id='line_1_41' title="bbox 62 2303 1544 2353; baseline 0.001 -15"><span class='ocrx_word' id='word_1_359' title='bbox 62 2303 261 2339; x_wconf 83' lang='lat' dir='ltr'>nuesische</span> <span class='ocrx_word' id='word_1_360' title='bbox 282 2305 390 2340; x_wconf 83' lang='lat' dir='ltr'>nebst</span> <span class='ocrx_word' id='word_1_361' title='bbox 414 2304 538 2339; x_wconf 81' lang='lat' dir='ltr'>einem</span> <span class='ocrx_word' id='word_1_362' title='bbox 565 2305 702 2340; x_wconf 75' lang='lat' dir='ltr'>&#39;rhene</span> <span class='ocrx_word' id='word_1_363' title='bbox 727 2317 803 2340; x_wconf 84' lang='lat' dir='ltr'>von</span> <span class='ocrx_word' id='word_1_364' title='bbox 829 2305 1002 2351; x_wconf 81' lang='lat' dir='ltr'>Savoyen</span> <span class='ocrx_word' id='word_1_365' title='bbox 1029 2306 1105 2339; x_wconf 88' lang='lat' dir='ltr'>und</span> <span class='ocrx_word' id='word_1_366' title='bbox 1131 2306 1215 2340; x_wconf 85' lang='lat' dir='ltr'>dem</span> <span class='ocrx_word' id='word_1_367' title='bbox 1240 2307 1441 2353; x_wconf 79' lang='lat' dir='ltr'>Dauphine</span> <span class='ocrx_word' id='word_1_368' title='bbox 1467 2306 1544 2339; x_wconf 91' lang='lat' dir='ltr'>und</span> 
     </span>
    </p>
   </div>
   <div class='ocr_carea' id='block_1_8' title="bbox 0 2352 1544 2445">
    <p class='ocr_par' dir='ltr' id='par_1_8' title="bbox 0 2352 1544 2445">
     <span class='ocr_line' id='line_1_42' title="bbox 0 2352 1544 2402; baseline -0.001 -15"><span class='ocrx_word' id='word_1_369' title='bbox 0 2377 1 2402; x_wconf 48' lang='lat' dir='ltr'>i</span> <span class='ocrx_word' id='word_1_370' title='bbox 61 2353 206 2387; x_wconf 85' lang='lat' dir='ltr'>bildete</span> <span class='ocrx_word' id='word_1_371' title='bbox 232 2352 343 2386; x_wconf 87' lang='lat' dir='ltr'>einen</span> <span class='ocrx_word' id='word_1_372' title='bbox 367 2352 506 2387; x_wconf 85' lang='lat' dir='ltr'>Bezirk</span> <span class='ocrx_word' id='word_1_373' title='bbox 541 2364 615 2387; x_wconf 87' lang='lat' dir='ltr'>von</span> <span class='ocrx_word' id='word_1_374' title='bbox 649 2353 720 2387; x_wconf 84' lang='lat' dir='ltr'>der</span> <span class='ocrx_word' id='word_1_375' title='bbox 744 2354 905 2388; x_wconf 81' lang='lat' dir='ltr'>Provinz</span> <span class='ocrx_word' id='word_1_376' title='bbox 939 2355 1001 2388; x_wconf 88' lang='lat' dir='ltr'>des</span> <span class='ocrx_word' id='word_1_377' title='bbox 1028 2354 1204 2399; x_wconf 83' lang='lat' dir='ltr'>Lepidus.</span> <span class='ocrx_word' id='word_1_378' title='bbox 1254 2374 1298 2380; x_wconf 90' lang='lat'><em>-</em></span> <span class='ocrx_word' id='word_1_379' title='bbox 1351 2356 1400 2387; x_wconf 84' lang='lat' dir='ltr'>ad</span> <span class='ocrx_word' id='word_1_380' title='bbox 1423 2355 1544 2387; x_wconf 78' lang='lat' dir='ltr'>omnia</span> 
     </span>
     <span class='ocr_line' id='line_1_43' title="bbox 0 2400 1542 2445; baseline 0.001 -11"><span class='ocrx_word' id='word_1_381' title='bbox 0 2416 1 2420; x_wconf 50' lang='lat'>¹</span> <span class='ocrx_word' id='word_1_382' title='bbox 62 2404 230 2445; x_wconf 75' lang='lat' dir='ltr'>paratus,</span> <span class='ocrx_word' id='word_1_383' title='bbox 257 2400 401 2434; x_wconf 79' lang='lat' dir='ltr'>iiber-all</span> <span class='ocrx_word' id='word_1_384' title='bbox 427 2400 488 2435; x_wconf 84' lang='lat' dir='ltr'>bei</span> <span class='ocrx_word' id='word_1_385' title='bbox 513 2400 582 2435; x_wconf 90' lang='lat' dir='ltr'>der</span> <span class='ocrx_word' id='word_1_386' title='bbox 606 2402 727 2435; x_wconf 85' lang='lat' dir='ltr'>Hand.</span> <span class='ocrx_word' id='word_1_387' title='bbox 756 2421 797 2426; x_wconf 93' lang='lat'>—</span> <span class='ocrx_word' id='word_1_388' title='bbox 825 2413 898 2444; x_wconf 80' lang='lat' dir='ltr'>res,</span> <span class='ocrx_word' id='word_1_389' title='bbox 923 2402 984 2436; x_wconf 81' lang='lat' dir='ltr'>die</span> <span class='ocrx_word' id='word_1_390' title='bbox 1010 2402 1227 2436; x_wconf 80' lang='lat' dir='ltr'>Uinst&#39;a&#39;nde.</span> <span class='ocrx_word' id='word_1_391' title='bbox 1256 2421 1298 2427; x_wconf 87' lang='lat'>—</span> <span class='ocrx_word' id='word_1_392' title='bbox 1325 2403 1451 2443; x_wconf 76' lang='lat' dir='ltr'>nudus,</span> <span class='ocrx_word' id='word_1_393' title='bbox 1477 2401 1542 2436; x_wconf 86' lang='lat' dir='ltr'>de-</span> 
     </span>
    </p>
   </div>
   <div class='ocr_carea' id='block_1_9' title="bbox 62 2448 1544 2783">
    <p class='ocr_par' dir='ltr' id='par_1_9' title="bbox 62 2448 1544 2783">
     <span class='ocr_line' id='line_1_44' title="bbox 62 2448 1543 2493; baseline 0.001 -11"><span class='ocrx_word' id='word_1_394' title='bbox 62 2448 214 2482; x_wconf 76' lang='lat' dir='ltr'>stitutus</span> <span class='ocrx_word' id='word_1_395' title='bbox 239 2448 360 2493; x_wconf 88' lang='lat' dir='ltr'>copiis</span> <span class='ocrx_word' id='word_1_396' title='bbox 386 2454 424 2482; x_wconf 87' lang='lat' dir='ltr'>et</span> <span class='ocrx_word' id='word_1_397' title='bbox 448 2449 605 2482; x_wconf 78' lang='lat' dir='ltr'>viribus.</span> <span class='ocrx_word' id='word_1_398' title='bbox 631 2468 674 2474; x_wconf 88' lang='lat'>—-</span> <span class='ocrx_word' id='word_1_399' title='bbox 711 2450 891 2483; x_wconf 70' lang='lat' dir='ltr'>sustinere</span> <span class='ocrx_word' id='word_1_400' title='bbox 917 2462 1016 2491; x_wconf 84' lang='lat' dir='ltr'>eum,</span> <span class='ocrx_word' id='word_1_401' title='bbox 1042 2462 1080 2483; x_wconf 88' lang='lat' dir='ltr'>es</span> <span class='ocrx_word' id='word_1_402' title='bbox 1107 2451 1178 2483; x_wconf 73' lang='lat' dir='ltr'>mit</span> <span class='ocrx_word' id='word_1_403' title='bbox 1203 2450 1284 2483; x_wconf 88' lang='lat' dir='ltr'>ihm</span> <span class='ocrx_word' id='word_1_404' title='bbox 1312 2450 1543 2483; x_wconf 77' lang='lat' dir='ltr'>aufnehmen</span> 
     </span>
     <span class='ocr_line' id='line_1_45' title="bbox 63 2495 1542 2546; baseline 0.001 -17"><span class='ocrx_word' id='word_1_405' title='bbox 63 2509 110 2530; x_wconf 83' lang='lat' dir='ltr'>zu</span> <span class='ocrx_word' id='word_1_406' title='bbox 136 2495 299 2529; x_wconf 70' lang='lat' dir='ltr'>konnen.</span> <span class='ocrx_word' id='word_1_407' title='bbox 327 2513 370 2520; x_wconf 84' lang='lat'>—-</span> <span class='ocrx_word' id='word_1_408' title='bbox 398 2507 474 2529; x_wconf 87' lang='lat' dir='ltr'>rem</span> <span class='ocrx_word' id='word_1_409' title='bbox 497 2497 597 2541; x_wconf 81' lang='lat' dir='ltr'>publ.</span> <span class='ocrx_word' id='word_1_410' title='bbox 626 2523 632 2529; x_wconf 96' lang='lat'>.</span> <span class='ocrx_word' id='word_1_411' title='bbox 662 2521 669 2529; x_wconf 92' lang='lat'>.</span> <span class='ocrx_word' id='word_1_412' title='bbox 696 2498 970 2540; x_wconf 76' lang='lat' dir='ltr'>administrare,</span> <span class='ocrx_word' id='word_1_413' title='bbox 997 2498 1059 2531; x_wconf 83' lang='lat' dir='ltr'>das</span> <span class='ocrx_word' id='word_1_414' title='bbox 1086 2498 1260 2546; x_wconf 79' lang='lat' dir='ltr'>gemeine</span> <span class='ocrx_word' id='word_1_415' title='bbox 1272 2498 1395 2533; x_wconf 85' lang='lat' dir='ltr'>Wohl</span> <span class='ocrx_word' id='word_1_416' title='bbox 1422 2498 1542 2531; x_wconf 86' lang='lat' dir='ltr'>hand-</span> 
     </span>
     <span class='ocr_line' id='line_1_46' title="bbox 62 2543 1543 2590; baseline 0.001 -14"><span class='ocrx_word' id='word_1_417' title='bbox 62 2543 196 2577; x_wconf 79' lang='lat' dir='ltr'>haben.</span> <span class='ocrx_word' id='word_1_418' title='bbox 239 2561 282 2568; x_wconf 90' lang='lat'>—</span> <span class='ocrx_word' id='word_1_419' title='bbox 323 2545 462 2577; x_wconf 83' lang='lat' dir='ltr'>decima</span> <span class='ocrx_word' id='word_1_420' title='bbox 487 2545 589 2587; x_wconf 80' lang='lat' dir='ltr'>legio</span> <span class='ocrx_word' id='word_1_421' title='bbox 616 2549 798 2588; x_wconf 79' lang='lat' dir='ltr'>veterana,</span> <span class='ocrx_word' id='word_1_422' title='bbox 830 2557 922 2590; x_wconf 82' lang='lat' dir='ltr'>quae</span> <span class='ocrx_word' id='word_1_423' title='bbox 957 2558 1044 2579; x_wconf 86' lang='lat' dir='ltr'>cum</span> <span class='ocrx_word' id='word_1_424' title='bbox 1069 2547 1224 2581; x_wconf 80' lang='lat' dir='ltr'>Caesare</span> <span class='ocrx_word' id='word_1_425' title='bbox 1252 2547 1292 2578; x_wconf 90' lang='lat' dir='ltr'>in</span> <span class='ocrx_word' id='word_1_426' title='bbox 1319 2546 1445 2579; x_wconf 83' lang='lat' dir='ltr'>Gallia</span> <span class='ocrx_word' id='word_1_427' title='bbox 1469 2557 1543 2580; x_wconf 87' lang='lat' dir='ltr'>non</span> 
     </span>
     <span class='ocr_line' id='line_1_47' title="bbox 62 2591 1536 2628; baseline 0.001 -3"><span class='ocrx_word' id='word_1_428' title='bbox 62 2591 248 2625; x_wconf 84' lang='lat' dir='ltr'>mediocri</span> <span class='ocrx_word' id='word_1_429' title='bbox 275 2591 509 2625; x_wconf 82' lang='lat' dir='ltr'>fortitudinis</span> <span class='ocrx_word' id='word_1_430' title='bbox 536 2593 645 2626; x_wconf 80' lang='lat' dir='ltr'>laude</span> <span class='ocrx_word' id='word_1_431' title='bbox 671 2593 913 2628; x_wconf 80' lang='lat' dir='ltr'>militaverat.</span> <span class='ocrx_word' id='word_1_432' title='bbox 950 2606 980 2627; x_wconf 89' lang='lat' dir='ltr'>c.</span> <span class='ocrx_word' id='word_1_433' title='bbox 1009 2596 1063 2628; x_wconf 91' lang='lat' dir='ltr'>ll.</span> <span class='ocrx_word' id='word_1_434' title='bbox 1116 2594 1215 2626; x_wconf 83' lang='lat' dir='ltr'>Haec</span> <span class='ocrx_word' id='word_1_435' title='bbox 1248 2600 1328 2627; x_wconf 80' lang='lat' dir='ltr'>erat</span> <span class='ocrx_word' id='word_1_436' title='bbox 1361 2593 1402 2626; x_wconf 89' lang='lat' dir='ltr'>in</span> <span class='ocrx_word' id='word_1_437' title='bbox 1436 2605 1536 2628; x_wconf 81' lang='lat' dir='ltr'>exer-</span> 
     </span>
     <span class='ocr_line' id='line_1_48' title="bbox 63 2638 1543 2691; baseline 0.002 -18"><span class='ocrx_word' id='word_1_438' title='bbox 63 2640 142 2673; x_wconf 78' lang='lat' dir='ltr'>citu</span> <span class='ocrx_word' id='word_1_439' title='bbox 168 2638 318 2683; x_wconf 71' lang='lat' dir='ltr'>Lepidi.</span> <span class='ocrx_word' id='word_1_440' title='bbox 344 2640 544 2674; x_wconf 78' lang='lat' dir='ltr'>MANUT.</span> <span class='ocrx_word' id='word_1_441' title='bbox 584 2659 626 2663; x_wconf 91' lang='lat'><strong>—</strong></span> <span class='ocrx_word' id='word_1_442' title='bbox 675 2646 860 2679; x_wconf 82' lang='lat' dir='ltr'>revocata.</span> <span class='ocrx_word' id='word_1_443' title='bbox 897 2655 945 2675; x_wconf 90' lang='lat' dir='ltr'>zu</span> <span class='ocrx_word' id='word_1_444' title='bbox 978 2642 1150 2675; x_wconf 74' lang='lat' dir='ltr'>besseren</span> <span class='ocrx_word' id='word_1_445' title='bbox 1178 2641 1449 2691; x_wconf 80' lang='lat' dir='ltr'>Gesinnungen</span> <span class='ocrx_word' id='word_1_446' title='bbox 1475 2654 1543 2690; x_wconf 72' lang='lat' dir='ltr'>ge—</span> 
     </span>
     <span class='ocr_line' id='line_1_49' title="bbox 63 2686 1544 2731; baseline 0.003 -12"><span class='ocrx_word' id='word_1_447' title='bbox 63 2686 198 2720; x_wconf 83' lang='lat' dir='ltr'>bracht</span> <span class='ocrx_word' id='word_1_448' title='bbox 223 2687 282 2720; x_wconf 82' lang='lat' dir='ltr'>ist.</span> <span class='ocrx_word' id='word_1_449' title='bbox 313 2706 353 2711; x_wconf 87' lang='lat'><strong>—</strong></span> <span class='ocrx_word' id='word_1_450' title='bbox 382 2688 531 2721; x_wconf 81' lang='lat' dir='ltr'>redierit</span> <span class='ocrx_word' id='word_1_451' title='bbox 557 2694 595 2721; x_wconf 78' lang='lat' dir='ltr'>et</span> <span class='ocrx_word' id='word_1_452' title='bbox 620 2700 658 2721; x_wconf 85' lang='lat' dir='ltr'>se</span> <span class='ocrx_word' id='word_1_453' title='bbox 684 2690 848 2724; x_wconf 82' lang='lat' dir='ltr'>Antonio</span> <span class='ocrx_word' id='word_1_454' title='bbox 873 2689 1099 2723; x_wconf 79' lang='lat' dir='ltr'>adiunxerit.</span> <span class='ocrx_word' id='word_1_455' title='bbox 1139 2707 1179 2713; x_wconf 82' lang='lat'>—</span> <span class='ocrx_word' id='word_1_456' title='bbox 1219 2690 1437 2731; x_wconf 78' lang='lat' dir='ltr'>detrimenti,</span> <span class='ocrx_word' id='word_1_457' title='bbox 1461 2691 1544 2724; x_wconf 81' lang='lat' dir='ltr'>dass</span> 
     </span>
     <span class='ocr_line' id='line_1_50' title="bbox 64 2734 1544 2783; baseline 0.003 -14"><span class='ocrx_word' id='word_1_458' title='bbox 64 2735 156 2769; x_wconf 85' lang='lat' dir='ltr'>kein</span> <span class='ocrx_word' id='word_1_459' title='bbox 182 2734 393 2770; x_wconf 78' lang='lat' dir='ltr'>Nachtheil</span> <span class='ocrx_word' id='word_1_460' title='bbox 418 2736 552 2769; x_wconf 74' lang='lat' dir='ltr'>damus</span> <span class='ocrx_word' id='word_1_461' title='bbox 577 2737 785 2772; x_wconf 79' lang='lat' dir='ltr'>erwachse.</span> <span class='ocrx_word' id='word_1_462' title='bbox 822 2758 859 2764; x_wconf 84' lang='lat'><em>—</em></span> <span class='ocrx_word' id='word_1_463' title='bbox 898 2738 978 2772; x_wconf 84' lang='lat' dir='ltr'>dum</span> <span class='ocrx_word' id='word_1_464' title='bbox 1006 2751 1051 2768; x_wconf 66' lang='lat'>2:</span> <span class='ocrx_word' id='word_1_465' title='bbox 1080 2737 1134 2769; x_wconf 82' lang='lat' dir='ltr'>bis</span> <span class='ocrx_word' id='word_1_466' title='bbox 1160 2736 1252 2772; x_wconf 80' lang='lat' dir='ltr'>dass.</span> <span class='ocrx_word' id='word_1_467' title='bbox 1287 2757 1324 2763; x_wconf 78' lang='lat'>—-=</span> <span class='ocrx_word' id='word_1_468' title='bbox 1352 2739 1473 2783; x_wconf 75' lang='lat' dir='ltr'>istinc,</span> <span class='ocrx_word' id='word_1_469' title='bbox 1499 2750 1544 2773; x_wconf 79' lang='lat' dir='ltr'>ex</span> 
     </span>
    </p>
   </div>
  </div>
 </body>
</html>
