1795 3086
572 101 889 145 EPISTOLA
918 101 1122 146 DCCLI.
1492 97 1580 146 185

110 227 307 259 versura,
344 227 495 257 verum
534 212 669 255 etiam
697 212 974 265 venditione,
1021 214 1061 255 si
1097 213 1160 255 ita
1197 224 1268 253 res
1292 216 1452 266 coget,
1497 225 1578 253 nos

109 270 373 311 vindicabis.
430 270 570 311 Bruto
620 274 719 310 tuae
757 268 916 309 literae
955 275 1106 321 gratae
1147 272 1283 310 erant.
1339 269 1426 309 Fui
1463 269 1579 308 enim
1617 283 1643 322 3

112 325 227 379 apud
271 325 398 366 illum
435 325 596 365 multas
636 324 767 365 horas
807 324 854 363 in
894 322 1077 372 Neside,
1119 338 1253 379 quum
1291 324 1442 378 paullo
1481 327 1580 363 ante

112 385 209 421 tuas
239 381 395 422 literas
425 379 708 433 accepissem.
767 377 998 419 Delectari
1027 379 1141 418 mihi
1170 380 1317 420 Tereo
1346 379 1582 420 videbatur

111 441 155 476 et
185 435 346 476 habere
375 437 589 476 maiorem
616 434 756 475 Accio
802 446 932 488 quam
969 432 1162 473 Antonio
1202 434 1402 487 gratiam.
1460 433 1581 474 Mihi

112 496 256 532 autem
285 504 372 545 quo
401 490 590 531 laetiora
618 494 735 541 sunt,
785 502 835 529 eo
867 490 964 543 plus
1009 488 1229 529 stomachi
1268 495 1312 530 et
1350 489 1582 530 molestiae

112 552 180 587 est
220 547 425 601 populum
463 545 713 586 Romanum
751 558 904 585 manus
944 556 1044 584 suas
1083 557 1171 584 non
1211 545 1257 583 in
1305 545 1586 586 defendenda

113 616 160 642 re
188 603 381 655 publica,
427 601 507 641 sed
542 601 590 641 in
631 600 882 655 plaudendo
923 613 1191 640 consumere.
1250 599 1368 639 Mihi
1406 601 1586 654 quidem

112 657 320 698 videntur
358 656 546 697 istorum
586 655 726 698 animi
764 654 942 697 incendi
980 656 1116 696 etiam
1154 654 1211 696 ad
1253 660 1585 708 repraesentan-

113 714 215 752 dam
244 712 573 766 improbitatem
611 725 746 752 suam.
812 711 902 752 Sed
940 714 1099 756 tamen,
1153 709 1392 752 dummodo
1431 710 1587 753 doleat

113 766 305 823 aliquid,
338 766 495 809 doleat
524 766 638 820 quid
674 766 813 808 lubet.
888 765 1138 807 Consilium
1174 779 1319 806 meum
1359 766 1478 820 quod
1518 767 1584 807 ais
1623 783 1649 823 4

113 823 317 877 quotidie
345 823 486 876 magis
515 822 706 874 laudari,
749 835 835 862 non
864 822 1046 862 moleste
1076 820 1198 870 fero,
1250 823 1584 875 exspectabam-

115 891 216 932 que,
244 878 282 918 si
312 878 421 932 quid
453 877 507 917 de
537 891 589 918 eo
619 878 674 917 ad
704 890 773 917 me
803 876 1035 918 scriberes.
1092 877 1192 930 Ego
1223 877 1340 918 enim
1369 877 1417 917 in
1435 879 1585 918 varios

117 946 339 974 sermones
378 932 641 973 incidebam.
701 931 822 981 Quin
860 932 998 973 etiam
1037 932 1211 973 idcirco
1251 932 1497 985 trahebam,
1538 938 1589 972 nt

115 1001 247 1042 quam
277 988 530 1028 diutissime
567 989 790 1041 integrum
829 992 959 1028 esset.
1027 988 1116 1029 Sed
1154 990 1363 1041 quoniam
1402 987 1590 1029 furcilla

115 1043 411 1092 extrudimur,
441 1042 729 1083 Brundisium
760 1043 921 1097 cogito.
979 1043 1182 1085 Facilior
1213 1044 1327 1084 enim
1359 1047 1402 1084 et
1433 1045 1589 1098 explo-

116 1099 255 1140 ratior
284 1098 501 1141 devitatio
541 1098 766 1153 legionum
802 1098 903 1139 fore
941 1099 1122 1140 videtur
1157 1113 1287 1154 quam
1329 1099 1590 1154 piratarum,

116 1215 171 1248 als
197 1214 320 1248 meine
353 1213 470 1247 Ehre.
508 1212 544 1247 d.
580 1211 605 1249 i.
641 1212 762 1247 treibe
797 1212 872 1253 ein,
908 1212 1024 1256 leihe,
1059 1213 1241 1247 verkause
1273 1214 1390 1248 damit
1425 1216 1491 1249 ich
1522 1217 1594 1250 mit

117 1262 252 1296 Ehren
276 1261 458 1296 bestehen
484 1261 559 1294 und
585 1260 768 1294 bezahlen
794 1259 931 1294 kiinne.
960 1279 1003 1285 -—-
1029 1272 1191 1302 versura,
1218 1262 1339 1296 durch
1359 1263 1594 1298 Geldauflei-

118 1310 194 1343 hen
220 1312 285 1343 fiir
308 1310 462 1343 Zinsen.
491 1327 534 1334 -——
558 1309 656 1343 vend.
683 1308 878 1343 bonorum.
912 1326 954 1334 —
993 1319 1060 1342 nos
1083 1309 1295 1350 vindicabis,
1322 1318 1418 1345 reue
1444 1313 1595 1346 melnen

116 1359 273 1392 Nannen.

212 1408 246 1440 3.
295 1408 376 1438 tuae
412 1403 458 1438 ad
490 1415 550 1438 me
586 1402 720 1439 missae
745 1403 905 1447 literae,
940 1415 986 1437 an
1024 1404 1070 1438 ad
1106 1405 1291 1440 Brutum?
1340 1406 1448 1440 Tunc
1483 1407 1596 1442 initio

118 1453 297 1498 epistolae
322 1451 570 1497 praeferenda
593 1454 697 1486 foret
722 1451 837 1486 lectio
864 1454 1021 1486 alteram
1045 1454 1157 1487 Bruti
1183 1465 1253 1498 pro
1278 1465 1301 1487 a
1327 1455 1450 1497 Bruti,
1484 1467 1596 1499 quam

118 1500 243 1534 exhib.
270 1500 345 1533 Md.
372 1501 457 1534 Asc.
483 1500 583 1533 Crat.
607 1499 704 1532 Vict.
731 1501 869 1534 Manuf.
904 1520 947 1526 -
980 1501 1018 1534 in
1048 1501 1195 1535 Neside.
1235 1503 1345 1536 Hunc
1380 1503 1420 1535 iu
1456 1504 1596 1537 Neside

120 1559 361 1595 congressum
387 1547 605 1595 significans
645 1546 815 1593 Philipp.
841 1548 885 1589 X,
911 1549 949 1581 4:
986 1549 1153 1590 Brutum,
1180 1550 1317 1594 inquit,
1344 1549 1400 1585 his
1426 1551 1515 1594 ipsis
1542 1553 1595 1585 lu-

120 1597 242 1629 dorum
268 1595 393 1627 (liebus
416 1595 577 1628 videbam
601 1594 640 1627 in
663 1594 784 1628 insula
817 1595 1020 1629 clarissimi
1052 1598 1291 1632 adolescentis
1319 1598 1476 1643 Luculli,
1506 1611 1596 1644 pro-

120 1643 247 1687 pinqui
271 1643 341 1684 sui,
366 1641 457 1675 nihil
481 1642 553 1675 nisi
577 1643 620 1675 de
642 1652 733 1684 pace
765 1646 800 1675 et
834 1645 1026 1677 concordia
1051 1645 1182 1678 civium
1215 1646 1446 1688 cogitantem.
1486 1649 1596 1682 SGH.

123 1709 165 1715 —
205 1691 430 1733 accepissem,
480 1691 558 1723 An:
595 1690 790 1732 accepisset
824 1691 960 1724 Brutus
999 1692 1145 1726 easdem
1166 1692 1264 1727 „illas
1296 1701 1391 1735 tuas,
1433 1706 1526 1738 quae
1561 1696 1595 1729 ei

122 1745 197 1773 tam
224 1744 351 1785 gratae
378 1739 510 1772 erant?
538 1737 732 1771 ORELLI.
773 1755 820 1762 —
864 1738 946 1772 Del.
976 1740 1098 1773 Tereo.
1145 1737 1313 1775 Pertinet
1338 1742 1384 1775 ad
1408 1742 1597 1787 plausum,

122 1786 187 1830 qui
212 1786 327 1819 Bruto
354 1785 393 1817 in
421 1785 518 1818 ludis
545 1796 653 1829 saepe
679 1785 782 1819 datus
816 1787 950 1826 fuerat,
986 1799 1100 1831 quum
1134 1795 1313 1835 ageretur
1344 1789 1470 1824 fabula
1504 1791 1600 1825 Attii

122 1834 274 1867 Tereus.
306 1833 536 1867 ERNESTI.
588 1832 625 1867 S.
655 1845 713 1878 ep.
742 1834 822 1875 749,
853 1836 882 1867 1.
908 1833 985 1866 und
1011 1847 1057 1867 zu
1082 1836 1163 1878 763,
1191 1838 1223 1871 2.
1256 1838 1433 1871 ludorum.
1478 1857 1520 1862 —
1555 1841 1596 1873 L.

123 1881 297 1914 Antonio.
339 1880 375 1915 S.
404 1893 451 1914 zu
477 1883 558 1922 749,
588 1883 618 1917 l.
671 1899 712 1906 —
765 1882 927 1922 istorum,
964 1882 1144 1927 inprimis
1170 1884 1338 1926 Antonii,
1366 1887 1430 1930 qui
1455 1887 1599 1931 patriae

123 1929 346 1962 liberatores
372 1929 512 1969 oderat,
546 1929 590 1961 ad
615 1929 857 1973 tyrannidem
883 1937 1067 1973 spectans.
1110 1949 1154 1956 —-
1198 1933 1346 1966 incendi
1369 1948 1418 1965 z
1446 1933 1600 1969 invitari

124 1976 344 2022 plaudendo,
371 1976 410 2009 id
434 1982 488 2010 est
514 1976 612 2020 quod
637 1976 766 2010 vident
792 1977 973 2021 populum
991 1979 1107 2012 Bruto
1133 1979 1275 2014 absenti
1300 1982 1473 2026 plausum
1499 1983 1602 2024 dare,

125 2024 235 2057 eliam
260 2024 308 2057 ad
333 2035 430 2067 repr.
456 2024 609 2067 improb.
636 2035 676 2062 8.‚
704 2035 742 2058 so
768 2024 913 2058 erhitzt
937 2038 983 2059 zu
1009 2026 1176 2070 werden,
1212 2028 1291 2062 dass
1318 2029 1372 2063 sie
1398 2031 1467 2065 mit
1492 2031 1603 2066 ihrer

126 2070 398 2106 Verruchtheit
423 2071 616 2106 schneller
647 2072 930 2107 hervortreten.
980 2075 1038 2107 Zu
1063 2085 1223 2119 repraes.
1250 2077 1331 2124 vgl.
1361 2078 1463 2113 Caes.
1489 2080 1534 2113 <le
1560 2082 1600 2115 B.

125 2119 226 2153 Gall.
253 2119 284 2162 1,
310 2121 372 2154 40:
401 2120 529 2162 Itaque
555 2131 593 2153 se
620 2126 693 2154 cet.
729 2139 772 2145 —
806 2121 993 2155 dummodo
1019 2147 1027 2154 .
1056 2146 1063 2154 .
1091 2148 1099 2156 .
1127 2124 1235 2166 lubet,
1269 2125 1363 2159 doch
1400 2139 1512 2162 wenn
1547 2129 1601 2164 sie

125 2179 199 2200 nur
222 2167 351 2200 Etwas
376 2169 519 2215 'arg-ert,
545 2179 632 2214 mag
659 2179 698 2201 es
723 2169 818 2209 sein,
843 2180 921 2203 was
947 2181 985 2204 es
1013 2169 1112 2205 will.
1160 2170 1224 2207 Sic
1257 2184 1276 2206 e
1312 2174 1449 2211 Tuscul.
1482 2176 1517 2221 4,
1544 2180 1601 2213 20.

125 2214 321 2248 ORELLI.
372 2214 544 2249 Senarius
571 2215 753 2250 iambicus
780 2216 940 2250 Afranii.

220 2287 255 2320 4.
305 2286 502 2320 Consilium
527 2287 568 2320 in
594 2286 792 2322 Graeciam
817 2288 1094 2333 proficiscendi.
1122 2291 1192 2324 cfr.
1220 2303 1278 2338 ep.
1306 2294 1387 2337 748,
1413 2297 1446 2329 3.
1483 2314 1523 2320 -
1558 2297 1604 2338 si,

128 2331 175 2374 εἰ,
199 2333 256 2369 ob.
296 2351 344 2359 —
384 2335 508 2368 varios
531 2346 637 2369 serm.
664 2336 742 2380 vgl.
770 2347 827 2381 ep.
855 2338 936 2372 742.
969 2356 1016 2362 —
1057 2337 1242 2373 trahebam
1266 2344 1513 2386 propositum,
1541 2344 1603 2378 ich

129 2391 202 2426 zog
225 2381 322 2414 diess
347 2382 449 2414 mein
463 2382 675 2423 Vorhaben,
703 2384 827 2418 meine
844 2384 965 2427 Reise,
993 2385 1033 2417 in
1057 2385 1118 2419 die
1128 2387 1266 2435 Lange.
1281 2391 1469 2430 —e'nlegiz
1500 2397 1602 2433 esset,

131 2428 228 2461 freie
254 2428 384 2461 H'ande
410 2428 525 2472 hatte,
552 2430 647 2463 thun
672 2430 828 2473 kb‘nnte,
853 2431 948 2467 Was
972 2432 1039 2466 ich
1063 2435 1210 2470 wollte.
1253 2457 1295 2463 —
1326 2430 1503 2479 sue'cilla,
1531 2441 1603 2474 mit

131 2475 201 2509 der
226 2475 437 2518 Heugabel;
464 2484 505 2511 ut
529 2478 568 2510 in
593 2479 798 2522 proverbio
825 2485 889 2512 est.
923 2498 970 2505 —
1003 2481 1141 2516 Brund.
1167 2484 1359 2531 navigare.
1400 2506 1441 2511 --
1480 2489 1602 2531 explo—

133 2527 220 2564 rat„
247 2522 410 2557 leichter
434 2536 480 2557 zu
507 2525 700 2569 erspa'hen,
741 2525 933 2569 sicherer3
970 2540 1083 2563 wenn
1110 2541 1150 2563 er
1175 2542 1248 2565 von
1274 2533 1512 2567 Brundisium
1540 2537 1601 2568 ab-

132 2570 258 2604 fiihre.
304 2588 345 2594 ——
384 2571 574 2613 legionum,
600 2586 689 2617 quas
716 2574 759 2607 ab
784 2573 943 2608 Antonio
974 2577 1181 2620 arcessitas,
1219 2581 1405 2623 profectas
1439 2593 1457 2615 c
1484 2585 1602 2617 Mace-

132 2618 245 2651 donia
269 2618 505 2652 Brundisium
531 2620 732 2655 adventare
760 2623 856 2654 sama
890 2630 980 2658 erat.
1031 2625 1273 2659 Brundisium
1311 2634 1434 2661 tamen
1467 2637 1502 2663 et
1529 2631 1602 2665 iter

134 2666 231 2698 illud
258 2672 383 2710 postea
409 2667 557 2708 vitavit,
583 2674 624 2701 ut
650 2669 729 2714 ipse
754 2676 882 2703 narrat
907 2671 1072 2716 Philipp.
1101 2675 1133 2706 1.
1176 2675 1377 2708 MANUT.
1430 2677 1515 2711 le.
1543 2692 1598 2724 op.

135 2715 217 2754 750,
243 2714 274 2746 4.
307 2732 346 2737 —-
374 2725 475 2756 ‘suam
499 2715 717 2759 piratarum,
752 2718 863 2750 n'aml.
899 2729 1009 2752 wenn
1045 2731 1087 2752 er
1120 2731 1191 2753 von
1217 2721 1286 2754 der
1310 2706 1484 2760 anderen?
1499 2725 1600 2761 Seite

135 2762 302 2804 hahens,
331 2771 404 2797 von
430 2762 575 2798 Puteoli
600 2764 800 2813 absegelte.
843 2764 880 2800 S.
908 2776 965 2811 ep.
992 2768 1072 2809 733,
1099 2769 1132 2803 3.
1161 2770 1241 2811 732,
1262 2773 1294 2806 3.
1325 2772 1404 2815 749,
1430 2775 1474 2817 33
1508 2775 1600 2809 iiber
