1795 3086
210 44 296 94 132
476 45 538 88 M.
569 45 623 88 Τ.
655 39 995 86 CICERONIS
1025 38 1395 84 EPISTOLAE.

207 161 309 200 bum
351 158 443 198 cito
484 156 696 197 transisse
740 154 895 195 laetor.
969 152 1042 194 Tu
1085 152 1194 206 quid
1234 151 1495 205 ogerisvtua
1543 165 1674 207 quum

207 213 346 265 tristi,
375 217 467 253 tum
496 213 627 252 etiam
656 208 838 249 difficili
877 208 930 249 ad
971 207 1298 249 consiliandum
1329 207 1566 260 legatione,
1602 221 1676 249 ve-

208 269 438 310 hementer
487 269 709 320 exspecto.
773 264 859 305 Est
910 265 1024 304 enim
1063 262 1410 317 inexplicabilis.
1477 263 1550 304 Ita
1589 263 1675 303 cir-

210 323 516 365 cumsedemur
545 320 684 376 copiis
722 321 934 360 omnibus.
1001 317 1077 359 Me
1118 318 1295 371 quidem
1332 317 1465 358 Bruti
1506 317 1680 369 literae,

209 392 320 434 quas
351 377 551 418 ostendis
580 390 606 417 a
633 380 676 416 te
694 375 850 424 lectas,
879 375 944 415 ita
973 376 1300 429 perturbarunt,
1329 377 1392 425 ut,
1414 372 1680 427 qua'mquam

208 437 310 476 ante
348 434 531 487 egebam
575 431 778 481 consilio,
827 433 971 470 tamen
1009 430 1146 471 animi
1183 430 1335 470 dolore
1372 427 1455 468 sim
1493 428 1678 469 tardior.

209 489 301 532 Sed
348 490 488 544 plura,
538 500 670 541 quum
716 487 805 526 ista
843 498 1048 538 cognoro.
1133 485 1234 526 Hoc
1274 487 1417 525 autem
1466 486 1681 538 tempore,

211 543 329 599 quod
359 543 613 595 scriberem,
659 540 775 581 nihil
817 545 928 590 erat,
972 553 1110 594 eoque
1138 541 1300 589 minus,
1346 538 1463 593 quod
1504 538 1679 579 dubita-

211 602 325 651 bam,
356 603 403 639 tu
434 598 515 638 has
545 599 663 651 ipsas
694 596 848 636 literas
878 608 1053 636 essesne
1082 599 1356 649 accepturus.
1425 594 1537 635 Erat
1565 593 1681 634 enim

212 656 443 703 incertum,
474 654 706 694 visurusne
735 654 778 691 te
807 655 925 691 esset
954 650 1224 692 tabellarius.
1279 650 1379 704 Ego
1408 655 1506 690 tuas
1527 650 1682 691 literas

212 709 493 752 vehementer
522 710 745 762 exspecto.

368 876 681 919 EPISTOLA
711 875 1023 919 DCCXXIII.
1083 875 1160 926 (ad
1189 874 1281 915 Att.
1313 873 1418 916 XVi
1449 873 1535 923 10.)

265 951 345 986 Ser.
372 951 412 985 in
438 951 649 985 Tusculano
678 951 779 985 circa
806 952 929 985 Nonas
956 950 1080 983 Iunias
1107 950 1150 983 A.
1178 949 1221 983 U.
1248 949 1288 985 C.
1317 950 1397 984 710.
1431 949 1477 990 (a.
1505 948 1543 982 C.
1571 948 1645 991 44.)

363 1018 555 1053 Incertum
580 1029 619 1052 se
646 1029 724 1052 esse
752 1018 907 1057 fatetur,
935 1015 1113 1059 quidnam
1139 1017 1253 1049 Bruto
1280 1014 1430 1049 consilii
1455 1015 1527 1049 det.

724 1081 901 1115 CICERO
928 1079 1109 1113 ATTICO
1136 1079 1173 1113 S.

320 1150 362 1193 Ο
392 1150 525 1193 Bruti
553 1152 750 1191 amanter
778 1147 971 1203 scriptas
1001 1147 1182 1189 literas!
1242 1147 1283 1188 Ο
1324 1147 1527 1202 iniquum
1566 1151 1686 1190 tuum

208 1212 396 1262 tempus,
443 1207 521 1261 qui
559 1206 616 1247 ad
657 1219 755 1245 eum
794 1205 862 1244 ire
892 1217 981 1260 non
1020 1204 1192 1257 possis!
1246 1203 1346 1259 Ego
1385 1208 1532 1245 autem
1577 1205 1687 1258 quid

209 1263 427 1304 scribam?
481 1262 544 1302 Ut
580 1259 798 1302 beneficio
838 1257 1026 1300 istorum
1065 1259 1273 1300 utantur?
1328 1258 1454 1308 Quid
1490 1261 1688 1314 turpius?

211 1319 274 1360 Ut
319 1317 562 1359 moliantur
611 1315 811 1369 aliquid?
881 1314 976 1355 Nec
1019 1314 1183 1354 audent
1236 1326 1319 1355 nec
1363 1315 1451 1355 iam
1491 1320 1687 1369 possunt.

211 1376 323 1429 Age,
364 1372 597 1427 quiescant
641 1370 897 1411 auctoribus
941 1368 1092 1410 nobis!
1165 1369 1280 1419 Quis
1331 1369 1687 1411 incolumitatem

214 1429 436 1486 praestat?
493 1427 543 1468 Si
571 1439 678 1469 vero
708 1424 883 1481 aliquid
913 1425 968 1466 de
998 1425 1189 1467 Decimo
1219 1426 1426 1479 gravius3
1467 1438 1580 1479 quae
1611 1440 1687 1467 no-

214 1546 312 1582 ferri
338 1552 376 1580 et
401 1546 445 1580 de
470 1545 510 1579 h.
537 1545 622 1580 loco
650 1551 687 1579 et
718 1544 790 1589 Ep.
826 1555 907 1589 sup.
942 1542 971 1586 §-
1005 1544 1040 1578 2.
1083 1541 1142 1585 (11.
1180 1542 1240 1576 611.
1269 1544 1356 1586 719)
1399 1544 1442 1577 de
1474 1548 1519 1584 te,
1561 1555 1690 1589 quaeso

213 1596 280 1630 vix
304 1600 446 1640 potest3
481 1605 596 1638 quum
622 1593 839 1638 ignoremus
872 1597 958 1625 ante
990 1590 1126 1633 omnia,
1160 1602 1208 1624 an
1242 1590 1355 1624 etiam
1391 1591 1579 1637 equitibus
1616 1593 1690 1627 Ro-

214 1643 334 1676 manis
372 1642 505 1676 solitae
539 1640 615 1675 sint
643 1639 725 1674 dari
758 1638 908 1673 votivae
952 1644 989 1672 et
1030 1638 1173 1672 liberae
1205 1638 1426 1686 legationes.
1483 1640 1568 1688 Ego
1603 1651 1688 1674 cum

213 1690 422 1738 Mongaltio
448 1701 489 1723 ea
513 1688 559 1723 de
585 1700 628 1722 re
652 1688 901 1722 vehementer
926 1686 1066 1720 dubito.
1116 1686 1230 1720 Recte
1262 1687 1293 1720 is
1330 1687 1552 1734 intelligere
1583 1688 1688 1722 vide-

214 1745 277 1772 tur
302 1739 347 1772 de
372 1736 602 1784 allegatione
627 1734 919 1783 (Abschickung
945 1734 1049 1768 eines
1075 1733 1285 1776 Freundes)
1317 1734 1364 1767 ad
1388 1735 1544 1768 Brutum
1571 1747 1598 1768 s.
1625 1736 1688 1769 iti·
1713 1761 1716 1763 A
1773 1738 1775 1742 ’

215 1797 307 1820 nere
331 1786 540 1819 Lanuvium
566 1783 611 1817 ad
636 1795 723 1819 eum
747 1782 940 1826 faciend03
977 1782 1028 1815 ita
1058 1787 1101 1815 ut
1132 1781 1354 1824 legationem
1376 1782 1524 1817 ludicre
1550 1782 1689 1817 dixerit

214 1844 285 1879 pro
312 1833 547 1875 allegatione,
573 1838 615 1865 ut
641 1843 753 1877 supra
780 1831 964 1865 Caerellia
989 1829 1100 1863 missa
1124 1834 1177 1863 est
1202 1830 1329 1872 legata
1353 1830 1407 1870 (h.
1437 1831 1494 1864 ed.
1522 1842 1579 1876 ep.
1607 1833 1687 1874 701,

213 1883 274 1924 4.).
301 1880 496 1915 ORELLI.
546 1880 667 1921 „Was
692 1881 752 1914 Du
777 1878 897 1911 durch
912 1877 1032 1913 Deine
1057 1887 1097 1911 so
1122 1877 1230 1912 wohl
1255 1878 1423 1925 traurige
1448 1878 1503 1911 als
1528 1878 1688 1913 schwie-

215 1929 297 1976 rige
323 1928 430 1962 Reise
456 1927 508 1961 als
535 1927 832 1975 Abgeordneter‚
858 1937 923 1959 um
943 1924 1042 1959 Dich
1066 1925 1137 1958 mit
1153 1925 1289 1958 Brutus
1314 1937 1362 1958 zu
1387 1924 1580 1970 beratheri,
1607 1938 1687 1960 aus-

213 1976 366 2011 richten
391 1976 565 2017 diirftest‚
599 1976 735 2008 darauf
754 1974 818 2007 bin
844 1973 909 2007 ich
934 1973 1025 2006 sehr
1048 1972 1292 2019 neugierig.“
1325 1991 1367 1997 —-
1415 1974 1565 2017 inea-pl„
1590 1974 1688 2008 denn

214 2024 311 2058 Dein
336 2024 498 2070 Auftrag
523 2023 672 2071 gleicht
709 2022 834 2055 einem
864 2020 1163 2054 unauflfislichen
1198 2021 1346 2054 Knoten
1378 2020 1468 2063 (wie
1494 2022 1562 2055 der
1587 2022 1686 2056 Gor-

213 2071 368 2114 dische).
397 2089 439 2095 —
468 2072 626 2111 tardior,
651 2070 749 2104 noch
774 2070 970 2114 stumpfer,
996 2067 1198 2102 rathloser.
1235 2086 1279 2092 —
1310 2069 1423 2112 plura
1464 2070 1684 2103 scribemus.

216 2138 257 2144 ——
285 2120 369 2159 ista,
414 2118 510 2153 Was
536 2130 583 2151 zu
609 2118 704 2152 Rom
728 2116 903 2164 vorgeht.
953 2133 1000 2140 —
1043 2116 1234 2149 visurusne
1259 2140 1267 2148 .
1293 2140 1302 2150 .
1329 2142 1337 2149 .
1364 2117 1596 2161 tabellaria-r,
1639 2117 1686 2152 ob

213 2167 281 2202 der
304 2165 496 2200 Briefbote
521 2165 652 2200 wiirde
677 2177 724 2199 zu
749 2166 820 2200 Dir
844 2163 1031 2212 gelangen
1058 2163 1222 2197 kb‘nnen.

313 2216 345 2248 l.
371 2217 466 2247 {uum
478 2239 486 2247 .
499 2237 506 2247 .
519 2237 541 2255 .,
567 2213 630 2259 qui
643 2219 740 2246 :ut
752 2219 812 2247 tu.
827 2237 834 2245 .
848 2241 856 2248 .
869 2222 938 2244 non
952 2211 1081 2254 possis.
1109 2210 1304 2245 S.Ramsh.
1321 2210 1349 2252 ἕ.
1363 2211 1516 2252 159,2,6.
1542 2211 1629 2260 Vgl.
1639 2224 1685 2246 zu

215 2272 275 2307 ep.
286 2262 404 2303 729‚2.
421 2261 544 2295 Bruto
555 2261 762 2295 -scriham
775 2260 797 2292 i.
813 2271 843 2293 e.
858 2258 1041 2292 suadeam,
1053 2277 1094 2282 —
1106 2262 1144 2292 ut
1160 2259 1281 2300 benef.
1297 2283 1317 2292 ..
1329 2261 1490 2300 utantur,
1501 2260 1686 2294 frumenti

215 2309 371 2343 curandi
396 2308 580 2351 mandato,
605 2320 679 2343 von
704 2308 773 2341 der
798 2306 927 2341 Gnade
952 2305 1021 2340 der
1044 2306 1262 2340 C'a'sarianer
1291 2305 1491 2340 Gebrauch
1523 2319 1572 2340 zu
1607 2319 1687 2341 ma-
1718 2310 1721 2314 “

215 2356 328 2391 chen.
364 2356 400 2390 S.
427 2357 454 2399 §.
484 2359 514 2390 l.
540 2355 602 2390 des
627 2356 751 2403 vorig.
778 2355 839 2388 ΒΓ.
890 2346 993 2387 Uber
1015 2358 1054 2387 ut
1079 2353 1177 2388 nach
1201 2353 1324 2388 scribo
1350 2353 1538 2388 s.Ramsh,
1565 2354 1685 2397 §.193,

214 2406 246 2446 Ι,
276 2408 305 2439 1.
335 2404 484 2438 Grotef.
510 2404 539 2446 §.
565 2405 701 2439 397.—
721 2407 758 2436 ut
784 2403 866 2436 mol.
893 2402 978 2446 aliq.
1005 2401 1088 2438 scil.
1111 2401 1413 2444 inCaesarianos,
1439 2401 1532 2436 oder
1555 2403 1686 2438 Etwas

214 2464 262 2487 zu
289 2453 452 2501 wagen'?
500 2451 619 2496 h'angt
643 2450 744 2485 noch
768 2451 811 2484 ab
838 2460 912 2484 von
937 2449 1106 2483 scribam.
1145 2467 1186 2475 —
1224 2454 1363 2483 auctor.
1389 2450 1504 2491 nobis,
1528 2452 1596 2484 auf
1616 2462 1684 2484 un-

214 2511 277 2533 ser
300 2500 438 2543 Wo1·t;
473 2498 760 2546 meinetwegen.
811 2517 858 2523 —
909 2497 995 2533 Quis
1019 2497 1125 2530 incol.
1151 2501 1303 2540 praest„
1329 2497 1449 2531 allein
1474 2497 1572 2533 Wer
1596 2509 1682 2532 ver-

212 2547 328 2595 biirgt
352 2547 451 2581 dann
476 2546 561 2581 ihre
586 2545 835 2580 Sicherheit‘?
883 2564 927 2570 —-
977 2545 1019 2577 de
1042 2544 1194 2578 Decimo
1219 2546 1376 2587 gravius
1400 2545 1426 2580 i.
1453 2556 1484 2578 e.
1510 2545 1542 2578 si
1564 2545 1681 2579 Anto-

211 2595 295 2629 nius
322 2595 474 2642 gravius
499 2595 669 2629 consulat
695 2593 865 2636 (Gewalt
896 2591 1123 2632 beschlb'sse)
1148 2593 1189 2625 in
1210 2592 1406 2626 Decimum
1438 2593 1596 2626 Brutum
1637 2594 1681 2634 (5.

209 2654 256 2675 zu
282 2654 341 2688 ep.
368 2644 479 2685 6863,
504 2648 545 2676 ut
572 2642 607 2676 ei
633 2642 769 2687 eripiat
783 2641 1018 2687 provinciam
1033 2640 1211 2683 Galliam,
1237 2640 1548 2685 quemadmodum
1569 2641 1681 2686 paulo

206 2697 291 2734 post
315 2690 476 2726 tentavit
501 2690 684 2726 Mutinam
709 2689 933 2733 obsidend03
958 2699 1070 2735 quam
1095 2699 1208 2736 aegre
1234 2688 1306 2723 hoe
1331 2690 1455 2724 ferent
1479 2689 1615 2725 Brutus
1641 2694 1678 2722 et
