1795 3086
195 22 281 68 160
464 24 524 65 Μ.
556 25 611 67 Τ.
641 23 980 68 CICERONIS
1017 26 1380 73 EPISTOLAE.

256 155 573 200 'EPISTOLA
603 153 828 196 DCCXL.
886 155 963 207 (ad
990 157 1080 197 Att.
1111 155 1246 202 XVI.
1279 159 1344 201 16.
1376 171 1475 213 app.
1507 159 1578 210 Ο.)

282 249 366 288 Sor.
391 249 432 283 in
455 248 663 284 Tusculano
687 253 846 283 exeunte
871 248 981 284 Iunio
1005 247 1046 282 A.
1070 249 1115 284 U.
1140 249 1182 285 C.
1211 251 1288 286 710.
1337 251 1386 294 (a.
1414 253 1459 291 C.
1483 255 1560 299 44.)

189 336 404 383 Capitonem
430 342 563 385 rogat.
597 342 641 371 ut
663 335 733 371 sibi
759 341 797 369 et
827 333 1017 418 Attiteolgn
1031 344 1150 419 l1:3ausa
1179 335 1465 373 Buthrotiorum
1499 350 1651 385 operam

754 393 858 430 praes
878 392 896 417 e
917 407 925 414 .
1004 401 1021 409 -
1078 411 1085 422 ,
1116 399 1118 401 -

602 471 787 509 CICERO
814 470 1047 506 CAPITONI
1077 469 1174 507 SUO
1198 472 1235 506 S.

125 548 188 587 10
298 540 530 595 Nunquam
558 541 706 596 putavi
735 539 856 590 fore,
885 542 934 579 ut
960 539 1143 593 supplex
1169 539 1226 580 ad
1253 543 1297 581 te
1325 538 1544 583 venirem:
1572 539 1652 580 sed

187 596 370 638 hercule
398 597 529 638 facile
559 597 703 652 patior
730 595 881 636 datum
915 599 1108 648 tempuS‚
1147 594 1195 636 in
1230 609 1317 649 quo
1353 608 1546 636 amorem
1580 608 1652 635 ex-

189 654 356 707 perirer
389 657 525 694 tuum.
588 652 782 694 Atticum
816 650 968 705 quanti
1004 650 1186 702 faciam,
1221 651 1324 693 scis.
1388 651 1555 692 Amabo
1591 654 1651 698 fe,

187 709 244 750 da
270 708 380 750 mihi
409 713 452 749 et
479 708 586 750 hoc:
627 707 886 748 obliviscere
927 718 1027 747 mea
1063 718 1217 758 causa,
1259 707 1382 747 illum
1416 706 1651 762 aliquando
1707 734 1711 740 ·

186 778 266 805 suo
295 764 529 816 familiari,
568 762 822 805 adversario
857 766 956 813 tuo,
992 761 1182 803 voluisse
1216 763 1482 814 consultum,
1519 775 1652 815 quum

186 820 305 861 illius
343 819 608 861 existimatio
647 822 863 873 ageretur.
936 816 1038 857 Hoc
1081 816 1269 871 primum
1311 816 1544 869 ignoscere
1586 821 1652 857 est

185 876 475 918 humanitatis
503 879 622 925 tuae5
658 887 761 916 suos
790 874 907 915 enim
936 873 1122 926 quisque
1150 872 1278 913 debet
1305 873 1442 913 tueri:
1478 871 1651 924 deinde,

185 933 225 973 si
260 945 329 973 me
363 944 483 971 amas
521 955 576 961 —
614 931 768 971 omitte
807 929 1008 970 Atticum
1041 951 1096 958 —
1132 928 1341 968 Ciceroni
1383 933 1480 979 tuo,
1522 941 1652 982 quem

185 988 336 1043 quanti
365 986 526 1038 facias,
556 999 663 1040 prae
691 990 736 1026 te
763 985 876 1026 soles
905 984 1046 1034 ferre,
1076 987 1214 1024 totum
1229 983 1313 1024 hoc
1328 983 1405 1035 da,
1435 988 1505 1034 ut,
1535 983 1651 1036 quod

185 1057 359 1097 semper
388 1043 659 1093 existimavi,
689 1053 804 1082 nunc
832 1041 960 1094 plane
988 1039 1250 1091 intelligam,
1278 1052 1348 1079 me
1369 1042 1452 1079 ate
1469 1040 1651 1079 multum

123 1100 338 1143 Mamm-i.
394 1097 653 1138 Buthrotios
690 1108 823 1150 quum
860 1094 1029 1135 Caesar
1064 1094 1243 1134 decreto
1280 1107 1382 1145 suo,
1418 1094 1535 1147 quod
1570 1107 1652 1147 ego

186 1154 415 1207 obsignavi
445 1166 545 1193 cum
573 1151 720 1193 multis
750 1150 1036 1204 amplissimis
1052 1149 1183 1202 viris,
1211 1150 1488 1190 liberavisset
1509 1153 1653 1190 osten-

183 1210 412 1263 dissetque
441 1208 591 1260 nobis,
620 1221 694 1259 se,
724 1219 858 1260 quum
887 1205 1055 1259 agrarii
1084 1218 1206 1245 mare
1235 1206 1521 1255 transissent,
1551 1205 1653 1246 lite-

184 1280 257 1307 ras
286 1267 546 1315 missurum,
584 1276 714 1316 quem
744 1264 791 1302 in
820 1275 973 1314 agrum
1002 1260 1351 1307 deducerentur3
1387 1260 1575 1312 accidit,
1604 1264 1653 1300 ut

184 1321 331 1362 subito
360 1321 442 1360 ille
472 1319 692 1359 interiret.
762 1316 961 1367 Deinde,
1005 1315 1376 1369 quem-admodum
1404 1320 1453 1355 tu
1482 1316 1570 1356 scis
1599 1338 1653 1345 —

184 1375 432 1417 interfuisti
461 1374 603 1425 enim,
632 1386 766 1427 quum
797 1372 999 1413 consules
1017 1374 1244 1425 oporteret
1257 1383 1315 1411 ex
1343 1374 1520 1412 senatus
1550 1383 1653 1410 con-

184 1433 302 1474 sulto
331 1431 387 1471 de
417 1430 528 1471 actis
558 1428 764 1471 Caesaris
794 1440 1061 1482 cognoscere
1089 1448 1143 1455 -—
1172 1439 1244 1467 res
1281 1426 1336 1466 ab
1373 1426 1432 1466 iis
1467 1426 1515 1466 in
1543 1424 1652 1466 Kal.

183 1489 280 1529 Iun.
312 1487 455 1527 dilata
483 1488 563 1527 est.
622 1484 826 1525 Accessit
853 1483 912 1524 ad
941 1486 1118 1522 senatus
1145 1481 1395 1521 consultum
1415 1482 1511 1531 lex,
1540 1495 1653 1535 quae

183 1545 274 1584 lata
301 1547 368 1583 est
396 1555 433 1583 a.
464 1541 508 1583 d.
538 1553 595 1582 lv.
621 1539 736 1581 Non.
757 1539 877 1587 Iun.;
913 1551 1023 1592 quae
1053 1537 1131 1577 lex
1159 1535 1382 1577 EARUM
1410 1534 1653 1587 RERUM,

184 1599 344 1648 QUAS
412 1594 655 1638 CAESAR
716 1592 1124 1645 STATUISSET‚
1190 1590 1652 1642 DECREVISSET,

184 1652 467 1704 EGISSET,
498 1651 750 1694 consulibus
775 1650 1076 1705 cognitionem
1104 1647 1244 1688 dedit.
1302 1648 1448 1688 Causa
1461 1647 1654 1689 Buthro-

183 1712 349 1752 tiorum
378 1709 530 1752 delata
558 1713 625 1750 est
654 1707 712 1752 ad
747 1706 963 1751 consules,
1030 1705 1273 1747 Decretum
1303 1703 1509 1746 Caesaris
1539 1704 1651 1745 reci-

328 1866 584 1901 ΟΑΡΙΤΟΝΙ.
632 1865 710 1900 Est.
737 1866 776 1897 C.
801 1862 929 1896 Ateius
954 1861 1106 1907 Capit0‚
1131 1861 1176 1895 de
1202 1871 1276 1906 quo
1302 1872 1357 1906 ep.
1383 1862 1452 1896 593
1477 1867 1514 1894 et
1538 1861 1619 1895 434.

281 1917 334 1950 10.
368 1916 539 1959 supplex,
572 1914 625 1947 als
657 1911 946 1958 unterth‘duiger
981 1909 1216 1948 Bittsteller„
1247 1909 1400 1943 locatur
1426 1909 1466 1942 in
1502 1908 1654 1952 Capito—

184 1977 271 1999 nem
295 1963 397 1997 haud
422 1974 579 2010 magnae
603 1960 839 1995 auctoritatis
862 1958 1077 2000 hominem,
1112 1968 1226 2000 quum
1253 1957 1365 1995 dicit,
1402 1967 1590 2000 nunquam
1617 1966 1654 1989 se

184 2015 355 2046 futurum
378 2017 544 2055 putasse,
576 2016 617 2044 ut
642 2009 743 2043 illius
768 2019 882 2053 opera
907 2006 1017 2040 valde
1048 2011 1187 2051 egeret.
1220 2004 1423 2038 MANUT.
1452 2024 1495 2030 —-
1530 2004 1654 2036 datum

184 2066 335 2104 tempu-5,
362 2059 441 2092 dass
466 2059 540 2091 mir
564 2058 645 2091 eine
672 2054 923 2099 Gelegenheit
948 2053 1150 2100 geworden
1177 2052 1239 2085 ist.
1267 2070 1310 2076 -—
1337 2062 1480 2095 exper„
1505 2052 1572 2084 auf
1594 2051 1654 2083 die

185 2109 304 2142 Probe
329 2107 461 2140 stenen
486 2106 637 2140 ko'nnte.
663 2121 708 2129 -—-
741 2103 883 2138 Amabo
909 2106 959 2140 te,
996 2111 1034 2135 so
1069 2099 1179 2134 wahr
1208 2098 1272 2133 ich
1297 2098 1399 2132 Dich
1422 2099 1547 2132 lieben
1571 2099 1655 2138 soll,

186 2157 287 2190 mein
313 2155 432 2188 lieber
458 2154 601 2199 Capito.
628 2172 673 2178 --
698 2152 765 2193 da,
790 2152 904 2192 bring
929 2148 1004 2183 mir
1028 2146 1125 2181 auch
1141 2147 1257 2180 dieses
1276 2148 1404 2192 Opfer.
1430 2165 1475 2171 —
1500 2146 1655 2178 voluisse

187 2203 400 2247 consultum,
426 2202 506 2235 dass
530 2212 573 2234 er
598 2199 766 2235 einmahl
790 2201 857 2232 fiir
881 2198 1000 2231 Einen
1025 2195 1145 2229 seiner
1170 2196 1342 2229 Freunde
1362 2194 1482 2227 Partie
1499 2205 1655 2241 genom-

186 2263 274 2286 men
300 2251 375 2285 hat.
402 2251 438 2284 S.
465 2247 616 2284 Ramsh.
644 2248 673 2290 ἓ.
700 2249 780 2289 171,
806 2246 858 2285 11,
883 2246 927 2286 A,
953 2246 990 2281 2.
1017 2243 1165 2289 Grotef.
1192 2241 1221 2284 §.
1247 2243 1328 2277 324.
1363 2261 1407 2266 —
1443 2241 1544 2277 exist.
1578 2251 1654 2283 ag„

185 2301 230 2334 da
256 2299 382 2333 dassen
406 2298 509 2332 Ehre
535 2298 603 2329 auf
626 2297 709 2329 dem
735 2294 858 2340 Spiele
883 2292 1007 2333 stand,
1034 2302 1071 2324 es
1097 2290 1223 2323 dessen
1248 2290 1350 2323 Ehre
1375 2290 1463 2332 galt.
1490 2308 1533 2314 —
1558 2299 1655 2327 suos,

186 2348 246 2382 die
272 2345 468 2392 Seinigen‚
500 2344 650 2378 amicos.
677 2343 763 2389 Vgl.
792 2343 872 2381 737,
899 2342 931 2376 3.
959 2361 1003 2366 --
1037 2338 1157 2372 omitte
1180 2338 1314 2379 Attia,
1349 2338 1420 2371 lass
1453 2337 1524 2370 den
1556 2336 1656 2370 Atti-

187 2408 250 2430 cus
276 2395 379 2428 mahl
405 2393 464 2427 bei
489 2392 599 2426 Seite.
626 2411 668 2416 —
694 2401 787 2434 prae
812 2394 846 2422 te
873 2414 880 2421 .
907 2414 916 2423 .
938 2389 1066 2430 ferre,
1091 2387 1169 2419 laut
1194 2398 1236 2418 zu
1260 2386 1443 2427 riihmen,
1469 2387 1653 2418 ausseren.
1678 2389 1681 2393 ’

283 2446 338 2477 11.
364 2441 519 2482 ostend.‚
547 2440 622 2473 und
647 2450 715 2472 uns
742 2439 813 2471 den
838 2436 968 2471 Wink
993 2434 1159 2482 gegeben
1185 2432 1304 2467 hatte.
1339 2453 1383 2458 —-
1420 2434 1544 2466 literas
1568 2432 1656 2464 mis-

187 2502 259 2525 δαν.
287 2497 357 2524 cet.
384 2500 427 2522 er
451 2489 563 2522 wolle
589 2485 710 2521 durch
738 2486 799 2519 ein
827 2478 1121 2531 nachgesandtes
1156 2481 1427 2516 Ausschreiben
1453 2479 1567 2513 ihnen
1592 2483 1657 2512 an-

188 2540 276 2572 dere
303 2537 534 2571 Leintlereien
561 2533 759 2568 anweisen.
793 2552 839 2557 —
872 2532 1002 2575 interf.
1029 2531 1122 2564 enim
1148 2536 1241 2567 cet.‚
1277 2531 1374 2564 tlenn
1400 2530 1461 2562 Du
1485 2532 1595 2562 warst
1621 2526 1657 2557 ia

188 2587 241 2619 im
275 2587 426 2627 Servate,
463 2586 517 2617 als
551 2595 636 2617 man
669 2581 740 2614 den
775 2581 968 2614 Beschluss
1001 2579 1180 2611 absasstet
1225 2578 1284 2611 die
1323 2577 1488 2612 Consulti
1521 2574 1657 2608 sollten

188 2635 282 2668 iiber
314 2635 383 2667 alle
416 2631 635 2679 bisherigen
668 2630 949 2675 Anordnungen
982 2628 1109 2662 casam
1141 2637 1186 2658 zu
1220 2624 1414 2659 erkennen
1446 2622 1580 2656 haben.
1614 2639 1657 2644 -—

188 2693 224 2717 α.
251 2683 284 2717 d.
313 2682 381 2715 11⁷.
411 2681 503 2715 Non.
530 2680 631 2722 lem,
659 2689 716 2712 um
743 2678 775 2712 2.
803 2676 942 2710 Iunius.
969 2693 1016 2699 —
1042 2673 1201 2716 cogm't.‚
1229 2674 1289 2710 die
1306 2672 1541 2715 Erkennung
1568 2669 1659 2703 uber
