1795 3086
211 73 307 123 358
498 73 559 116 M.
590 71 647 116 T.
679 69 1022 116 CICERONIS
1052 70 1424 116 EPISTOLAE.

211 187 305 229 rari
333 185 451 235 noli3
481 184 596 226 mira
624 187 695 226 est
723 196 876 225 eorum
905 184 1112 227 amentia.
1169 183 1268 227 Nec
1308 197 1380 225 me
1425 195 1549 226 meae
1579 183 1702 226 ullae

215 241 430 299 privatim
459 240 650 281 iniuriae
680 253 890 293 unquam:
919 241 1063 282 malus
1093 240 1266 282 animus
1296 252 1450 281 eorum
1479 240 1526 280 in
1547 243 1704 282 nostra

217 299 374 348 salute,
416 295 642 351 cupiditas
679 293 873 350 partium
902 297 1107 342 aliarum,
1156 294 1494 351 perseverantia
1522 295 1568 336 in
1598 309 1706 336 con-

218 354 464 408 temptione
493 351 652 406 optimi
682 351 898 406 cuiusque
938 352 1129 393 serenda
1164 351 1279 392 mihi
1321 364 1418 398 non,
1450 350 1550 391 fuit.
1606 351 1707 392 Nec

218 414 367 451 tamen
397 421 549 448 omnes
579 406 781 462 perditos
810 420 906 449 esse
934 411 1065 463 puto:
1104 407 1185 448 sed
1214 407 1354 448 iidem
1382 405 1473 457 illi,
1505 405 1585 460 qui
1612 409 1706 447 tum

219 463 466 519 fugientem
494 465 666 518 patrem
706 475 866 515 meum,
909 463 986 517 qui
1028 464 1083 505 L.
1114 463 1370 514 Lentulum,
1409 461 1488 517 qui
1516 461 1706 516 Pompe-

216 521 324 569 ium,
357 519 437 574 qui
465 523 639 561 ceteros
667 517 791 560 viros
821 518 1100 561 clarissimos
1139 532 1226 560 non
1255 521 1535 572 receperunt,
1571 517 1709 558 iidem

217 579 443 630 tamquam
471 576 625 630 aliquo
655 573 751 616 fato
781 577 826 615 et
854 588 971 616 nunc
1000 577 1076 615 aut
1097 575 1410 628 magistratum
1439 576 1602 629 gerunt
1631 577 1709 614 aut

222 644 315 683 eos,
366 632 445 686 qui
483 636 586 672 sunt
630 630 675 671 in
722 630 1004 684 magistratu,
1052 631 1100 670 in
1148 643 1229 671 sua
1269 629 1438 671 habent
1474 631 1707 685 potestate.

222 686 383 741 Itaque
421 687 574 728 eadem
622 684 830 740 superbia
877 686 925 726 in
966 685 1189 740 pravitate
1242 689 1441 726 utuntur.
1508 684 1710 735 Quorum

220 742 552 796 improbitatem
591 741 830 796 aliquando
871 740 1053 782 retundi
1092 745 1139 782 et
1176 754 1265 782 non
1312 741 1407 795 pati
1446 739 1712 796 impunitate

221 797 378 852 augeri
407 811 495 839 non
524 798 671 840 solum
699 797 810 838 utile
838 801 904 839 est
927 797 994 838 rei
1022 797 1230 852 publicae
1250 800 1444 849 nostrae,
1474 796 1554 838 sed
1577 795 1713 837 etiam

223 854 539 896 necessarium.
596 853 667 895 De
697 857 851 894 nostra
879 852 1101 907 dignitate
1140 852 1279 895 velim
1322 850 1409 893 tibi
1449 855 1501 892 ut
1538 864 1715 906 semper

223 922 358 951 curae
388 909 473 952 sit:
523 912 583 961 et,
622 922 886 964 quocunque
926 914 1127 964 tempore
1165 906 1450 949 occasionem
1487 906 1713 960 habueris,

223 969 270 1007 et
304 965 352 1006 in
399 969 558 1007 senatu
605 970 651 1006 et
691 966 856 1006 ceteris
895 965 1024 1006 rebus
1063 963 1190 1005 laudi
1227 968 1409 1005 nostrae
1448 964 1713 1018 suffragere.

224 1020 447 1070 Quoniam
485 1019 741 1062 consulibus
781 1019 964 1062 decreta
1004 1023 1074 1061 est
1110 1019 1220 1061 Asia
1258 1023 1304 1060 et
1341 1019 1606 1073 permissum
1645 1023 1715 1060 est

224 1075 300 1128 iis,
331 1079 395 1129 ut,
424 1075 530 1117 dum
568 1074 659 1131 ipsi
696 1075 918 1129 venirent,
965 1074 1127 1117 darent
1163 1075 1407 1130 negotium,
1444 1075 1522 1129 qui
1558 1074 1714 1117 Asiam

222 1284 313 1330 qnid
335 1283 378 1319 de
403 1283 461 1319 his
484 1283 639 1330 scripsi,
675 1283 811 1320 mirari
845 1284 924 1319 noli
959 1296 979 1320 e
1019 1283 1112 1320 Cdd.
1147 1282 1392 1330 interpolatis
1428 1286 1480 1328 (v.
1514 1296 1545 1320 c.
1578 1285 1713 1320 Dresd.

223 1334 330 1377 tert.)
357 1333 458 1368 Crat.
483 1334 622 1368 Manut.
646 1333 776 1368 Lamb.
815 1332 964 1377 scripsi,
997 1343 1103 1379 quam
1139 1343 1180 1366 re
1211 1343 1297 1366 vera
1331 1344 1392 1367 eos
1414 1334 1551 1376 facere
1582 1334 1715 1368 inveni.

225 1381 329 1417 Quod
351 1391 435 1416 vero
459 1382 607 1426 scripsi,
631 1382 771 1416 mirari
795 1380 875 1415 noli
894 1380 982 1416 Sch.
1010 1381 1109 1415 coni.
1135 1380 1231 1414 Liin.
1259 1380 1456 1415 ORELLI.
1494 1400 1537 1407 —-
1577 1381 1717 1416 mirari

223 1428 312 1471 noli,
335 1428 435 1473 quod
461 1428 514 1463 ita
539 1428 616 1464 sint
640 1429 803 1475 perfidi3
835 1428 937 1463 finde
961 1429 1020 1464 Du
1046 1429 1109 1463 das
1135 1428 1246 1462 nieht
1271 1429 1504 1472 auffallend3
1534 1441 1582 1464 ne
1607 1436 1715 1476 putes

223 1488 285 1510 me
309 1476 439 1521 aliquo
463 1476 612 1523 privato
637 1477 778 1512 affectu
802 1477 995 1510 infensum
1020 1477 1118 1511 falso
1154 1476 1201 1510 de
1235 1476 1283 1511 iis
1315 1477 1511 1522 conqueri,
1548 1488 1715 1524 conque-

223 1532 323 1559 stum
348 1535 440 1559 esse.
465 1543 511 1551 --
536 1535 705 1569 unquam.
749 1524 814 1558 Sic
844 1524 917 1558 Md.
943 1525 994 1567 (ἲ)
1028 1524 1132 1559 Crat.
1157 1524 1256 1558 Vict.
1284 1526 1316 1559 1.
1358 1525 1495 1559 Graev.
1523 1525 1619 1561 ΕΠ).
1645 1527 1716 1560 Be·

223 1572 309 1607 ned.
335 1583 400 1606 nec
425 1583 526 1606 meae
550 1573 648 1606 ullae
680 1583 738 1617 pr.
766 1571 877 1606 iniur.
902 1583 937 1605 u.
972 1571 1069 1606 Vict.
1096 1574 1129 1608 2.
1162 1583 1332 1617 prorsus,
1369 1579 1413 1608 ut
1445 1573 1597 1608 volebat
1623 1574 1717 1609 Cor-

226 1623 319 1655 tius:
362 1620 660 1665 videndumque,
695 1631 822 1654 annon
857 1619 914 1653 sio
940 1619 1076 1654 habeat
1103 1620 1183 1666 ipse
1209 1619 1308 1654 Med.
1351 1621 1396 1655 In
1432 1621 1606 1670 margine
1640 1621 1714 1657 Md.

225 1669 300 1702 alia
325 1678 459 1702 manu:
483 1673 682 1704 moverunt.
730 1669 831 1703 Hinc
857 1669 974 1713 Neap.
1000 1670 1098 1703 Man.
1124 1667 1253 1701 Lamb.
1299 1679 1364 1703 nec
1395 1680 1496 1704 meae
1527 1670 1628 1704 ullae
1656 1681 1717 1715 pr.

226 1717 292 1751 ini.
316 1721 502 1750 moverunt
525 1728 559 1750 a.
602 1716 692 1751 Sch.
728 1717 822 1750 Liin.
857 1727 920 1749 nec
952 1718 992 1750 in
1030 1727 1086 1750 me
1115 1717 1213 1750 ullae
1248 1717 1427 1761 privatim
1462 1717 1528 1752 ini.
1563 1729 1721 1763 unquam

227 1764 315 1799 scil.
354 1765 475 1806 fuere,
511 1765 616 1809 quasi
653 1777 673 1799 e
709 1764 818 1798 libris
850 1763 1031 1806 Manutii,
1074 1764 1140 1808 qui
1172 1770 1300 1799 tamen
1335 1776 1355 1799 e
1387 1766 1503 1813 gloss.
1532 1766 1718 1800 addebant

218 1813 348 1856 suere,
375 1812 594 1857 neutiquam
620 1823 713 1847 vero
739 1823 805 1847 nec
830 1812 869 1845 in
895 1823 961 1846 me.
1007 1813 1208 1848 ORELLI.
1248 1813 1374 1856 „doch
1401 1814 1585 1861 bewogen
1612 1813 1718 1848 mich

227 1873 275 1894 zu
300 1859 452 1894 meinen
477 1861 624 1905 Klagen
649 1861 763 1895 keine
788 1860 1103 1908 Beleidigungen,
1138 1860 1200 1894 die
1234 1860 1300 1894 ich
1333 1863 1400 1896 fiir
1430 1862 1556 1896 meine
1578 1863 1718 1898 Person

227 1908 383 1943 erlitten
407 1908 554 1943 h‘zitte.“
580 1926 622 1934 —-
648 1909 687 1943 in
712 1913 839 1942 nostra
863 1909 991 1942 salute.
1042 1907 1108 1942 Sic
1133 1908 1205 1942 Md.
1232 1909 1329 1943 vict.
1358 1912 1391 1944 1.
1419 1911 1453 1945 2.
1488 1911 1607 1957 Beng.
1633 1910 1659 1944 i.
1687 1922 1717 1944 e.

228 1958 268 1989 in
294 1967 348 1999 re,
374 1955 437 1990 ubi
463 1956 592 2004 agitur
616 1963 744 1992 nostra
769 1956 878 1990 salus.
916 1957 955 1990 in
981 1960 1147 1990 nostram
1170 1957 1324 1991 salutem
1349 1957 1489 1992 Ceteri.
1517 1958 1716 1993 ORELLI.

227 2022 270 2029 -
299 2004 483 2048 cupiditas
507 2016 543 2049 p.
570 2005 635 2048 aL,
661 2004 747 2039 ihre
773 2003 1107 2052 Anh'a'nglichkeit
1130 2017 1178 2038 an
1204 2005 1265 2040 die
1290 2005 1550 2054 gegenseitige
1571 2007 1720 2051 Partei3

226 2052 327 2097 quod
353 2053 504 2087 faveant
543 2053 712 2098 partibus
736 2052 955 2087 Dolabellae
992 2059 1028 2086 et
1061 2053 1230 2087 Antonii.
1283 2071 1325 2077 ——
1373 2055 1501 2098 optimi
1533 2055 1718 2099 cuiusque,

228 2111 302 2134 von
327 2099 468 2142 Allmn,
495 2101 725 2135 wasPatriot
750 2101 878 2135 heisst.
907 2119 953 2126 -
978 2101 1153 2145 perditos,
1178 2112 1381 2147 perversae
1407 2102 1556 2136 mentis.
1582 2121 1630 2128 -—
1646 2103 1720 2144 su-

226 2149 389 2192 gientem
416 2159 461 2181 ex
485 2161 613 2196 pugna
637 2149 867 2183 Pharsalica.
900 2148 984 2182 Vid.
1014 2149 1117 2183 Caes.
1143 2149 1189 2183 de
1204 2151 1242 2185 B.
1255 2149 1335 2184 Civ.
1363 2151 1486 2184 0102.
1511 2151 1717 2186 MANUT.

228 2217 270 2222 —
297 2195 340 2230 L.
366 2195 574 2236 Lentulum,
610 2197 677 2241 qui
709 2197 843 2231 consul
877 2208 963 2230 cum
999 2196 1039 2230 C.
1069 2197 1252 2232 Marcello
1286 2197 1362 2231 fuit
1387 2208 1483 2232 anno
1510 2198 1636 2244 primo
1663 2199 1723 2232 ci-

228 2244 319 2278 vilis
346 2243 452 2278 belli.
479 2245 684 2280 MANUT.
726 2264 771 2271 -
813 2245 934 2287 iidem,
961 2244 1126 2289 inquam.
1161 2245 1429 2290 Epanalepsis.
1480 2266 1524 2274 —
1575 2250 1721 2281 utuntur

227 2292 405 2327 adversus
431 2303 524 2334 nos3
566 2293 643 2327 und
678 2303 717 2327 so
755 2291 971 2327 behandeln
1007 2292 1062 2325 sio
1095 2292 1155 2327 bei
1181 2292 1292 2327 ihrer
1315 2293 1555 2329 verkehrten
1581 2295 1719 2330 Gesin»

228 2352 334 2424 nun}⁸
360 2340 458 2376 auch
486 2352 554 2375 uns
581 2341 652 2376 mit
676 2341 934 2388 demselbigen
959 2332 1207 2377 Ubermuthe.
1251 2359 1293 2366 —
1334 2342 1490 2383 retundi,
1526 2349 1721 2392 gesteuert

226 2400 309 2423 wer
338 2400 368 2423 e.

322 2461 356 2495 4.
409 2459 467 2494 De
493 2471 526 2495 n.
553 2461 668 2503 dign„
693 2460 788 2496 was
811 2472 947 2496 unsel-e
971 2461 1123 2497 Wstrde
1148 2460 1309 2496 betrifft.
1352 2479 1394 2486 —-
1438 2466 1470 2496 et
1502 2462 1637 2498 ceteris
1662 2474 1719 2497 re-

228 2511 304 2551 bus,
342 2508 419 2542 und
444 2508 653 2544 anderswo.
703 2509 767 2543 sic
801 2509 875 2544 Md.
908 2510 1004 2544 Vict.
1036 2512 1066 2544 1.
1093 2512 1126 2546 2.
1159 2509 1196 2543 in
1223 2515 1288 2545 cet.
1321 2510 1451 2544 Lamb.
1477 2510 1590 2556 Seqq.
1641 2512 1719 2546 cfr.

229 2557 298 2600 Ep.
325 2558 382 2592 21.
411 2557 606 2592 ORELLI.
635 2575 676 2581 -—-
704 2558 807 2591 laudi
829 2561 976 2592 nostrae
1001 2559 1225 2601 suffragere,
1261 2558 1337 2592 und
1364 2558 1445 2593 dass
1471 2560 1531 2594 Du
1556 2559 1625 2593 der
1649 2572 1719 2595 uns

230 2604 492 2651 zugedachten
515 2605 623 2639 Ehre
649 2606 771 2640 Deine
798 2606 1080 2653 Beistimmung
1104 2606 1225 2655 geben
1242 2607 1399 2655 mog-est.
1427 2626 1469 2632 —
1499 2607 1719 2651 consulibus,

230 2653 366 2687 Pansae
395 2660 433 2687 et
458 2653 601 2695 Hirtio,
627 2665 717 2700 quos
744 2654 937 2697 Lentulus,
976 2666 1092 2699 quum
1127 2654 1199 2689 hoc
1233 2654 1435 2696 scribebat,
1475 2655 1609 2690 obiisse
1653 2668 1719 2690 ne-

231 2699 381 2737 sciebat.
417 2701 622 2737 MANUT.
675 2701 839 2744 „Einem
865 2701 932 2737 der
957 2701 1092 2736 beiden
1118 2703 1328 2738 Consuln.“
1355 2721 1397 2727 ——
1432 2703 1491 2737 iis.
1519 2703 1592 2738 Md.
1617 2703 1717 2740 crat.
1768 2704 1769 2707 ’

234 2749 327 2789 vict„
357 2751 388 2786 1.
415 2751 450 2789 2.
477 2748 546 2785 his.
590 2770 636 2778 --
678 2751 807 2786 darent
833 2750 1030 2795 negotium,
1054 2752 1112 2798 qui
1138 2751 1266 2788 Asiam
1292 2751 1488 2792 obtineant,
1514 2752 1623 2788 einen
1648 2753 1719 2789 Be-
