1795 3086
195 55 282 103 126
477 56 539 100 Μ.
569 57 625 100 Τ.
656 53 996 101 CICERONIS
1025 56 1395 102 EPISTOLAE.

1693 171 1703 188 Ι

125 166 152 205 2
188 168 310 210 tiva:
338 167 418 211 sed
450 168 557 210 licet
584 169 652 210 uti
679 172 881 224 utraque.
940 169 1010 210 De
1049 173 1111 226 te,
1148 183 1328 224 quaeso,
1368 169 1502 211 etiam
1531 173 1662 226 atque

186 225 323 266 etiam
352 224 468 267 vide.
524 224 679 266 Velim
707 224 853 280 possis
884 238 1053 266 coram:
1090 226 1130 266 si
1157 226 1301 267 minus
1330 226 1487 282 possis,
1516 227 1661 268 literis

188 279 308 321 idem
337 293 670 334 consequemur.
730 281 973 322 Graeceius
1003 280 1061 321 ad
1090 294 1158 322 me
1186 282 1372 335 scripsit
1391 280 1442 322 C.
1459 282 1662 323 Cassium

187 337 275 377 sibi
291 334 540 389 scripsisse,
569 335 771 377 homines
801 335 1063 391 comparari,
1093 337 1169 390 qui
1198 337 1357 378 armati
1385 336 1432 378 in
1446 338 1662 379 Tuscula-

187 404 292 432 num
303 391 593 434 mitterentur.
624 391 678 432 Id
691 391 867 446 quidem
887 391 1002 432 mihi
1022 404 1109 432 non
1122 392 1386 442 videbatur3
1416 392 1492 433 sed
1507 405 1662 435 caven-

190 447 294 486 dum
321 451 467 488 tamen
496 447 720 502 villaeque
750 448 896 501 plures
924 446 1160 489 videndae.
1219 447 1308 490 Sed
1349 447 1525 503 aliquid
1564 460 1662 490 cra-

189 502 331 543 stinus
361 501 458 544 dies
486 502 543 543 ad
575 502 860 558 cogitandum
889 501 1018 543 nobis
1049 502 1104 544 de
1135 517 1186 545 ea
1217 518 1279 545 re.

378 665 692 709 EPISTOLA
723 667 964 710 DCCXX.
1026 669 1104 719 (ad
1133 669 1223 711 Att.
1253 670 1363 712 XV.
1394 670 1457 719 6.)

281 740 362 775 Ser.
387 740 427 774 in
453 740 663 776 Tusculano
687 741 748 776 lv,
777 743 870 776 Non.
898 742 980 776 lun.
1016 742 1060 777 A.
1088 742 1132 777 U.
1159 742 1198 776 c.
1226 746 1306 779 710.
1350 746 1399 786 (a.
1427 744 1467 779 c,
1493 745 1567 785 41)

186 809 327 843 Narrat
359 819 398 842 se
436 807 481 841 ad
507 808 677 843 Hirtium
713 809 910 854 scripsisse
944 808 1204 854 epistolaeque
1237 809 1281 842 ab
1314 819 1356 843 eo
1389 815 1564 854 acceptae
1598 819 1660 843 ex-

326 856 495 902 emplum
520 856 641 892 mittit
672 863 720 898 et,
747 856 838 902 quid
864 856 900 891 ei
926 857 1171 902 responderit,
1197 856 1398 905 significat.
1441 858 1542 892 1-4.

697 922 874 958 CICERO
901 922 1084 957 ATTICO
1112 921 1147 957 S.

296 992 443 1041 Quum
485 991 541 1032 ad
582 1004 653 1032 me
693 989 860 1032 Brutus
902 994 1055 1031 noster
1092 991 1347 1045 scripsisset
1384 994 1428 1032 et
1467 991 1664 1039 Cassius,

182 1050 234 1088 ut
271 1047 487 1098 Hirtium,
541 1059 670 1100 quem
720 1045 866 1086 adhuc
905 1046 1066 1086 bonum
1104 1045 1242 1087 fuisse
1283 1047 1484 1089 sciebant
1521 1062 1662 1103 neque

183 1116 284 1145 eum
312 1102 593 1143 confidebant
621 1100 734 1151 fore,
777 1114 874 1141 mea
904 1101 1170 1142 auctoritate
1199 1102 1429 1143 meliorem
1466 1102 1662 1145 facerem

179 1182 236 1188 -
263 1157 461 1199 Antonio
509 1161 576 1197 est
615 1155 733 1196 enim
771 1155 965 1197 sortasse
1007 1157 1183 1208 iratior,
1221 1171 1380 1198 causae
1420 1171 1524 1199 vero
1553 1161 1661 1201 ami-

182 1215 389 1256 cissimus
417 1237 473 1242 —
500 1216 648 1254 tamen
678 1211 735 1252 ad
766 1226 862 1252 eum
892 1212 1053 1266 scripsi
1083 1212 1212 1267 eique
1243 1213 1509 1267 dignitatem
1527 1215 1661 1256 Bruti

178 1275 227 1312 et
256 1268 402 1311 Cassii
429 1267 749 1309 commendavi.
803 1267 892 1308 Ille
920 1267 1028 1322 quid
1059 1267 1171 1322 mihi
1200 1268 1517 1322 rescripsisset,
1544 1271 1662 1312 scire

160 1429 264 1464 474.
292 1446 335 1452 -—
362 1430 515 1472 utraque
540 1433 615 1460 tam
643 1425 775 1468 libera,
804 1437 913 1470 quam
939 1425 1076 1459 votiva.
1111 1425 1230 1465 „aber
1254 1424 1318 1459 ich
1343 1424 1439 1459 habe
1468 1424 1662 1460 zwischen

177 1476 320 1510 beiden
346 1475 406 1510 die
432 1474 596 1510 Wah1.“
645 1474 809 1510 Warum
838 1485 881 1506 er
905 1473 988 1507 sich
1014 1473 1153 1507 iedoch
1182 1475 1248 1507 fiir
1279 1473 1340 1507 die
1374 1473 1515 1520 legatio
1543 1473 1660 1507 libera

183 1523 409 1565 entschloss,
435 1523 497 1557 das
523 1522 590 1556 hat
617 1533 659 1556 er
684 1533 742 1566 ep.
771 1523 854 1557 724.
878 1523 900 1556 3
926 1521 1172 1555 auseinander
1198 1527 1355 1569 gesetzt.

277 1575 311 1608 2.
363 1572 420 1605 De
447 1575 481 1604 te
507 1597 516 1606 .
546 1596 554 1604 .
579 1571 674 1614 vide,
712 1570 806 1604 Was
834 1569 894 1603 (lie
921 1568 1139 1603 Sicherheit
1164 1569 1308 1603 Deiner
1333 1568 1495 1616 eigenen
1520 1569 1659 1603 Person

179 1619 342 1659 betrifft,
385 1630 424 1653 so
469 1619 561 1653 bitte
599 1618 665 1652 ich
704 1617 816 1656 Dieh‚
859 1617 919 1651 die
966 1616 1086 1651 Sache
1131 1616 1317 1651 ernstlich
1354 1629 1403 1650 zu
1441 1617 1660 1665 iiberlegen.

180 1668 395 1713 Scripserat
421 1667 567 1701 Atticus
595 1666 667 1700 sibi
702 1677 849 1710 quoque
884 1666 923 1698 in
958 1666 1082 1698 animo
1118 1676 1196 1699 esse
1231 1665 1463 1712 legationem
1498 1665 1659 1699 liberam

177 1723 324 1761 petere,
352 1714 415 1749 sed
442 1725 595 1748 usurum
623 1714 663 1746 in
690 1726 730 1748 ea
756 1725 798 1747 re
826 1713 1019 1747 Ciceronis
1046 1713 1214 1747 consilio.
1247 1713 1447 1747 MANUT.
1490 1713 1577 1759 Vgl.
1603 1713 1655 1746 ie·
1718 1737 1720 1741 .

174 1764 276 1798 doch
301 1776 347 1797 zu
381 1774 439 1808 ep.
468 1764 548 1803 722,
575 1764 608 1798 2.
658 1762 715 1795 De
749 1773 790 1795 re
822 1762 917 1795 Lau.
954 1762 1022 1795 csr.
1052 1761 1169 1795 Attio.
1197 1761 1253 1802 15,
1280 1762 1315 1795 9.
1362 1760 1559 1794 ORELLI.
1611 1779 1657 1786 —-

172 1813 295 1857 possis
320 1822 457 1852 coram,
482 1811 541 1845 Du
567 1810 745 1844 ktinntest
771 1821 807 1843 es
834 1809 905 1843 mit
930 1809 1016 1842 mir.
1045 1827 1085 1834 —
1116 1809 1323 1849 Graeceius,
1350 1808 1411 1841 ein
1436 1809 1659 1842 Vertrauter

173 1861 241 1895 des
266 1861 316 1894 M.
342 1871 378 1893 u.
403 1860 446 1893 D.
472 1859 613 1893 Brutus
644 1858 720 1891 und
754 1857 913 1895 Cassius,
956 1856 1157 1890 vielleicht
1191 1856 1287 1889 auch
1318 1856 1378 1890 bei
1413 1854 1480 1890 de¹r
1516 1856 1657 1891 Armee

173 1908 241 1942 des
267 1909 312 1942 D.
338 1906 475 1941 Brutus
502 1906 720 1955 angestellt.
778 1905 966 1939 Erwiihnt
997 1904 1048 1938 ist
1072 1916 1116 1938 er
1140 1903 1237 1938 noch
1263 1915 1322 1949 ep.
1349 1904 1417 1939 779
1443 1915 1479 1936 u.
1506 1905 1585 1939 833.
1613 1922 1655 1929 --

175 1955 270 1990 hom.
296 1966 425 1999 comp„
452 1966 539 1987 man
564 1955 694 2000 werbe
720 1954 853 1994 Lente,
886 1966 950 1986 um
976 1953 1030 1986 sie
1056 1952 1257 1986 bewaffnet
1282 1953 1322 1985 in
1348 1951 1449 1985 mein
1475 1951 1659 1986 Tuscula-

174 2015 267 2037 num
294 2015 340 2037 zu
367 2002 562 2036 schicken.
612 2002 717 2037 Uber
742 2001 802 2046 qui
825 2015 874 2033 z
900 2007 941 2034 ut
966 2013 993 2034 s.
1022 2000 1174 2034 Ramsh.
1202 2002 1230 2043 ᾗ.
1246 2001 1324 2041 193,
1351 2001 1399 2034 11.
1446 2018 1494 2026 -
1534 2000 1657 2034 viden-

172 2053 256 2093 dae,
280 2050 357 2084 und
383 2063 471 2083 man
496 2050 596 2084 wird
622 2050 702 2084 sich
728 2049 825 2083 nach
861 2049 1019 2082 mehren
1052 2047 1319 2082 Landhziusern
1356 2047 1541 2083 umsehen
1572 2048 1606 2081 d.
1632 2048 1657 2080 i.

173 2101 230 2134 sie
261 2098 450 2133 besuchen
492 2101 656 2141 miissen,
697 2097 816 2131 damit
856 2097 915 2140 die
950 2096 1090 2130 Feinde
1125 2095 1235 2129 nicht
1273 2096 1426 2138 wissen,
1466 2107 1526 2130 wo
1572 2108 1658 2129 man

173 2147 293 2196 grade
316 2147 395 2189 sei3
437 2145 549 2180 oder
583 2158 670 2180 man
701 2145 802 2180 wird
828 2145 960 2178 mehre
986 2143 1228 2178 Landh'auser
1254 2143 1421 2192 gehon-ig
1458 2144 1656 2188 besorgen,

174 2194 394 2237 bewacheu,
430 2195 499 2227 mit
524 2193 831 2228 Schutzwachen
869 2193 1044 2225 besetzen
1072 2194 1230 2225 miissen.
1281 2210 1324 2215 —
1377 2192 1558 2226 crastinus
1584 2192 1658 2225 dies

176 2243 382 2287 (Kalendae
409 2242 554 2285 Iuniae)
583 2267 591 2275 .
620 2267 627 2275 .
657 2267 665 2273 .
691 2244 734 2275 de
759 2253 802 2274 ea
828 2251 867 2273 re
893 2240 973 2273 scil.
1000 2240 1112 2281 dabit,
1139 2239 1238 2273 doch
1262 2239 1330 2273 der
1356 2240 1564 2287 morgende
1577 2239 1657 2286 Tag

175 2292 281 2326 wird
306 2303 373 2324 uns
399 2290 519 2324 sehon
554 2289 680 2334 einige
718 2289 858 2323 n'zihere
891 2288 1038 2323 Winke
1072 2288 1231 2321 dariiber
1267 2300 1314 2320 zu
1348 2287 1470 2334 =geben
1504 2287 1655 2321 wissen.

175 2342 219 2374 de
246 2350 290 2373 ea
315 2350 364 2373 re.
389 2338 452 2373 Sic
468 2338 556 2371 Cod.
584 2338 745 2372 Crusell.
772 2338 849 2370 Bos.
879 2336 1014 2370 Graev.
1040 2336 1134 2369 Ern.
1162 2337 1251 2369 dare
1280 2335 1345 2369 Cd.
1374 2335 1557 2370 Tornaes.
1583 2335 1655 2368 Md.

177 2388 292 2422 Oxon.
321 2390 351 2421 l.
381 2388 414 2421 2.
440 2386 535 2419 Viet.
563 2387 596 2420 2.
624 2387 730 2418 daret
755 2384 851 2418 Vict.
882 2387 910 2418 l.
936 2385 1025 2417 dare
1050 2384 1246 2428 pollicetur
1270 2383 1354 2418 Asc.
1386 2386 1415 2419 l.
1457 2383 1556 2417 Crat.
1589 2383 1654 2417 dcc-

177 2437 228 2469 hit
272 2434 338 2469 Cd.
382 2435 467 2468 Urs.
511 2432 601 2467 sch.
637 2434 729 2467 Liin.
780 2433 893 2466 Debet
934 2433 1076 2477 aliquid
1100 2458 1108 2466 .
1135 2458 1141 2465 .
1172 2456 1178 2463 .
1213 2433 1312 2465 dare.
1357 2433 1495 2465 Manut.
1528 2431 1652 2464 hamb.

179 2483 376 2519 ORELLI.

274 2534 306 2566 1.
359 2532 452 2571 bon„
494 2529 556 2564 ein
581 2535 696 2577 guter
721 2529 874 2563 Patriot.
926 2549 966 2554 -
1020 2540 1098 2562 eum
1123 2539 1194 2563 om.
1229 2529 1324 2561 Man.
1359 2526 1487 2561 Lamb.
1523 2531 1652 2560 contra

178 2578 252 2613 Md.
279 2598 325 2604 -
352 2580 554 2618 meliorem,
592 2590 640 2612 zu
665 2577 786 2611 einem
814 2577 913 2611 noch
938 2576 1088 2612 bessern
1112 2576 1313 2610 Patrioten.
1366 2574 1402 2609 S.
1430 2586 1487 2620 ep.
1514 2574 1594 2614 718,
1624 2576 1653 2607 l.

177 2645 224 2652 -
251 2638 381 2661 causae
410 2626 580 2663 Antonii.
617 2644 659 2651 —-
694 2630 811 2658 tamen
838 2625 879 2657 in
909 2625 1036 2672 Bezug
1062 2626 1130 2658 auf
1151 2624 1319 2669 quamvis
1345 2633 1473 2657 causae
1499 2621 1655 2655 Antonii

177 2675 427 2709 amicissimus
461 2675 532 2718 sit3
579 2674 640 2708 ein
672 2673 948 2711 Anacoluthon,
987 2673 1174 2707 wodurch
1216 2672 1276 2704 die
1306 2672 1555 2717 Fortsetzung
1588 2681 1653 2702 zu-

178 2722 308 2769 gleich
338 2723 407 2756 mit
433 2722 501 2756 der
527 2721 753 2757 Parenthese
779 2721 818 2754 in
843 2721 1092 2768 Verbindung
1116 2719 1303 2768 gebracht
1336 2719 1393 2754 ist.
1437 2717 1471 2752 S·
1501 2716 1651 2752 Ramsh.
