1795 3086
529 117 845 162 EPISTOLA
876 115 1233 160 Deccxxm.
1516 110 1609 159 317

110 231 323 273 maximis
361 229 746 285 occupationibus,
795 234 1032 283 propterea
1081 229 1202 285 quod
1243 227 1443 270 omnibus
1485 228 1604 268 curis

109 301 209 330 rem
235 286 467 341 publicam
494 285 607 326 mihi
638 284 849 325 tuendam
879 288 1108 339 putabam:
1148 290 1242 327 tum
1281 283 1369 326 hoc
1407 286 1604 337 tempore

112 345 257 384 multo
287 344 509 384 distineor
536 340 862 382 vehementius.
921 342 984 382 Ut
1012 343 1130 382 enim
1159 340 1340 396 gravius
1369 343 1603 393 aegrotant

117 399 164 451 ii,
205 399 299 453 qui,
346 410 480 452 quum
510 397 649 437 levati
679 397 834 437 morbo
864 397 1091 442 videntur,
1131 397 1176 437 in
1215 410 1314 438 eum
1343 395 1400 436 de
1428 397 1604 448 integro

115 455 390 494 inciderunt:
420 452 487 492 sic
515 451 826 493 vehementius
863 466 945 495 nos
984 454 1252 498 laboramus,
1301 452 1394 507 qui,
1445 450 1602 505 profli-

112 515 216 563 gato
266 510 382 550 bello
423 520 475 547 ac
546 521 652 549 aene
694 508 887 560 sublato,
933 512 1192 549 renovatum
1230 509 1398 548 bellum
1441 519 1599 561 gerere

112 578 334 606 conamur.
393 562 483 603 Sed
513 522 628 604 iiaec
658 562 885 604 hactenus.
945 564 1018 605 Tu
1047 563 1146 609 tibi,
1174 562 1235 603 mi
1259 562 1495 615 Cornifici,
1525 561 1600 603 sac

114 627 161 662 ut
191 619 459 675 persuadeas
489 633 575 659 non
605 631 702 660 esse
732 633 803 660 me
843 623 933 660 tam
963 618 1194 660 imbecillo
1232 619 1396 670 animo,
1437 632 1492 659 ne
1530 618 1600 658 di—

113 691 208 716 cam
248 675 505 727 inhumano,
552 678 601 715 ut
641 687 667 715 a
718 680 762 716 te
799 675 920 716 vinci
971 674 1137 729 possim
1185 677 1260 714 aut
1308 673 1478 715 officiis
1524 677 1603 715 aut

114 745 276 773 amore.
354 730 456 771 Non
507 730 765 772 dubitabam
818 731 1050 785 equidem:
1104 732 1408 770 verumtamen
1458 730 1603 770 multo

114 786 224 828 mihi
254 787 475 828 notiorem
503 800 701 827 amorem
741 791 866 828 tuum
907 787 1059 827 effecit
1088 784 1382 839 Chaerippus.
1440 785 1482 826 O
1521 785 1603 826 ho-

115 845 290 888 minem,
337 856 512 896 semper
559 842 687 882 illum
732 842 912 897 quidem
961 840 1075 881 mihi
1113 845 1277 895 aptum,
1329 854 1444 880 nunc
1492 854 1603 882 vero

113 899 248 939 etiam
297 897 499 939 suavem!
557 898 725 938 Vultus
772 897 1030 938 mehercule
1074 900 1173 937 tuos
1222 894 1339 936 mihi
1377 897 1604 950 expressit

115 968 287 995 omnes:
319 968 426 999 *non
465 952 610 994 solum
656 952 850 993 animum
901 966 951 992 ac
995 953 1130 994 verba
1167 951 1366 1006 pertulit.
1442 952 1603 1006 Itaque

114 1011 208 1050 noli
237 1009 399 1061 vereri,
448 1022 501 1048 ne
530 1008 614 1049 tibi
644 1008 991 1058 succensuerim,
1039 1007 1159 1064 quod
1198 1008 1357 1049 eodem
1394 1008 1605 1063 exemplo

115 1065 173 1106 ad
202 1079 286 1115 me,
316 1078 402 1119 quo
433 1064 491 1105 ad
522 1069 709 1105 ceteros.
785 1063 1028 1119 Requisivi
1058 1063 1267 1118 equidem
1296 1064 1504 1120 proprias
1545 1063 1604 1105 ad

115 1135 181 1161 me
211 1134 345 1161 unum
376 1134 403 1161 a
431 1125 476 1161 te
506 1121 687 1161 literas:
718 1120 798 1161 sed
827 1134 971 1174 neque
997 1120 1286 1162 vehementer
1313 1124 1359 1161 et
1387 1123 1601 1161 amanter.

116 1178 184 1217 De
211 1180 404 1229 sumptu,
445 1189 578 1229 quem
606 1180 651 1217 te
680 1175 729 1217 in
758 1190 852 1217 rem
878 1175 1122 1217 militarem
1162 1175 1314 1217 facere
1353 1180 1399 1217 et
1437 1175 1601 1217 secisse

115 1234 247 1279 (licis,
275 1231 389 1272 nihil
422 1245 526 1273 sane
555 1245 735 1286 possum
765 1233 848 1273 tibi
878 1232 1108 1286 opitulari,
1139 1235 1377 1286 propterea
1406 1232 1527 1286 quod
1555 1236 1602 1272 et

115 1290 249 1329 orbus
296 1291 488 1338 senatus,
537 1288 794 1328 consulibus
843 1287 1035 1339 amissis,
1085 1292 1131 1328 et
1180 1287 1476 1329 incredibiles
1526 1301 1604 1330 an-

114 1344 287 1398 gustiae
317 1343 530 1398 pecuniae
560 1344 789 1397 publicae:
831 1357 946 1398 quae
985 1342 1271 1396 conquiritur
1299 1343 1513 1397 undique,
1553 1346 1604 1384 ut

209 1463 245 1498 2.
296 1460 509 1502 distinebar,
550 1459 591 1492 in
633 1459 784 1494 diversa
825 1458 1017 1503 trahebar,
1061 1458 1124 1492 ich
1158 1460 1292 1495 wurde
1328 1467 1495 1507 ἕπει-Μ,
1539 1460 1603 1494 be-

118 1511 277 1544 hemmt.
332 1530 370 1536 --
424 1519 500 1541 rem
530 1508 714 1552 publicam
757 1518 802 1541 ex
843 1508 998 1552 antiquo
1041 1508 1165 1554 suppl.
1207 1509 1278 1542 Md.
1326 1519 1400 1545 om.
1439 1520 1528 1543 rem.
1562 1520 1602 1552 p.

116 1557 313 1592 ORELLI.
348 1577 389 1582 —
424 1556 599 1590 videnlur.
625 1558 720 1589 Man.
743 1555 840 1589 vict.
868 1557 900 1590 2.
942 1556 1159 1590 viderentur.
1196 1556 1337 1590 Rursus
1371 1557 1465 1590 Ern.
1503 1557 1603 1590 coni.

117 1607 205 1640 sch.
233 1606 326 1638 Liin.
354 1611 485 1638 contra
510 1604 581 1637 Md.
621 1603 694 1637 Sed
719 1603 798 1643 hio,
837 1603 902 1636 ubi
935 1615 995 1638 res
1019 1604 1197 1638 universe
1223 1605 1395 1646 effertur,
1430 1616 1505 1638 non
1539 1604 1604 1638 hi-

114 1654 245 1688 storici
271 1664 377 1687 more
403 1653 449 1686 de
475 1652 588 1686 certis
615 1651 835 1695 quibusdam
861 1651 1076 1685 hominibus
1101 1659 1293 1696 narratur,
1331 1652 1603 1698 praeferendus

117 1703 269 1736 videtur
294 1701 531 1734 indicativus.
560 1699 758 1735 ORELLI.
787 1721 829 1726 —
870 1701 1091 1742 laboramus,
1115 1700 1191 1734 wir
1215 1701 1300 1734 sind
1325 1702 1366 1734 in
1392 1701 1602 1749 Verlegen-

117 1751 208 1784 heir.
262 1767 305 1773 -
355 1753 566 1782 renovatum
594 1748 736 1781 bellum.
784 1748 969 1781 Manutius
996 1749 1041 1782 do
1066 1748 1203 1794 Lepidi
1228 1749 1372 1784 scelere
1399 1749 1602 1797 intelligit,

116 1799 182 1843 qui
207 1797 413 1832 Antonium
448 1808 575 1843 pugna
609 1795 814 1829 Mutinensi
848 1797 1028 1839 fractum,
1068 1796 1269 1839 inermem,
1302 1797 1515 1844 fugientem
1541 1809 1602 1830 re-

117 1847 220 1891 cepit
246 1851 282 1880 et
307 1845 449 1879 auxilio
477 1845 666 1878 exercitus
692 1844 748 1876 sui
775 1843 1016 1878 confirmavit
1041 1844 1132 1887 (vid.
1159 1856 1218 1889 ep.
1245 1847 1326 1880 850.
1353 1847 1461 1889 854).
1498 1845 1602 1888 Quod

115 1895 146 1928 si
172 1905 304 1928 verum
331 1900 438 1933 esset,
473 1892 569 1926 haec
595 1891 753 1937 epistola
780 1891 994 1926 collocanda
1026 1899 1122 1926 esset
1154 1899 1241 1937 post
1274 1905 1330 1939 ep.
1357 1895 1436 1928 853.
1463 1894 1602 1936 (854.);

116 1942 180 1976 sed
205 1946 415 1974 renovatum
441 1941 570 1974 bellam
595 1946 717 1986 potest
741 1939 958 1986 significare
983 1940 1194 1975 Antonium
1218 1948 1303 1986 post
1329 1941 1474 1976 cladem
1500 1941 1599 1986 apud

118 1990 300 2024 Mutinam
325 1989 491 2022 nondum
517 1989 745 2023 debellatum
774 1999 864 2022 esse.
892 1988 1000 2023 SCH.
1041 2008 1086 2014 —
1121 2000 1306 2025 conamur.
1334 1991 1472 2025 Manut.
1497 2002 1598 2035 susp.

115 2048 307 2081 cogamur.
337 2037 535 2071 ORELLI.

211 2101 245 2135 3.
295 2098 500 2139 inhumano,
527 2097 732 2146 gefuhllos.
760 2098 870 2141 vinci,
897 2098 1128 2133 iibertroffen
1149 2098 1339 2134 werden?
1362 2120 1409 2126 —
1459 2100 1600 2135 dubita-

116 2149 198 2182 bam
223 2148 382 2192 equidem
407 2146 453 2180 de
480 2152 543 2180 tuo
571 2146 610 2178 in
637 2157 697 2179 me
723 2157 861 2182 amore.
897 2165 943 2171 —
983 2146 1225 2192 Chaerippus,
1252 2149 1344 2182 olim
1370 2149 1416 2183 de
1441 2149 1602 2183 cohorte

115 2196 305 2241 praetoria
334 2195 372 2238 Q.
399 2194 595 2229 Ciceronis
622 2194 660 2227 in
686 2193 773 2228 Asia
799 2195 850 2236 (v.
878 2195 923 2228 ad
940 2195 1054 2230 Attio.
1080 2196 1142 2235 IV,
1168 2198 1199 2230 7.
1225 2196 1269 2239 V,
1294 2199 1328 2232 11.
1355 2197 1401 2230 ad
1427 2197 1466 2240 Q.
1478 2197 1601 2231 Fratr.

118 2245 146 2277 1.
175 2247 205 2279 1.
231 2244 295 2286 4.),
321 2254 422 2277 nunc
449 2254 534 2276 cum
561 2242 763 2276 Cornificio
796 2242 836 2276 in
870 2242 997 2277 Africa
1022 2243 1106 2277 fuit.
1153 2243 1235 2278 Vid.
1272 2245 1319 2278 ad
1353 2245 1489 2279 Famil.
1516 2245 1600 2286 XII,

115 2293 174 2327 22.
200 2310 247 2317 —
271 2292 378 2325 illam
403 2292 557 2335 quidem.
596 2290 637 2329 S.
661 2289 810 2324 Ramsh.
840 2291 868 2333 §.
896 2293 977 2334 158,
1003 2293 1038 2330 2,
1065 2293 1090 2324 f.
1139 2312 1181 2317 --
1232 2297 1369 2337 aptum,
1401 2293 1463 2328 ein
1488 2294 1601 2326 Manu

116 2339 215 2373 nach
240 2340 405 2373 meinem
430 2337 689 2380 Geschmack3
716 2349 872 2380 suavem,
899 2339 960 2373 ein
987 2341 1099 2372 Manu
1126 2340 1224 2373 nach
1249 2342 1413 2376 meinem
1437 2342 1599 2374 Herzen.

119 2406 160 2411 -
195 2388 324 2429 vultus,
361 2388 469 2434 Ziige
495 2386 558 2420 des
584 2385 770 2420 Gesichts.
811 2405 854 2411 —
901 2388 996 2431 quod
1018 2389 1142 2421 eodem
1166 2390 1332 2432 exemplo
1357 2389 1407 2421 ad
1429 2400 1485 2422 me
1510 2389 1600 2424 lite-

117 2447 176 2468 ras
201 2435 365 2475 miseris,
400 2446 468 2479 quo
492 2436 542 2468 ad
561 2439 698 2468 eeteros
721 2434 930 2479 scripseris,
968 2436 1049 2468 dass
1078 2437 1137 2471 Du
1162 2436 1240 2469 mir
1265 2436 1373 2471 nicht
1399 2437 1598 2471 besonders

118 2482 384 2527 geschrieben‚
431 2482 592 2516 sondern
631 2493 705 2514 nur
747 2483 810 2516 das
855 2483 1085 2528 allgemeine
1130 2484 1524 2528 Umlaussschreibenv
1551 2497 1598 2518 an

119 2531 237 2565 Deine
263 2531 438 2565 Freunde
463 2529 713 2577 zugeschickt
737 2529 831 2564 hast.
884 2552 925 2558 —
978 2532 1171 2576 Requisz'vi,
1209 2531 1272 2565 ich
1307 2532 1373 2565 sah
1401 2532 1507 2566 mich
1533 2545 1597 2566 um

117 2578 227 2612 nach.
272 2599 313 2605 —
356 2589 379 2612 α
403 2584 445 2611 te.
488 2577 553 2612 Sic
591 2578 693 2612 Crat.
727 2578 825 2612 Vici.
855 2581 887 2614 1.
916 2582 950 2615 2.
982 2580 1109 2612 Lamb.
1146 2580 1242 2613 coni.
1269 2580 1320 2612 ad
1342 2591 1396 2613 me
1420 2592 1524 2615 unum
1549 2582 1600 2615 ad

117 2628 170 2659 lit.
197 2626 268 2660 Md.
296 2637 369 2661 om.
395 2637 417 2659 a
445 2631 478 2659 te
503 2626 641 2661 Ceteri.
684 2625 881 2661 ORELLI.
911 2647 952 2652 —
978 2629 1041 2661 sed
1063 2638 1172 2670 neque
1194 2626 1328 2662 vehem.
1357 2632 1392 2661 et
1417 2633 1598 2670 amanter,

117 2674 206 2708 aber
230 2674 328 2708 doch
354 2673 461 2708 nicht
484 2674 556 2708 mit
580 2673 811 2718 Hestigkeit,
842 2675 1005 2710 sondern
1031 2676 1103 2709 mit
1127 2675 1251 2708 Liebe.
1299 2676 1374 2710 Ein
1400 2677 1594 2712 Verweis!

210 2742 243 2776 4.
290 2742 347 2774 De
369 2746 521 2786 sumptu,
548 2753 624 2775 was
649 2740 710 2774 die
739 2741 927 2789 Auslagen
952 2754 998 2776 an
1025 2742 1125 2776 Geld
1150 2741 1309 2778 betrifft,
1335 2762 1381 2768 —
1407 2746 1515 2779 orbus
1539 2750 1594 2778 est

119 2787 242 2823 Lamb.
269 2790 405 2825 Placet.
436 2789 629 2825 ORELLI.
658 2807 699 2812 —
726 2790 934 2834 augustiae,
961 2790 1097 2836 inopia.
1128 2809 1169 2815 -
1199 2791 1435 2836 conquiritur,
1461 2794 1593 2841 einge-
