1795 3086
137 44 163 91 ⁴l
413 45 474 89 M,
506 45 564 91 T.
590 44 936 90 CICERONIS
969 42 1346 91 EPISTOLAE

139 158 431 203 familiariter
460 165 506 202 ct
535 159 662 215 quasi
692 169 774 213 pro
804 172 903 200 meo
935 159 1031 200 iure
1053 158 1313 213 scriberem,
1342 160 1381 202 si
1412 173 1526 216 quae
1557 173 1630 202 res

137 220 282 270 esset,
325 217 381 258 de
409 231 497 271 qua
525 216 660 258 valde
691 217 958 257 laborarem.
1025 215 1103 256 M.'
1134 216 1323 266 Curius,
1363 219 1441 271 qui
1469 218 1627 258 Patris

138 275 419 327 negotiatur,
479 274 545 312 ita
581 270 696 311 mihi
728 270 971 312 familiaris
1001 275 1093 320 est,
1132 275 1182 312 ut
1210 271 1327 312 nihil
1358 273 1501 327 possit
1529 286 1628 314 esse

136 329 434 371 coniunctius.
493 327 642 369 Multa
670 327 799 367 illius
829 328 874 367 in
904 340 974 367 me
1005 326 1187 378 officia,
1237 328 1379 369 multa
1418 329 1464 368 in
1496 329 1628 369 illum

137 398 263 426 mea:
314 385 525 440 quodque
553 383 801 424 maximum
831 386 915 434 est,
944 395 1140 423 summus
1170 384 1288 424 inter
1317 397 1397 424 nos
1427 397 1554 425 amor
1581 387 1629 424 et

138 445 330 483 mutuus.
397 440 526 490 Quae
555 453 692 493 quum
721 440 788 480 ita
816 440 938 490 sint,
987 439 1027 479 si
1057 438 1192 480 ullam
1221 439 1268 479 in
1298 440 1499 481 amicitia
1527 453 1629 481 mea

135 510 263 551 spem
293 496 457 537 habes:
489 496 527 536 si
558 509 635 547 ea,
666 508 779 548 quae
809 495 856 535 in
886 508 956 535 me
987 493 1146 535 officia
1175 497 1221 535 et
1249 496 1401 536 studia
1428 495 1626 536 Brundi-

134 554 195 594 sii
227 552 486 603 contulisti,
526 551 597 592 vis
626 550 741 591 mihi
772 552 911 591 etiam
941 550 1144 605 gratiora
1173 549 1359 592 efficere
1389 574 1443 579 —
1473 564 1629 605 quam-

134 621 270 663 quam
299 612 403 649 sunt
432 607 692 661 gratissima
721 630 774 638 —-
812 608 852 648 si
881 621 951 647 nie
981 619 1008 647 a
1036 607 1127 646 tuis
1158 607 1360 648 omnibus
1389 607 1531 648 amari
1559 606 1629 648 vi-

133 666 239 705 des:
298 663 388 704 hoc
416 663 531 703 mihi
562 663 620 703 da
649 666 784 716 atque
816 663 1008 716 largire,
1059 666 1105 703 ut
1134 662 1210 703 M?
1241 663 1428 704 Curium
1459 665 1631 703 sartum

134 725 183 761 et
213 723 397 772 tectum,
428 724 477 760 ut
506 720 646 769 aiunt,
679 720 734 759 ab
769 720 980 773 omnique
1002 719 1309 770 incommodo,
1340 719 1631 769 detrimento⁷

135 776 347 818 molestia
374 775 600 816 sincerum
631 776 945 829 integrumque
975 788 1224 816 conserves.
1284 775 1347 815 Et
1376 776 1471 829 ipse
1501 787 1631 829 spon-

133 833 222 873 deo
254 837 299 873 et
329 845 479 873 omnes
509 831 598 872 hoc
628 831 714 871 tibi
743 831 810 871 tui
841 844 922 885 pro
953 845 1022 871 me
1045 831 1280 885 recipient,
1311 844 1370 871 ex
1397 831 1629 871 mea-ami-

134 889 248 929 citia
288 891 332 929 et
364 901 423 928 ex
454 892 530 928 tuo
571 887 620 927 in
648 900 719 935 me
748 886 906 928 officio
936 887 1184 928 maximum
1214 892 1258 927 te
1290 885 1486 927 fructum
1514 899 1630 926 sum-

136 957 344 998 mamque
374 943 655 998 voluptatem
684 956 781 984 esse
812 947 1060 998 capturum.
1120 943 1250 985 Vale.

133 1102 348 1138 selmlichst
381 1106 547 1136 wax-tete.
598 1118 646 1124 —
692 1110 760 1145 pro
786 1109 864 1133 meo
889 1098 991 1142 iure,
1035 1100 1088 1133 als
1124 1099 1172 1133 ob
1207 1099 1270 1133 ich
1296 1100 1391 1134 ‹lazu
1417 1099 1636 1145 berechtigt

134 1154 247 1187 ware.
275 1170 323 1175 --
350 1150 483 1185 labor..
511 1149 571 1181 die
597 1148 672 1181 mir
698 1149 783 1181 sehr
808 1159 868 1180 am
895 1148 1042 1181 Herzen
1068 1149 1173 1192 liegt.

230 1201 263 1235 2.
291 1209 390 1243 spem
415 1198 547 1238 habes,
580 1208 714 1237 „wenn
739 1196 813 1230 Dii·
839 1207 887 1228 an
914 1197 1057 1230 meiner
1083 1196 1356 1230 Freundschaft
1380 1197 1480 1231 noch
1507 1198 1634 1230 Etwas

132 1247 298 1293 gelegen
324 1247 402 1280 sein
428 1247 568 1280 kann.“
618 1244 760 1280 Schiitz
787 1244 971 1287 bemerkr,
998 1245 1079 1278 dass
1099 1245 1231 1279 Cicero
1249 1246 1333 1278 sehr
1357 1246 1461 1280 wohl
1486 1245 1526 1279 in
1553 1245 1635 1278 die-

133 1308 217 1330 sem
242 1298 346 1328 Tone
372 1307 421 1328 an
447 1295 554 1328 einen
579 1294 699 1327 RIann
728 1293 933 1326 schreiben
961 1294 1122 1334 konnte,
1162 1294 1291 1326 dessen
1316 1293 1635 1327 Rechtsbeistand

133 1356 177 1378 er
203 1344 406 1378 zweimahl
431 1343 470 1376 in
499 1343 606 1376 einer
631 1341 770 1383 Sache,
805 1353 866 1374 wo
894 1353 930 1375 es
956 1353 1020 1375 um
1045 1343 1117 1375 den
1143 1342 1245 1387 Kopf
1271 1342 1382 1385 (oder
1408 1343 1634 1387 wenigstens

135 1404 203 1427 um
236 1392 300 1426 das
331 1390 582 1437 Biirgerheil)
610 1392 707 1435 gast,
747 1390 821 1422 mit
855 1390 1117 1434 gli'icklichem
1143 1392 1305 1435 Erfolge
1336 1401 1514 1434 gewesen
1541 1402 1634 1425 war.

136 1441 395 1475 GRAETER.
427 1458 476 1465 -τ
519 1439 738 1479 Brundisii,
789 1438 853 1471 nbi
891 1439 1024 1473 Cicero
1055 1450 1094 1472 se
1131 1439 1258 1472 tenuit
1282 1451 1314 1472 a.
1340 1451 1377 1475 u.
1405 1440 1474 1474 706
1500 1445 1539 1472 et
1565 1440 1635 1474 707

134 1500 259 1534 eoque
291 1495 464 1534 tempore
502 1487 644 1521 Acilius
682 1486 850 1526 ibidem,
900 1494 1103 1532 antequam
1135 1487 1178 1520 in
1208 1487 1377 1521 Siciliam
1410 1494 1637 1533 propraetor

135 1538 237 1578 iret,
279 1549 394 1583 quam
419 1537 658 1583 provinciam
685 1535 851 1569 obtinuit
883 1548 916 1569 a.
948 1547 984 1573 11.
1012 1537 1101 1576 708,
1145 1536 1187 1568 in
1218 1547 1303 1569 eum
1338 1536 1466 1568 officia
1498 1547 1564 1569 sua
1597 1541 1638 1569 et

136 1586 262 1620 studia
289 1587 464 1620 conferre
489 1586 631 1631 potuit.
659 1602 705 1608 ·—-
739 1584 944 1626 gratiora,
978 1595 1041 1618 zur
1066 1584 1327 1618 Dankbarkeit
1360 1583 1638 1630 verpssichten-

136 1635 219 1667 der.
254 1652 300 1659 —
332 1645 356 1668 α
393 1635 464 1668 tuis
498 1633 680 1673 omnibus,
720 1643 742 1664 a
774 1633 1012 1666 Caesarianis
1048 1640 1086 1666 et
1110 1644 1131 1665 a
1158 1632 1328 1668 Caesare.
1354 1650 1402 1656 —
1438 1637 1578 1666 sartum
1603 1636 1638 1666 et

138 1687 286 1725 tectum,
314 1682 412 1716 wohl
438 1681 633 1716 verwahrt
657 1680 734 1713 und
759 1681 922 1725 gedeckt
955 1681 991 1716 d.
1017 1681 1043 1715 i.
1076 1681 1115 1714 in
1144 1687 1277 1728 gutem
1302 1680 1440 1714 Stande
1471 1681 1549 1714 und
1574 1691 1640 1725 ge·

139 1730 311 1770 schiitzt5
353 1731 413 1764 cin
439 1732 608 1776 Tropus,
643 1741 716 1762 von
742 1730 954 1774 reparirten
988 1728 1066 1763 und
1098 1729 1199 1763 wohl
1233 1729 1529 1763 unterhaltenen
1563 1730 1638 1763 Ge-

138 1779 288 1813 biiuden
315 1779 498 1813 entlehnt.
546 1778 636 1823 Vgl.
663 1778 807 1810 Verrin.
835 1779 867 1819 I,
894 1780 951 1812 40.
978 1779 1036 1813 49.
1063 1779 1121 1812 50.
1147 1777 1227 1813 Liv.
1254 1779 1320 1820 29,
1356 1778 1414 1813 37.
1442 1778 1501 1818 42,
1526 1778 1564 1812 3.
1593 1777 1640 1811 ad

139 1829 229 1863 Div.
265 1827 380 1870 XIII,
417 1830 473 1862 ll.
510 1834 634 1872 trop.
671 1826 790 1860 Plaut.
827 1826 1038 1860 Trinumm.
1074 1827 1126 1870 11,
1165 1828 1199 1869 2,
1225 1827 1285 1862 36.
1318 1832 1420 1859 sarta
1444 1832 1545 1859 tecta
1571 1834 1639 1861 tua

140 1883 349 1923 praecepta
373 1886 490 1921 usque
516 1875 647 1911 habui.
683 1893 728 1899 -
764 1875 809 1908 ab
844 1875 1037 1919 omnifflue]
1069 1876 1160 1908 Ern.
1194 1874 1240 1907 ab
1277 1874 1379 1907 omni
1413 1875 1512 1907 Crat.
1545 1873 1638 1912 Sch.

140 1926 240 1959 Liin.
272 1923 470 1958 ORELLI.
521 1943 564 1949 -—-
616 1924 784 1957 incomm.
801 1946 810 1963 ,
844 1923 1085 1968 Ungemach3
1131 1922 1293 1962 detrim.‚
1343 1922 1638 1967 Sehmfflerung,

141 1973 335 2015 Schaden,
361 1973 531 2016 Verlust‚
556 1971 949 2016 Beeintriichtigung3
988 1970 1226 2016 dergleichen
1253 1971 1337 2004 dem
1364 1971 1497 2004 Curius
1522 1971 1641 2005 leicht

141 2021 404 2056 widerfahren
439 2021 608 2062 kemite,
652 2020 699 2054 da
731 2031 773 2053 er
801 2020 892 2053 ietzt
923 2019 1026 2053 seine
1066 2018 1350 2060 ausstehenden
1390 2020 1532 2053 Gelder
1565 2020 1642 2053 und

94 2067 101 2074 ⁷
142 2071 361 2115 Capitalien
395 2069 616 2104 einfordern
632 2094 643 2112 ‚
694 2069 775 2101 sein
800 2069 896 2101 Hab’
930 2068 1005 2101 und
1040 2068 1116 2100 Gut
1141 2067 1178 2099 in
1203 2068 1318 2101 Pau-{i
1344 2079 1386 2101 zu
1412 2068 1534 2102 Gelde
1560 2079 1641 2102 ma-

146 2119 249 2152 chen
286 2118 365 2151 und
399 2129 441 2152 so
473 2130 537 2152 aus
573 2118 641 2151 der
671 2117 830 2151 Provinz
864 2116 935 2150 mit
961 2116 1026 2149 der
1052 2115 1251 2149 Barschast
1285 2115 1387 2149 nach
1414 2117 1548 2150 Italion
1577 2128 1641 2149 zu-

146 2166 394 2201 ruckkehren
418 2167 546 2201 wollte
572 2166 788 2212 (defigere).
814 2182 862 2190 ·-
887 2164 1069 2198 sincerum
1094 2164 1346 2210 integrumque
1370 2165 1461 2198 Ern.
1487 2165 1542 2209 [],
1566 2165 1640 2198 del.

145 2216 236 2250 Sch.
262 2216 359 2251 Liin.
410 2216 482 2250 Sed
508 2216 578 2249 cfr.
604 2216 699 2248 Rost
724 2214 826 2257 δρας.
851 2214 888 2255 3,
914 2226 950 2259 p.
976 2214 1035 2250 12.
1076 2212 1273 2249 ORELLI.
1300 2232 1343 2239 —
1377 2211 1443 2248 hoc
1469 2239 1479 2249 .
1507 2239 1516 2249 .
1544 2213 1640 2248 reci-

146 2265 273 2309 pient,
298 2263 450 2299 werden
476 2263 557 2300 sich
583 2263 647 2300 fiir
671 2262 776 2298 mich
801 2261 919 2296 dahin
944 2261 1171 2309 verbiirgem
