1795 3086
439 101 756 147 EPISTOLA
787 99 1182 147 DcchLvm.
1454 99 1545 148 367

67 216 162 271 pias
192 227 330 270 prope
359 214 406 256 in
434 215 719 269 conspectum
748 212 913 269 Lepidi
938 214 1209 270 Antoniique
1236 211 1407 255 adduxi
1437 227 1543 269 qua-

64 272 361 326 dragintaque
399 271 595 311 millium
632 282 843 323 passuum
881 272 1027 324 spatio
1065 272 1227 313 relicto
1271 268 1453 311 consedi
1490 285 1545 312 eo

63 328 268 380 consilio,
298 331 348 368 ut
374 327 447 369 vel
478 325 689 366 celeriter
716 325 929 367 accedere
958 328 1029 370 vel
1062 327 1322 369 salutariter
1346 325 1545 380 recipere

65 397 134 423 me
162 396 350 437 possem.
382 421 384 424 ,
410 381 615 423 Adiunxi
652 379 767 422 haec
794 381 843 421 in
872 382 973 424 loco
1001 382 1224 436 eligendo,
1266 381 1427 423 flumen
1465 394 1543 436 op-

66 439 260 493 positum
289 442 338 479 ut
365 435 593 489 haberem,
634 436 681 477 in
711 450 800 491 quo
839 450 965 478 mora
1004 439 1218 480 transitus
1259 442 1400 480 essetz
1449 436 1544 478 Vo-

64 495 205 535 contii
233 494 312 534 sub
339 505 471 534 manu
499 497 551 533 ut
578 497 739 545 essent,
768 505 847 547 per
874 507 1061 548 quorum
1090 494 1189 535 loca
1217 493 1416 536 fideliter
1433 492 1546 534 mihi

63 554 235 603 pateret
263 550 364 589 iter.
422 547 637 603 Lepidus,
666 548 902 602 desperato
933 549 1125 591 adventu
1153 563 1268 602 meo,
1298 563 1428 604 quem
1457 562 1546 590 non

63 605 354 647 mediocriter
382 606 603 659 captabat,
644 618 691 645 se
721 618 821 645 cum
850 604 1046 646 Antonio
1076 604 1312 646 coniunxit
1341 619 1379 647 a.
1410 605 1454 646 d.
1483 618 1544 645 ιν.

62 661 166 702 Kal.
196 659 378 710 Iunias3
420 660 664 714 eodemque
705 660 778 700 die
816 660 874 701 ad
902 674 972 702 me
1001 664 1147 701 castra
1175 665 1431 703 moverunt:
1476 659 1545 702 vi-

61 717 174 770 ginti
203 715 352 757 millia
379 729 494 770 pass.
536 729 671 771 quum
710 717 931 763 abessent,
973 729 1044 756 res
1083 715 1198 756 mihi
1225 717 1432 759 nuntiata
1459 719 1540 757 est.

62 772 180 812 Dedi
210 784 392 826 operam
422 771 555 813 deum
585 771 875 826 benignitate,
915 774 965 811 ut
994 774 1040 812 et
1070 772 1284 813 celeriter
1317 786 1388 815 me
1430 771 1543 813 reci-

62 842 212 882 perem
242 833 288 868 et
317 827 394 868 hic
423 828 647 868 discessus
676 826 794 867 nihil
834 827 966 880 fugae
1007 825 1158 867 simile
1195 826 1404 869 haberet:
1455 840 1545 868 non

62 884 193 925 miles
223 884 360 936 ullus,
400 897 489 924 non
529 895 677 937 equeS,
716 894 804 922 non
843 882 1086 937 quidquam
1124 882 1545 937 impedimentorum

62 940 349 981 amitteretur
375 943 449 980 aut
478 939 532 978 ab
562 937 655 978 illis
694 936 969 980 ferventibus
1009 938 1260 980 latronibus
1299 938 1543 992 intercipe-

63 1000 196 1036 retur.
254 995 412 1048 Itaque
439 993 589 1048 pridie
617 993 771 1035 Nonas
800 992 955 1034 Iunias
993 1006 1146 1036 omnes
1189 993 1341 1048 copias
1370 994 1545 1048 [saram

61 1050 223 1092 traieci
251 1054 510 1105 pontesque,
549 1062 661 1102 quos
701 1048 911 1102 feceram,
949 1048 1186 1105 interrupi,
1215 1054 1264 1091 ut
1296 1046 1414 1104 [et]
1445 1061 1544 1104 spa-

62 1108 175 1148 tium
203 1106 261 1147 ad
292 1105 593 1159 colligendum
622 1117 670 1145 se
698 1102 903 1146 homines
932 1102 1148 1147 haberent
1186 1110 1231 1147 et
1267 1119 1351 1161 ego
1380 1117 1449 1146 me
1477 1107 1544 1144 in-

61 1168 186 1204 terea
215 1175 316 1202 cum
345 1162 523 1214 collega
552 1160 881 1213 coniungerem,
921 1173 1053 1214 quem
1093 1159 1262 1213 triduo,
1300 1174 1436 1216 quum
1463 1159 1544 1201 has

63 1218 220 1259 dabam
250 1217 424 1267 literas,
466 1217 795 1270 exspectabam.
851 1215 1113 1258 Laterensis
1151 1216 1296 1258 nostri
1334 1221 1381 1258 et
1406 1215 1545 1257 fidem

61 1278 105 1315 et
134 1273 328 1314 animum
358 1271 631 1326 singularem
667 1271 714 1312 in
753 1284 846 1312 rem
883 1271 1110 1326 publicam
1145 1285 1319 1326 semper
1354 1271 1544 1314 fatebor.

63 1330 153 1371 Sed
193 1333 315 1370 certe
353 1327 494 1367 nimia
532 1326 628 1368 eius
666 1325 947 1382 indulgentia
985 1328 1033 1368 in
1070 1327 1294 1382 Lepidum
1337 1327 1394 1368 ad
1432 1327 1546 1368 haec

63 1384 266 1442 pericula
312 1381 625 1439 perspicienda
674 1380 788 1424 fecit
835 1395 935 1423 eum
983 1382 1130 1424 minus
1177 1395 1394 1438 sagacem.
1452 1382 1544 1432 Qui

61 1440 244 1498 quidem
271 1452 407 1493 quum
442 1438 489 1478 in
528 1437 734 1479 fraudem
771 1451 820 1479 se
860 1437 1101 1480 deductum
1138 1437 1329 1491 videret,
1376 1450 1545 1490 manus,

63 1510 172 1553 quas
212 1496 372 1538 iustius
409 1493 458 1536 in
487 1493 652 1549 Lepidi
695 1494 940 1549 perniciem
978 1498 1211 1549 armasset,
1253 1494 1341 1537 sibi
1379 1495 1544 1536 afferre

156 1679 190 1713 2.
240 1679 480 1720 conspectum,
506 1674 604 1710 Crat.
630 1674 758 1709 Lamb.
784 1676 1000 1721 adspectum.
1028 1676 1232 1713 ORELLI.
1258 1675 1447 1718 „beinahe
1472 1688 1544 1711 un-

63 1733 122 1761 ter
147 1725 207 1759 die
232 1724 407 1773 Augen.“
447 1743 489 1749 --
539 1724 772 1767 salutariter,
799 1724 901 1759 Crat.
927 1736 1006 1759 cum
1031 1725 1160 1768 salute,
1196 1724 1295 1760 ohne
1320 1724 1541 1760 Nachtheil.

62 1773 209 1808 consedi
232 1786 282 1804 z
307 1778 425 1805 castra
451 1771 572 1816 posui,
597 1771 663 1806 ich
688 1771 835 1818 lagerte
860 1772 976 1808 mich.
1026 1791 1067 1797 -
1108 1772 1274 1807 Adiunxi
1299 1779 1370 1807 cet.
1396 1773 1543 1807 Zudem

62 1821 229 1856 vex-band
251 1820 316 1854 ich
341 1819 402 1854 bei
427 1819 497 1853 der
522 1819 640 1854 Wahl
665 1821 808 1854 meines
833 1819 1028 1855 Standorts
1053 1820 1156 1855 noch
1180 1821 1242 1855 die
1267 1820 1481 1856 Vortheile.
1499 1839 1542 1847 -

62 1870 268 1915 oppositum
293 1869 394 1902 inter
418 1879 479 1902 me
504 1873 542 1901 et
566 1867 702 1909 hostes,
728 1874 784 1911 ut,
809 1868 842 1902 si
866 1870 966 1903 forte
991 1880 1052 1903 me
1078 1868 1256 1916 persequi
1281 1868 1446 1911 vellent,
1471 1869 1544 1903 flu-

62 1931 151 1953 men
176 1917 222 1951 iis
247 1927 392 1950 moram
416 1915 608 1950 obiiceret.
634 1915 744 1950 SCH.
792 1935 835 1942 -—
895 1916 1078 1960 Vocontii,
1110 1917 1260 1951 Galliae
1285 1916 1542 1951 Narbonensis

61 1965 236 2013 populus,
263 1964 328 2009 qui
353 1970 543 1998 manserat
568 1964 608 1997 in
633 1963 707 1998 fide
734 1970 771 1998 et
795 1964 995 2007 societate,
1033 1965 1097 1999 sub
1124 1976 1233 1999 manu
1264 1969 1304 1999 ut
1331 1969 1460 2008 essent,
1503 1965 1544 1998 in

63 2019 250 2060 potestate
276 2023 358 2047 mea
382 2017 514 2046 essent.
557 2030 604 2037 —
639 2010 817 2054 fideliter,
855 2012 952 2047 ohne
978 2013 1182 2048 Gefa'hrde.
1230 2033 1273 2040 -—-
1323 2023 1412 2055 meo,
1440 2023 1543 2059 quem

62 2074 131 2096 non
158 2061 329 2094 mediocr.
356 2060 543 2104 captabat,
582 2059 744 2094 wonach
778 2071 818 2094 er
843 2060 947 2095 aeine
971 2061 1120 2106 Angeln
1155 2059 1267 2094 mehr
1290 2060 1345 2095 als
1372 2061 1542 2095 einmahl

62 2111 237 2145 auswarf.
278 2119 379 2152 quem
404 2107 557 2141 bezieht
581 2107 665 2142 sich
698 2109 765 2142 auf
786 2109 952 2152 adventu,
988 2109 1082 2143 oder
1115 2110 1184 2142 auf
1209 2108 1273 2143 das
1308 2109 1348 2142 in
1373 2120 1449 2143 meo
1475 2121 1541 2143 an-

62 2159 259 2207 gedeutete
284 2155 667 2201 Personalpronomen
702 2157 786 2193 met.
828 2156 864 2191 S.
890 2157 1042 2192 Ramsh.
1078 2156 1106 2199 ἓ.
1134 2158 1216 2199 158,
1242 2157 1277 2200 4,
1313 2157 1400 2191 Not.
1428 2160 1464 2193 3.
1497 2176 1541 2182 —

61 2207 130 2241 IV.
156 2206 246 2239 Kal.
272 2205 365 2246 Iun.‚
389 2215 450 2238 am
475 2206 532 2240 29.
559 2204 641 2238 Mai.
688 2225 731 2232 -
771 2205 820 2239 ad
843 2216 898 2239 me
921 2209 1047 2239 castra
1071 2216 1176 2249 mou,
1201 2204 1370 2239 brachen
1396 2205 1450 2240 sie
1475 2217 1541 2253 ge—

59 2265 135 2303 gen
158 2252 265 2287 mich
288 2254 363 2287 auf.

156 2322 191 2356 3.
240 2319 334 2354 nihil
356 2320 494 2364 imped.‚
531 2319 670 2355 Nichts
698 2332 772 2356 von
798 2321 883 2356 dem
908 2322 1163 2370 Feldgepack.
1214 2342 1257 2348 —
1301 2320 1541 2366 serventibus.

61 2370 151 2404 edd.
175 2369 265 2413 aliq.
294 2370 422 2417 Margo
448 2369 548 2403 Crat.
575 2370 671 2403 Man.
690 2369 917 2412 furentibus.
952 2371 1088 2406 Placet.
1117 2370 1311 2405 ORELLI.
1339 2390 1384 2396 —
1416 2370 1542 2414 pridie

61 2419 155 2453 Non.
181 2419 276 2456 lun,
303 2427 361 2449 am
387 2418 443 2450 31.
469 2417 553 2450 Mai.
606 2437 648 2444 -—
698 2417 901 2463 interrupi,
934 2418 1021 2452 liens
1046 2418 1272 2460 abbr-echon,
1299 2418 1539 2463 abschlagen.

62 2485 104 2491 —
131 2469 168 2499 ut
194 2465 258 2507 [et]
283 2463 408 2497 Lamb.
437 2475 481 2498 ex
506 2464 659 2510 antiqua
685 2472 857 2508 correct„
894 2477 1004 2511 quam
1027 2478 1114 2501 cum
1140 2467 1154 2510 [
1179 2468 1193 2511 J
1219 2466 1358 2511 recepi.
1405 2476 1478 2499 om.
1506 2470 1541 2499 et

61 2514 133 2548 Md.
161 2513 257 2547 Cett.
302 2511 497 2547 ORELLI.
549 2531 592 2536 —
641 2513 819 2557 spatium.
847 2515 947 2548 zeit.
1002 2533 1045 2539 —
1096 2525 1173 2548 cum
1197 2515 1355 2558 collega,
1381 2514 1539 2547 Decimo

59 2564 185 2596 Bruto.
215 2579 260 2585 —-
304 2571 404 2604 quem
431 2585 438 2594 .
465 2585 474 2595 .
504 2561 769 2605 exspectabam,
795 2561 868 2596 den
893 2562 958 2596 ich
982 2574 1058 2598 von
1083 2562 1197 2597 heute
1222 2574 1269 2596 an
1292 2562 1333 2595 in
1358 2561 1441 2597 drei
1467 2561 1540 2595 Ta-

59 2622 133 2658 gen
159 2614 334 2643 erwarte.

148 2676 182 2710 4.
234 2675 458 2709 Laterensis.
508 2674 545 2709 S.
573 2687 631 2721 ep.
659 2677 741 2717 835,
765 2677 798 2711 3.
840 2694 881 2701 —
909 2677 1077 2718 fatebor,
1104 2675 1170 2709 ich
1195 2675 1324 2709 werde
1348 2674 1538 2709 aner-ken-

63 2734 145 2756 nen.
172 2742 213 2748 -
237 2723 393 2767 perspic.
421 2749 428 2756 .
456 2750 464 2758 .
491 2734 679 2766 sagacem,
711 2724 895 2769 gewisser
919 2727 1061 2758 Massen
1097 2736 1144 2757 zu
1175 2723 1266 2756 sehr
1298 2723 1536 2763 verblendet,

64 2782 124 2804 um
150 2771 251 2805 diese
277 2771 482 2811 Get'ahrem
519 2773 559 2805 in
593 2772 653 2807 die
688 2772 782 2808 Wir
806 2784 892 2815 ⁴nun
934 2771 1119 2820 gerathen
1167 2771 1270 2813 sind,
1311 2783 1358 2806 zu
1394 2770 1536 2805 durch-

1583 1223 1609 1263 4
