1795 3086
338 77 650 122 EPISTOLA
682 77 963 120 DCCXVII.
994 76 1305 120 Dccxvm.
1477 75 1564 122 123

94 189 406 244 interpellarit,
454 190 517 231 ita
554 203 631 231 ero
668 187 852 238 Romae,
902 193 950 230 ut
990 193 1109 232 recte
1153 188 1255 230 fieri
1284 201 1458 241 semper
1487 201 1563 229 cu-

95 245 223 300 piam.
283 246 498 288 Trebatio
526 250 680 286 nostro
719 256 899 297 magnas
939 258 1019 298 ago
1063 245 1246 300 gratias,
1284 243 1403 298 quod
1442 249 1566 285 tuum

93 315 199 355 erga
219 315 288 342 me
311 301 501 342 animum
520 300 770 354 simplicem
793 303 926 352 atque
946 300 1137 341 amicum
1149 300 1342 355 aperuitz
1369 302 1415 340 et
1444 299 1565 354 quod

93 370 206 403 eum,
237 370 365 412 quem
393 369 567 411 semper
595 357 797 397 lubenter
826 353 980 404 dilexi,
1009 368 1093 408 quo
1123 355 1265 410 magis
1293 356 1390 396 iure
1418 355 1567 395 colere

95 416 224 466 atque
251 414 484 454 observare
513 412 734 463 deberem,
763 409 888 451 fecit.
958 408 1078 451 Bene
1108 413 1206 453 vale
1237 414 1283 453 et
1311 424 1379 453 me
1408 410 1563 465 dilige.

262 613 577 656 EPISTOLA
607 613 921 657 DCCXVIII.
980 613 1057 658 (ad
1086 614 1177 655 Att.
1210 612 1319 657 XV.
1351 617 1407 663 5.)

147 682 158 685 ”
207 687 286 722 Ser.
313 688 354 722 in
379 687 523 722 Atinati
550 688 653 722 v111.
681 689 763 723 Kal.
791 689 873 723 lun.
899 687 942 722 A.
971 688 1016 723 U.
1042 687 1082 723 c.
1109 690 1192 724 710.
1244 689 1294 731 (a.
1322 688 1361 724 c.
1388 690 1463 733 44.)

93 756 148 789 De
180 754 304 789 literis
340 767 360 789 a
392 757 513 790 Bruto
550 761 586 790 et
623 755 746 789 Cassio
780 755 940 800 acceptis
975 756 1097 789 refert
1131 755 1275 800 sibique
1308 762 1452 790 certum
1495 769 1570 792 esse

210 804 377 850 periculi
402 804 546 838 vitandi
571 815 678 837 causa
703 803 748 836 ad
774 804 906 837 urbem
932 813 1006 836 non
1032 803 1161 837 venire
1187 803 1332 839 scribit.
1359 806 1462 841 1—3.

604 869 782 904 CICERO
808 869 989 905 ATTICO
1017 867 1054 903 S.

204 939 244 979 A
271 937 413 980 Bruto
444 937 705 979 tabellarius
736 937 896 979 rediit:
926 936 1078 978 attulit
1107 941 1151 980 et
1180 937 1234 979 ab
1264 951 1316 979 eo
1338 941 1382 981 et
1403 939 1570 982 Cassio.

96 992 341 1035 Consilium
369 1007 514 1034 meum
543 1007 703 1047 magno
721 1007 854 1048 opere
886 994 1146 1048 exquirunt}
1179 993 1346 1036 Brutus
1376 996 1574 1050 quidem,

95 1054 242 1090 utrum
283 1050 338 1091 de
368 1050 551 1090 duobus.
609 1051 650 1090 Ο
690 1062 782 1091 rem
819 1049 1049 1090 miseram!
1107 1050 1251 1091 Plane
1287 1063 1375 1091 non
1416 1051 1573 1103 habeo,

96 1105 204 1158 quid
253 1106 461 1147 scribam.
534 1104 693 1158 Itaque
744 1104 926 1146 silentio
974 1108 1078 1158 puto
1126 1119 1196 1146 me
1233 1119 1434 1156 usurum;
1484 1107 1573 1148 nisi

97 1160 205 1214 quid
234 1161 357 1201 aliud
386 1161 468 1201 tibi
497 1160 689 1202 videtur.
749 1159 828 1200 Sin
871 1159 957 1201 tibi
995 1158 1104 1214 quid
1132 1161 1257 1202 venit
1292 1161 1337 1201 in
1366 1167 1571 1215 mentem,

97 1216 246 1257 scribe
275 1229 450 1271 quaeso.
532 1215 712 1257 Cassius
742 1229 850 1257 vero
887 1214 1174 1257 vehementer
1214 1220 1313 1258 orat
1353 1229 1404 1257 ac
1442 1219 1571 1273 petit,

98 1276 146 1312 ut
175 1271 373 1312 Hirtium
402 1284 533 1325 quam
563 1271 775 1324 optimum
805 1270 979 1311 faciam.
1037 1269 1200 1311 Sanum
1227 1273 1382 1328 putas?
1412 1270 1450 1313 Ὁ
1477 1289 1571 1324 γνα-

96 1325 191 1378 φεὺς
217 1324 451 1377 ἅνθρακεύς.
507 1326 757 1382 Epistolam
786 1326 869 1368 tibi
898 1326 1014 1367 misi.
1072 1326 1135 1368 Ut
1172 1331 1220 1368 tu
1258 1327 1314 1368 de
1343 1329 1573 1382 provincia

99 1457 186 1479 num
226 1446 518 1491 receptaculum.
568 1464 611 1471 —
663 1446 935 1489 interpellarit,
975 1445 1090 1478 sollte
1122 1443 1213 1478 aber
1243 1468 1252 1477 .
1281 1469 1289 1478 .
1318 1469 1325 1477 .
1354 1444 1574 1490 Einspruch

97 1495 191 1527 thun
218 1493 252 1526 d.
281 1494 306 1526 i.
335 1493 439 1527 mich
465 1505 511 1527 an
537 1493 605 1528 der
628 1493 877 1540 Aussiihrung
903 1493 1003 1526 ienes
1029 1493 1222 1527 Vorsatzes
1249 1491 1472 1532 behindern,
1512 1505 1574 1528 re·

99 1542 257 1575 traxerit
291 1542 334 1574 ab
362 1542 431 1574 illo
455 1553 536 1576 meo
562 1542 745 1576 instituto.
798 1562 839 1568 —-
892 1546 992 1575 recte
1021 1539 1120 1583 fieri,
1164 1540 1246 1574 dass
1281 1540 1573 1576 Rechtliehkeit

99 1590 201 1622 mein
226 1595 342 1623 steter
367 1589 543 1624 Wunseh
569 1590 647 1624 sein
672 1588 784 1623 wir-d.
833 1589 920 1637 Vgl.
944 1589 972 1632 §.
998 1590 1031 1624 5.
1071 1607 1113 1613 --
1160 1588 1269 1622 anim.
1294 1589 1495 1633 simplicem
1518 1590 1574 1623 im

100 1638 261 1684 Gegens.
296 1648 372 1670 von
405 1637 544 1683 duplex
571 1651 620 1669 z
645 1637 858 1679 candidum,
895 1637 1019 1682 grade,
1045 1637 1243 1672 faltenlose
1269 1636 1503 1685 Gesinnung.
1530 1657 1574 1662 —

99 1686 255 1729 aperuit,
282 1684 456 1723 ostendit.
486 1685 647 1720 erb‘ffnet
672 1685 748 1719 hat.
776 1704 822 1710 —
848 1689 881 1718 et
899 1686 992 1730 quod
1007 1685 1121 1726 fecit,
1148 1696 1215 1730 quo
1241 1699 1291 1718 :z
1315 1692 1356 1720 ut
1383 1697 1425 1720 eo
1451 1686 1576 1729 magis

136 1758 144 1765 .
173 1755 182 1766 .
213 1733 406 1766 observare
431 1733 606 1767 deberem
633 1744 722 1775 eum,
750 1744 854 1778 quem
883 1758 891 1766 .
920 1757 927 1766 .
957 1759 966 1767 .
992 1733 1118 1766 dilexi.

196 1783 227 1815 1.
278 1785 311 1813 et
339 1780 468 1814 cassio
494 1782 626 1815 literas
652 1782 724 1815 Md.
750 1793 770 1814 a
795 1792 866 1816 sec.
894 1793 1018 1820 manu,
1045 1781 1162 1814 Oxon.
1192 1782 1268 1816 l.2.
1303 1781 1392 1816 Cld.
1419 1781 1574 1828 Malasp.

100 1828 180 1862 Asc.
208 1830 240 1863 1.
268 1828 370 1863 Crat.
397 1829 524 1862 Lamb.
551 1829 744 1863 ORELLI.
771 1848 814 1853 —
842 1833 960 1863 utrum
984 1829 1027 1862 de
1053 1828 1184 1862 duobus
1200 1829 1364 1876 eligant3
1392 1830 1576 1864 nimirum

100 1877 391 1910 utrumRomam
417 1884 514 1919 eant,
541 1884 582 1911 ut
608 1878 649 1910 in
674 1877 815 1911 Senatu.
838 1877 920 1910 Kal.
947 1878 1028 1911 Iun.
1053 1876 1197 1919 adsint3
1222 1889 1268 1910 an
1294 1877 1335 1910 in
1358 1877 1491 1912 iisdem
1520 1880 1577 1912 lo-

101 1924 155 1958 cis
180 1931 351 1958 maneant
378 1925 541 1970 periculi
569 1937 685 1963 causa,
711 1925 756 1959 de
782 1936 854 1969 quo
874 1936 961 1959 mox
979 1925 1088 1959 infra.
1114 1925 1305 1960 POPMA.
1351 1925 1387 1960 S.
1415 1938 1473 1972 ep.
1493 1928 1578 1968 694,

101 1973 135 2005 4.
159 1991 202 1996 —
229 1973 320 2016 quod
342 1973 500 2006 scribam
524 1973 630 2007 Rom.
658 1973 750 2007 Ern.
778 1973 866 2007 Sch.
892 1974 986 2007 Liin.
1013 1973 1194 2018 probante
1220 1974 1365 2007 Handio
1391 1975 1438 2008 ad
1463 1976 1577 2020 {Vop-

102 2021 183 2053 kens
208 2032 244 2066 p.
273 2022 352 2056 170.
402 2020 476 2055 Sed
508 2021 593 2055 vide
625 2021 751 2056 Beier.
787 2021 832 2055 ad
869 2021 977 2065 Offic.
1011 2021 1057 2054 Τ.
1087 2023 1119 2056 2.
1145 2034 1181 2067 p.
1209 2023 1264 2057 18.
1308 2022 1505 2057 ORELLI.
1533 2041 1576 2048 —

103 2072 186 2101 orat
211 2079 254 2102 ac
277 2069 382 2112 petie.
421 2069 555 2103 Melior
581 2069 672 2103 ordo
699 2076 793 2103 esset
820 2070 880 2111 (ut
905 2071 954 2103 ad
977 2069 1061 2103 Dz‘v.
1087 2072 1121 2110 9,
1146 2071 1204 2105 32.
1231 2074 1311 2114 pelo
1336 2070 1455 2114 igitur
1480 2083 1502 2105 a
1530 2076 1578 2113 te,

105 2117 170 2156 vel,
197 2116 228 2150 si
251 2116 402 2160 pateris,
429 2127 516 2159 oro3
542 2118 634 2151 item
661 2117 813 2152 Tuscul.
840 2118 873 2151 4.
901 2117 930 2160 §-
957 2119 1011 2153 78.
1049 2118 1204 2159 rogandi
1235 2119 1434 2164 orandique
1459 2120 1577 2161 ετιηίι)

101 2164 191 2208 petil
218 2170 320 2208 atque
346 2169 440 2197 orat.
490 2164 564 2199 Sed
590 2165 684 2198 haec
710 2177 783 2200 non
815 2171 1029 2200 constanter
1064 2166 1316 2201 observantur
1348 2168 1511 2210 (Caesar.
1539 2168 1578 2201 B.

105 2212 144 2246 C.
171 2212 200 2253 1,
224 2214 280 2248 32.
308 2217 392 2245 orat
419 2221 462 2245 ac
485 2214 689 2257 postulem).
726 2218 839 2248 errat.
872 2213 967 2248 Petit
1002 2213 1045 2247 de
1076 2214 1203 2248 Lamb.
1240 2226 1337 2260 susp.
1373 2215 1458 2249 sch.
1503 2216 1578 2251 ΟΒ.

104 2259 180 2293 1110
214 2259 432 2294 vehementer
468 2266 569 2296 errat
605 2268 865 2306 praeparatur,
908 2262 1008 2305 quod
1042 2263 1237 2307 sequitur:
1282 2263 1416 2297 Sanum
1447 2264 1580 2307 putas?

105 2307 211 2341 SCH.
242 2326 279 2332 —
317 2312 354 2341 ut
379 2309 541 2342 Hirtium
568 2334 575 2342 .
603 2335 610 2342 .
639 2310 824 2352 .faciam‚
863 2309 929 2343 ich
955 2310 1051 2344 solle
1089 2311 1162 2344 den
1187 2310 1336 2344 Hirtius
1367 2310 1578 2351 bekehren‚

106 2356 170 2387 auf
192 2355 253 2388 die
279 2354 377 2390 Seite
404 2356 472 2389 der
491 2357 705 2402 Optimaten
731 2357 906 2405 bringeri.
952 2358 988 2392 S.
1016 2370 1071 2404 ep.
1100 2359 1182 2400 705,
1212 2360 1246 2392 4.
1272 2361 1353 2402 704,
1380 2361 1413 2393 4.
1441 2377 1487 2384 —
1512 2360 1579 2393 Sa-

107 2413 187 2434 num
210 2404 343 2445 putas?
380 2403 495 2439 haltst
524 2407 582 2440 Du
609 2405 679 2438 den
706 2405 851 2439 Cassius
877 2406 955 2440 wol
981 2408 1044 2440 fiir
1068 2406 1189 2455 klug?
1215 2406 1296 2440 dass
1322 2419 1362 2440 er
1387 2417 1425 2440 so
1451 2407 1581 2441 Etwas

109 2449 237 2483 hoffen
263 2450 375 2485 kann.
402 2471 445 2477 -—
465 2449 504 2487 ‘0
528 2452 738 2498 γναφεὺς
763 2451 784 2487 οἷ
800 2451 1052 2500 νθρακεύς,
1080 2455 1178 2489 fullo
1204 2455 1455 2489 carbonarius.
1488 2457 1581 2489 Pro-

108 2497 280 2530 verbium
305 2498 344 2531 in
372 2511 468 2541 eum,
501 2502 577 2546 qui,
613 2501 712 2546 quod
745 2502 878 2535 melius
905 2503 1064 2536 reddere
1091 2509 1259 2542 conatur,
1292 2502 1453 2536 deterius
1481 2504 1580 2537 facit.

111 2545 309 2588 „Fullonis
335 2553 390 2581 est
415 2554 540 2596 togam
565 2549 750 2583 sordidam
785 2550 946 2583 eluendo
974 2551 1130 2585 reddere
1159 2550 1338 2592 nitidam3
1381 2557 1417 2584 et
1453 2552 1582 2585 carbo-

111 2593 238 2627 narius
265 2593 452 2644 denigrat.
503 2597 573 2639 Qui
605 2598 646 2631 in
683 2596 756 2631 hoc
784 2598 939 2632 homine
972 2599 1173 2632 fulloniam
1206 2606 1392 2638 exerceat,
1436 2600 1474 2632 in
1508 2600 1582 2633 fine

112 2642 238 2686 operis
270 2653 306 2675 se
333 2643 588 2679 carbonarium
619 2646 733 2679 fuisse
766 2645 918 2692 videbit.
968 2647 1082 2680 Nihil
1117 2646 1217 2681 enim
1249 2647 1479 2691 profecerit;
1525 2649 1582 2681 ni-

113 2689 284 2737 griorem
312 2701 395 2723 eum
424 2698 460 2724 et
484 2693 696 2738 turpiorem
722 2693 864 2727 reddet.
913 2695 981 2727 Vel
1017 2695 1080 2734 ita,
1119 2705 1193 2738 quo
1219 2694 1340 2742 magis
1367 2695 1402 2728 ei
1426 2695 1583 2731 honesta

115 2736 305 2782 praecipio
331 2746 365 2772 et
393 2738 558 2783 inculco,
583 2751 625 2776 eo
653 2741 775 2776 minus
801 2741 981 2787 proficio3
1018 2754 1060 2777 eo
1086 2741 1310 2778 deteriorem
1336 2743 1403 2778 ille
1431 2756 1469 2778 se
1496 2756 1586 2789 pro-
