1795 3086
342 102 655 147 EPISTULA
686 103 920 148 DCXCV.
949 103 1208 148 Dcxcvl.
1481 100 1541 148 69

0 230 2 250 ι
61 228 171 255 nem.
240 212 537 262 Quamobrem
576 218 705 270 grata
742 213 857 256 mihi
894 221 962 258 est
1003 221 1048 258 et
1090 214 1303 258 memoria
1342 217 1418 256 tua
1459 225 1535 254 no-

0 117 2 143 ι

0 188 2 212 l

0 251 2 313 i
61 275 178 311 strae
205 269 528 313 coniunctionis
560 276 604 312 et
634 270 730 312 eius
760 270 897 312 etiam
926 274 1154 326 augendae
1181 272 1403 314 voluntas.

0 332 2 347 1

219 403 534 446 EPISTOLA
562 403 822 445 DCXCVI.
881 403 955 454 (ad
986 403 1093 445 Div.
1122 403 1255 445 XVI.
1287 404 1374 454 23.)

215 476 296 511 scr.
323 478 486 512 Puteolis
513 478 598 513 aste
624 479 708 512 Kal.
735 478 820 513 mai.
847 477 891 512 A.
915 478 961 515 U.
990 477 1030 511 c.
1058 479 1138 513 πο.
1167 479 1210 519 (a.
1238 479 1278 512 c.
1305 479 1379 520 44.)

56 545 230 580 Breviter
254 544 300 579 de
327 544 541 581 domesticis
568 545 802 590 quibusdam,
833 545 879 579 de
904 545 1060 579 Antonii
1084 544 1249 578 amicitia
1276 543 1530 581 conservanda

554 594 756 640 paucisque
781 593 881 628 aliis.
923 594 1024 628 1—2.

546 659 760 696 TULLIUS
787 659 959 694 TIRONI
985 658 1023 694 S.

163 729 237 771 Tu
273 742 382 772 vero
422 728 594 771 confice
636 727 972 784 professionem,
1021 727 1061 768 si
1099 730 1267 783 potes.»
1292 725 1375 767 etsi
1420 725 1528 765 haec

54 786 239 838 pecunia
268 800 326 827 ex
357 799 410 827 eo
440 799 598 841 genere
627 789 707 831 est,
737 788 786 825 ut
814 782 1091 837 professione
1118 797 1204 824 non
1235 785 1375 837 egeat.
1434 781 1528 822 Ve-

55 846 297 882 rumtamen
328 874 338 883 .
372 874 380 882 .
414 874 423 883 .
458 842 466 883 !
497 842 664 882 Balbus
694 840 750 880 ad
779 854 849 880 me
888 839 1072 894 scripsit
1110 843 1236 880 tanta
1272 852 1320 880 se
1356 840 1531 888 ὲπιφορᾷ

4 903 5 906 ’
55 910 324 952 oppressum,
372 901 421 938 ut
461 897 586 951 loqui
620 910 708 937 non
745 896 900 950 possit,
938 896 1159 936 Antonius
1198 895 1254 934 de
1292 895 1390 948 lege
1419 892 1527 946 quid

54 953 211 1006 egerit.
268 952 426 993 Liceat
453 953 584 993 modo
613 951 845 995 rusticari!
911 950 983 992 Ad
1018 950 1316 1008 Bithynicum
1353 947 1527 1002 scripsi.

53 1008 125 1049 De
154 1007 352 1049 Servilio
388 1013 437 1049 tu
474 1007 660 1054 videris,
711 1007 789 1062 qui
827 1011 1101 1048 senectutem
1141 1020 1227 1048 non
1267 1003 1523 1045 contemnis.
1565 1010 1589 1047 2

52 1062 156 1105 Etsi
170 1063 345 1105 Atticus
376 1068 541 1111 noster,
570 1065 675 1119 quia
704 1063 924 1118 quondam
954 1077 1024 1104 me
1054 1061 1324 1104 commoveri
1354 1063 1527 1102 πανικοῖς

2 1238 4 1250 ι
54 1222 196 1254 luerunt
220 1224 284 1254 aut
308 1220 428 1253 valent
462 1219 552 1254 sch.
584 1220 678 1253 Liin.
713 1218 783 1253 del.
818 1224 858 1253 ut
893 1221 1035 1254 valeant
1069 1220 1160 1252 Ern.
1212 1217 1406 1252 ORELLI.
1456 1216 1527 1251 Die

3 1278 7 1293 ⁴
51 1280 126 1302 von
150 1267 218 1302 der
242 1267 488 1302 C'a'sarischen
520 1268 597 1301 und
632 1268 966 1302 Antoniussischen
999 1267 1121 1301 Partei
1151 1267 1305 1301 werden
1343 1265 1528 1314 gemeint.

2 1332 7 1362 ς
53 1317 187 1351 Cicero
222 1315 311 1350 l'a‘sst
342 1315 660 1355 durchscheinen‚
704 1316 785 1350 dass
821 1327 863 1349 er
901 1316 988 1349 dem
1022 1328 1092 1349 zur·
1128 1314 1370 1349 C'a'sarischen
1405 1312 1529 1346 Partei

3 1379 5 1394 ε
54 1364 366 1410 iibergetretenen
390 1363 616 1408 Bithynicus
642 1364 740 1398 doch
768 1364 859 1398 eben
885 1364 995 1398 nicht
1019 1371 1141 1400 trane.

147 1435 180 1467 1.
229 1431 364 1472 confice
387 1433 663 1476 professionem.
716 1431 898 1465 Antonius
926 1431 1052 1479 legem
1086 1430 1218 1464 tulisse
1250 1428 1415 1471 videtur,
1457 1438 1528 1472 qua

4 1479 8 1512 ³.
52 1479 140 1529 lege
165 1480 321 1525 quisque
348 1479 458 1513 edere
484 1479 582 1524 apud
605 1480 865 1523 magistratum
899 1479 1051 1514 deberet
1086 1478 1279 1524 pecuniae,
1317 1488 1428 1521 quam
1459 1475 1528 1508 ha-

0 1542 8 1562 ι-
54 1529 160 1562 beret
185 1529 225 1560 in
258 1527 376 1567 bonis,
412 1538 607 1567 summam,
646 1534 687 1560 ut
721 1527 818 1573 apud
851 1538 1024 1561 censores
1059 1533 1155 1560 ante.
1211 1526 1303 1559 Tiro
1337 1523 1527 1558 dubitabat

53 1577 98 1611 de
123 1582 231 1621 parte
259 1575 500 1621 pecuniarum
527 1575 721 1609 Ciceronis
746 1587 792 1608 an
816 1575 1027 1621 profitenda
1063 1581 1171 1618 esset,
1211 1574 1310 1619 quod
1343 1573 1416 1618 ipsi
1452 1582 1526 1605 non

5 1638 9 1659 ι
52 1624 260 1658 videbatur.
313 1623 445 1656 Cicero
469 1623 709 1657 consuluerat
733 1623 889 1656 Balbum
915 1635 1028 1669 super
1059 1635 1101 1657 ea
1134 1635 1187 1657 re.
1239 1623 1275 1656 Is
1299 1632 1415 1666 quum
1442 1619 1525 1653 nol-

5 1684 8 1713 ῑ
53 1673 107 1706 let
131 1673 267 1712 facere,
293 1671 390 1714 quod
413 1671 618 1704 Antonium
648 1677 776 1716 posset
810 1671 1013 1710 offendere,
1056 1671 1210 1716 scripsit
1240 1681 1279 1703 se
1312 1680 1385 1703 non
1419 1678 1527 1712 posse

5 1719 9 1754 i
53 1720 191 1758 dicere,
222 1717 313 1762 quid
348 1719 403 1751 rei
435 1725 542 1757 esset,
583 1720 772 1763 simulque
798 1720 844 1753 de
869 1719 996 1753 morbo
1022 1720 1233 1760 oculorum,
1267 1717 1365 1761 quod
1392 1716 1526 1749 Cicero

5 1772 10 1803 3
52 1768 98 1802 ad
123 1768 245 1801 iocum
272 1768 433 1808 confert,
467 1767 565 1800 unde
591 1767 785 1815 intelligat
815 1767 908 1800 Tiro
933 1767 1089 1801 Balbum
1121 1767 1284 1812 potuisse
1316 1764 1386 1798 sibi
1411 1764 1457 1797 de
1484 1774 1526 1796 ea

5 1815 11 1862 f
54 1827 96 1850 re
120 1815 357 1859 respondere.
392 1814 502 1849 SCH.
535 1833 582 1840 —-
623 1814 876 1848 Verumtamen
903 1841 910 1848 .
940 1841 947 1848 .
977 1817 1008 1847 ..θ
1031 1815 1179 1848 Balbus.
1243 1813 1306 1846 Sic
1339 1812 1525 1845 distinxe-

6 1877 11 1898 ι
54 1870 144 1898 runt
173 1863 270 1896 Vict.
304 1864 337 1898 2.
384 1862 512 1896 Lamb.
544 1863 681 1897 Bened.
741 1864 989 1898 Verumtamen
1019 1863 1159 1896 Balbus
1191 1861 1285 1895 Cett.
1329 1858 1523 1894 ORELLI.

6 1919 9 1936 ³
56 1933 97 1938 —
125 1908 290 1956 ἐπιφορᾷ.
331 1910 473 1944 Graece
507 1911 643 1956 scripsi
677 1911 934 1956 z'epiphora
970 1911 1066 1945 cett.
1107 1909 1300 1946 ORELLI.
1350 1907 1524 1950 „Schnu-

7 1966 9 1977 ³
53 1958 373 2005 pfenthr'anendes
398 1959 545 2007 Auge.“
596 1977 636 1983 —
689 1970 804 2003 oppr„
840 1959 1218 1999 behaftet,befallen.
1269 1976 1312 1982 -—
1363 1957 1404 1990 de
1429 1957 1523 1997 lege.

8 2018 9 2022 ¹
53 2008 174 2051 „Was
201 2018 242 2040 er
267 2007 338 2040 mit
362 2006 447 2040 dem
476 2007 635 2041 Gesetze
661 2007 873 2056 eigentlich
896 2008 1054 2041 wolle.“
1097 2007 1223 2041 Ceteri
1249 2006 1412 2052 iungunt
1438 2015 1523 2038 cuni

53 2067 144 2090 voce
181 2055 290 2099 loqui.
351 2055 434 2103 Ego
469 2054 623 2089 distinxi
653 2067 738 2089 cum
771 2056 865 2089 Vict.
899 2056 1049 2090 Lamb.:
1089 2056 1220 2099 possit.
1249 2054 1442 2093 Antonius,
1483 2057 1524 2083 ut

13 2146 14 2151 1
54 2104 290 2149 suppleatur:
322 2103 486 2145 ‚‚scribe‚
511 2103 694 2137 Antonius
731 2104 821 2147 quid
852 2105 1009 2148 egerit.“
1060 2104 1223 2145 delegem
1257 2101 1330 2135 Md.
1366 2100 1525 2133 Videtur

13 2160 14 2171 ¹
55 2159 275 2197 corruptum
302 2151 414 2185 etiam
441 2152 483 2185 cle
507 2152 601 2193 lege.
643 2152 779 2187 Fuitne
807 2153 848 2184 de
873 2153 1078 2194 legionibus
1109 2155 1289 2195 quattuor,
1331 2149 1428 2194 quod
1454 2158 1524 2193 per

8 2219 10 2233 ;
54 2199 315 2244 compendium
355 2200 539 2244 scriptum
568 2200 867 2234 DELEGGIIII.
909 2200 1022 2234 facile
1057 2200 1098 2233 in
1133 2200 1296 2240 delegem
1329 2195 1524 2240 corrumpi

53 2254 210 2293 poterat.
259 2247 454 2281 ORELLI.
505 2247 540 2281 S.
582 2259 637 2293 ep.
671 2250 753 2290 694,
787 2250 827 2283 2:
862 2247 1044 2290 veterani,
1078 2248 1144 2292 qui
1177 2247 1341 2282 aderant.
1376 2246 1456 2284 68⁴⁴,
1490 2245 1522 2277 2.

56 2297 255 2329 exercitus.
290 2313 333 2319 —
378 2295 566 2335 rusticari,
598 2296 744 2340 quando
774 2297 815 2329 in
845 2296 937 2330 urbe
973 2309 1059 2330 cum
1085 2296 1271 2343 dignitate
1303 2305 1374 2340 per
1403 2293 1522 2326 Auto-

13 2356 15 2360 ¹
55 2343 159 2376 nium
179 2355 254 2376 esse
281 2354 356 2376 non
381 2344 484 2377 licet.
523 2363 565 2368 -—
615 2345 664 2377 ad
687 2343 831 2389 Bithyn.
859 2344 894 2378 S.
921 2346 1044 2391 vox-ig.
1072 2345 1187 2378 Brief.

150 2392 183 2426 2.
233 2390 288 2424 De
310 2391 468 2425 Servilio
494 2392 671 2434 Isaurico,
697 2393 762 2436 qui
788 2400 881 2433 tum,
908 2400 949 2427 ut
976 2400 1030 2427 est
1063 2392 1160 2437 apud
1196 2392 1304 2426 Dion.
1343 2390 1428 2422 libr.
1464 2388 1522 2427 45,

56 2439 155 2473 diem
194 2451 299 2472 suum
337 2451 447 2472 senex
482 2440 638 2474 obierat.
662 2441 860 2475 -Fortasse
901 2441 994 2475 Tiro
1032 2441 1199 2474 similem
1235 2437 1524 2482 longaevitatem

55 2487 127 2520 sibi
152 2494 351 2531 optaverat.
407 2488 538 2531 Itaque
574 2489 705 2523 Cicero
743 2489 957 2534 respondet,
999 2489 1044 2523 de
1077 2488 1234 2522 Servilii
1270 2483 1523 2528 longaevitate

15 2563 16 2567 ,
56 2535 314 2578 consequenda
339 2541 379 2568 tu
403 2535 558 2577 videris,
585 2537 649 2581 qui
677 2544 907 2572 senectutem
934 2549 1006 2571 non
1033 2536 1254 2576 contemni-3,
1291 2534 1355 2577 qui
1387 2531 1432 2565 ad
1466 2542 1522 2563 se-

55 2589 246 2617 nectutem
272 2593 388 2626 usque
414 2584 543 2617 vivere
576 2585 693 2630 cupis.
725 2585 831 2619 scu.
876 2604 922 2609 —-
971 2586 1051 2618 Etsi
1075 2583 1261 2629 particula
1287 2583 1454 2615 refertur
1480 2578 1525 2610 ad

58 2631 280 2665 sententiam
314 2642 331 2663 a
367 2630 547 2665 Cicerone
581 2644 828 2678 suppressam,
866 2635 932 2666 sed
967 2633 1079 2666 facile
1114 2630 1373 2677 supplendam.
1422 2626 1523 2667 ‚‚'1‘u‚

58 2678 195 2722 inquit,
220 2685 447 2713 senectutem
484 2691 559 2713 non
593 2681 811 2715 contemnis.
864 2681 910 2715 At
947 2692 1015 2727 ego
1049 2686 1248 2713 contemno
1279 2689 1349 2710 nec
1384 2674 1523 2708 diutius

59 2726 186 2761 vivere
213 2727 341 2773 cupi03
376 2727 502 2771 itaque
528 2729 774 2772 tranquillior
800 2741 892 2763 sum.
944 2728 1025 2762 Etsi
1065 2725 1345 2771 (Gleichwobl)
1381 2723 1524 2757 Atticus

61 2785 119 2809 me
144 2781 250 2822 putat
274 2780 316 2809 ut
332 2775 425 2810 olim
452 2776 593 2822 panicis
618 2777 827 2812 terroribus
853 2776 1093 2812 commoveri.
1119 2776 1227 2810 SC'H.
1277 2775 1378 2809 Uber
1403 2783 1525 2806 πανικ,

12 2781 18 2803 -.«
11 2702 18 2762 οω-
