1795 3086
0 2257 3 2339 l

288 104 607 149 EPISTOLA
637 103 939 148 Dcchlll.
971 102 1265 147 Dcchlv.
1442 103 1535 153 379

50 217 195 261 minus
224 218 496 260 timeremus.
556 215 647 258 Sed
676 215 788 271 quid
820 216 931 269 ago?
973 214 1083 259 ¹Non
1111 216 1267 259 imitor
1292 218 1537 266 λακωνισμόν

50 279 196 316 tuum:
236 275 378 316 altera
407 274 496 316 iam
524 273 705 328 pagella
733 272 957 327 procedit.
1017 273 1162 316 Vince
1191 276 1239 315 et
1266 272 1381 314 vale.
1439 286 1534 315 x1v.

49 331 154 373 Kal.
183 330 427 382 Quintiles.
1295 341 1297 344 ⁴

215 518 532 565 EPISTOLA
563 519 860 565 DCCCLIV.
899 522 976 574 (ad
1005 521 1112 565 Div.
1143 521 1255 566 XII.
1285 524 1375 575 10.)

202 598 288 634 Scr.
313 599 455 633 Romae
482 597 595 633 initio
623 598 804 642 Quintilis
828 599 873 633 A.
902 599 946 632 U.
974 597 1015 633 C.
1042 599 1124 633 711.
1162 598 1213 640 (a.
1240 598 1280 633 C.
1306 600 1382 642 43.)

51 664 237 709 Lepidum
263 663 418 698 hostem
444 663 651 698 iudicatum
678 664 829 707 scribit,
854 666 1098 709 Marcumque
1123 666 1285 702 Brutum
1299 674 1338 704 et
1355 667 1539 712 cassium,

51 713 92 746 in
119 712 255 758 quibus
283 713 358 747 iam
384 719 539 758 praeter
564 713 740 748 consules
766 713 981 760 designatos
998 723 1144 746 summa
1160 725 1246 759 spes
1268 716 1318 757 sit
1336 717 1395 751 rei
1412 717 1539 763 publi-

357 772 435 802 cae,
463 760 504 795 in
530 761 642 796 Italia
667 762 881 806 exspectari
907 760 1086 795 ostendit.
1123 763 1227 797 1—4.

575 827 756 863 CICERO
783 826 953 862 CASSIO
980 826 1019 861 S.

157 893 387 951 Lepidus,
428 897 531 936 tuns
562 893 744 942 affinis,
784 903 909 935 meus
947 892 1215 951 familiaris,
1255 894 1408 950 pridie
1435 895 1540 937 Kal.

50 950 277 1001 Quintiles
306 949 543 993 sententiis
575 949 779 990 omnibus
810 948 955 991 hostis
986 960 1011 990 a
1040 955 1195 993 senatu
1224 949 1452 993 iudicatus
1475 955 1544 994 est

49 1008 294 1062 ceterique,
325 1007 403 1061 qui
430 1018 518 1046 una
539 1018 640 1047 cum
669 1005 755 1046 illo
786 1016 811 1044 a
841 1019 888 1046 re
917 1005 1098 1061 publica
1127 1007 1412 1049 defecerunt:
1441 1007 1543 1062 qni-

48 1065 131 1105 bus
160 1067 308 1104 tamen
338 1062 396 1104 ad
426 1063 666 1103 sanitatem
696 1060 918 1102 redeundi·
940 1067 1048 1104 ante
1077 1062 1183 1105 Kal.
1206 1064 1431 1120 Septemb.
1461 1077 1543 1119 po-

50 1123 187 1160 testas
225 1117 348 1159 facta
382 1123 465 1159 est.
531 1117 685 1158 Fortis
724 1126 831 1159 sane
869 1122 1074 1171 senatus,
1109 1119 1194 1161 sed
1232 1120 1425 1162 maxime
1463 1122 1544 1175 spe

52 1174 247 1217 subsidii
277 1174 358 1216 tui.
416 1173 598 1215 Bellum
615 1173 813 1229 quidem,
842 1187 976 1228 quum
1006 1173 1122 1217 haec
1141 1177 1408 1230 scribebam,
1437 1189 1544 1218 sane

49 1243 259 1285 magnum
288 1233 389 1271 erat
418 1230 593 1272 scelere
631 1234 676 1271 et
714 1230 897 1287 levitate
926 1231 1108 1285 Lepidi.
1182 1232 1280 1274 Nos
1310 1232 1367 1274 de
1396 1232 1543 1275 Dola-

48 1287 172 1328 bella
198 1287 438 1342 quotidie,
465 1299 580 1341 quae
606 1287 829 1339 volumus,
873 1287 1108 1329 audimus:
1152 1289 1233 1330 sed
1263 1288 1414 1330 adhuc
1442 1289 1543 1330 sine

49 1342 212 1398 capite,
242 1341 341 1384 sine
371 1346 571 1389 auctore,
600 1353 779 1383 rumore
808 1342 1000 1385 nuntia·
1048 1343 1185 1394 Quod
1213 1358 1348 1400 quum
1378 1345 1444 1386 ita
1473 1358 1541 1386 es-

49 1404 134 1445 set,
162 1401 309 1439 tamen
340 1397 490 1440 literis
520 1397 624 1444 tuis,
644 1411 762 1452 >quas
792 1397 936 1440 Nonis
959 1395 1098 1454 Maiis
1129 1410 1188 1441 ex
1217 1400 1382 1442 castris
1413 1400 1543 1442 datas

51 1467 387 1509 acceperamus,
425 1455 489 1495 ita
526 1468 784 1509 persuasum
824 1459 922 1497 erat
965 1448 1171 1509 civitati,
1212 1457 1423 1498 utillum
1452 1456 1543 1498 iam

50 1523 312 1565 oppressum
342 1524 493 1552 omnes
525 1511 876 1563 arbitrarentur,
917 1514 962 1552 te
992 1515 1139 1553 autem
1178 1512 1226 1553 in
1257 1513 1437 1554 Italiam
1466 1527 1542 1555 ve-

49 1567 150 1607 nire
180 1580 280 1607 cum
309 1567 533 1607 exercitu:
580 1570 644 1618 ut,
683 1567 722 1606 si
753 1565 865 1607 haec
894 1581 955 1608 ex
983 1568 1207 1609 sententia
1237 1568 1443 1610 confecta
1472 1582 1542 1610 es-

50 1625 162 1674 sent,
193 1621 386 1663 consilio
417 1621 851 1677 atquevauctoritate
881 1627 977 1673 tua3
1018 1624 1088 1665 sin
1127 1624 1239 1679 quid
1260 1638 1263 1643 ’
1281 1624 1400 1667 foi-te
1430 1626 1541 1670 titu-

49 1679 226 1725 batum,
266 1682 316 1719 ut
354 1676 410 1720 fit
437 1678 485 1720 in
516 1678 638 1720 bello
651 1710 664 1731 ,
713 1678 920 1721 exercitu
961 1683 1038 1722 tuo
1076 1681 1371 1731 nitereniu'r‡''
1394 1680 1545 1732 Quem

50 1832 269 1869 consulatus
296 1832 512 1880 impellant.
529 1853 571 1860 —-
598 1846 668 1869 non
694 1835 837 1879 imitor,
864 1834 930 1883 ich
957 1837 1132 1872 erreiche
1158 1837 1281 1873 nicht.
1298 1858 1341 1864 —
1368 1836 1546 1886 luxury„

50 1882 275 1917 Laconicam
300 1883 542 1917 brevitatem.
596 1899 639 1909 ——
690 1885 813 1918 altera
848 1884 920 1919 iam
948 1887 1106 1929 pagella
1135 1888 1301 1932 proced„
1334 1887 1405 1927 ich,
1426 1885 1543 1936 sange

51 1930 172 1964 sehon
204 1930 267 1964 die
292 1932 431 1966 zweite
457 1929 561 1966 Seite
598 1943 655 1966 an.
705 1932 814 1980 Ergo
847 1932 887 1966 in
922 1933 1112 1977 codicillis
1146 1936 1262 1971 breve
1302 1934 1377 1984 iio'c
1403 1937 1546 1983 episto·

51 1979 147 2012 lium
181 1978 369 2024 scriptum
402 1979 523 2014 suerit
558 1991 711 2014 necesse
747 1987 822 2026 est3
857 1981 957 2025 quod
988 1982 1087 2025 vidit
1119 1984 1318 2022 Manutius.
1353 1984 1464 2023 SCH.
1500 2007 1542 2012 -

56 2026 182 2062 Vince.
210 2027 293 2073 Vgl.
320 2039 380 2074 ep.
408 2029 478 2064 836
503 2040 563 2061 am
589 2026 712 2063 Ende.
738 2047 785 2053 —
813 2042 900 2067 νιιι.
927 2031 984 2064 Id.
1009 2031 1106 2074 Iun„
1132 2045 1192 2066 am
1218 2034 1252 2068 6.
1279 2033 1422 2080 Iunius.

150 2096 181 2128 1.
208 2095 353 2138 affinis,
379 2094 603 2145 Schwager.
653 2097 761 2131 Diess
787 2097 837 2131 ist
864 2098 1027 2133 Cicero's
1064 2099 1202 2133 letzter
1227 2112 1297 2134 uns
1324 2101 1547 2137 erhaltener

52 2142 175 2177 Brief!
204 2159 247 2166 -—
270 2143 392 2187 pridie
417 2144 504 2178 Kal.
533 2147 587 2186 Q„
615 2157 675 2177 am
701 2147 759 2180 30.
789 2146 929 2179 Iunius.
957 2164 1005 2172 ·-
1036 2148 1240 2190 sentenciis,
1264 2149 1461 2198 suffragiis
1487 2163 1546 2185 se-

52 2196 172 2224 natus.
202 2210 246 2218 --
283 2190 401 2225 hostis
426 2192 484 2225 rei
511 2192 701 2238 publicae,
739 2201 946 2239 propterea
972 2196 1074 2240 quod
1099 2197 1309 2231 Antonium
1337 2199 1390 2232 <ad
1416 2211 1455 2234 se
1483 2211 1545 2233 re-

51 2244 221 2284 ceperat.
251 2258 295 2264 -—
321 2240 372 2274 ad
393 2240 518 2281 sanic„
546 2253 617 2274 zur
641 2241 842 2276 vernunst.
871 2262 912 2267 ——-
945 2248 1123 2287 potestas,
1151 2245 1267 2283 Frist.
1297 2266 1340 2271 —
1376 2257 1453 2291 spe.
1480 2247 1546 2282 Sic

51 2287 128 2321 Md.
154 2287 248 2320 vict.
276 2290 308 2322 1.
335 2290 368 2324 2.
396 2288 526 2323 bamb.
550 2287 689 2323 Graev.
714 2290 850 2324 Bencd.
880 2292 1023 2335 optima
1050 2294 1250 2328 sententia.
1276 2294 1440 2329 maxima
1464 2306 1548 2338 spes

51 2335 172 2381 Neap.
197 2335 282 2369 Asc.
311 2338 342 2371 1.
367 2336 472 2371 Crat.
500 2337 595 2371 Ern.
621 2336 708 2371 sch.
734 2338 830 2372 Liin.
858 2340 936 2374 OR.
969 2358 1008 2366 ··—
1042 2352 1232 2385 magnum,
1258 2344 1360 2387 quod
1386 2344 1546 2390 gereba-

54 2389 120 2417 tur
144 2393 233 2417 cum
258 2383 423 2420 Antonio
449 2386 523 2418 iam
549 2386 782 2420 confirmato.
813 2406 855 2413 —-›
884 2399 976 2431 quae
1000 2392 1164 2424 volumus
1191 2390 1215 2424 i.
1246 2401 1274 2425 ο.
1302 2391 1476 2426 iucunda.
1500 2395 1546 2417 —'-

53 2431 132 2464 sine
155 2431 277 2476 capite
301 2432 326 2467 i.
353 2443 385 2466 e.
410 2440 578 2475 auctore,
605 2434 856 2483 unverbiirgt.
893 2436 932 2470 S.
961 2449 1019 2483 ep.
1046 2440 1128 2481 850,
1155 2440 1189 2473 2.
1214 2441 1298 2481 851,
1328 2443 1360 2474 l.
1386 2459 1432 2466 --
1466 2440 1546 2474 sine

54 2484 209 2513 auctore
240 2480 316 2514 del.
348 2480 440 2516 Sch.
473 2482 567 2516 Liin.
603 2481 649 2516 de
686 2483 779 2516 Ern.
816 2495 915 2529 susp.
949 2484 1010 2519 Tu
1046 2487 1135 2521 vide
1165 2498 1236 2531 pro
1264 2488 1394 2522 Caelio
1430 2490 1459 2532 ξ.
1487 2490 1546 2524 31.

57 2528 131 2562 OR.
169 2548 211 2554 -
263 2539 408 2564 rumore
434 2530 572 2570 nuntio,
609 2529 739 2565 indem
765 2532 864 2565 bloss
889 2533 955 2567 das
979 2535 1156 2569 Geriicht
1182 2547 1295 2570 unsel·
1318 2536 1546 2571 Bothsehaf-

55 2583 117 2610 ter
142 2582 201 2609 nst.

150 2625 184 2659 2.
215 2624 319 2658 Quod
343 2636 448 2668 quum
475 2628 528 2659 ita
555 2631 660 2668 esset,
697 2627 722 2660 i.
749 2639 780 2662 e.
808 2640 1034 2675 quamquam
1069 2632 1115 2664 de
1143 2632 1336 2666 Dolabella
1365 2645 1548 2678 oppresso

56 2682 230 2705 rumores
256 2678 404 2706 tantum
431 2680 540 2708 erant
566 2675 684 2709 allati.
714 2694 757 2699 -—
796 2677 891 2711 Non.
920 2680 1032 2719 Mai„
1060 2691 1120 2712 am
1148 2683 1178 2714 7.
1207 2680 1292 2713 Mai.
1320 2681 1356 2717 S.
1385 2693 1443 2726 ep.
1466 2684 1546 2716 817.

58 2739 101 2744 -
140 2718 248 2761 haec,
296 2719 394 2754 bella
433 2728 564 2757 contra
599 2723 806 2758 Antonium
842 2732 879 2759 et
905 2727 1106 2771 Lepidum,
1147 2740 1240 2772 quae
1278 2728 1343 2762 hic
1379 2730 1548 2776 gerimus

59 2769 98 2801 in
125 2768 236 2802 Italia
264 2776 301 2803 ct
326 2769 466 2804 Gallia.
505 2790 545 2796 -—
598 2772 782 2807 turbatum
809 2781 919 2818 esset,
959 2775 997 2810 h.
1027 2787 1055 2809 e.
1085 2775 1115 2809 si
1143 2777 1235 2820 quid
1261 2775 1459 2814 accidisset
1485 2777 1547 2811 ad=
