1795 3086
532 88 847 134 EPISTOLA
891 88 1101 132 DCCXI.
1469 84 1556 131 105

82 207 141 249 tis
170 204 320 248 verbis
350 203 458 259 agis.
517 203 675 256 Egone
703 204 752 244 ut
782 215 878 242 eam
907 214 1097 247 causam,
1124 211 1255 254 quam
1284 196 1323 240 is
1344 198 1554 253 scripsit?

81 261 180 316 Ego
208 262 400 304 scribam
428 271 515 301 non
537 262 717 312 rogatus
744 258 798 298 ab
821 257 901 298 eo?
958 257 1097 297 Nulla
1125 257 1425 306 παρεγχείρησις
1453 253 1554 294 fieri

81 323 230 372 potest
271 314 647 358 contumeliosior.
712 312 796 359 At,
835 311 1008 366 inquis,
1044 309 1323 360 Ἢρακλειὸεῑον
1357 309 1553 365 aliquod.

81 373 183 416 Non
212 386 371 418 recuso
409 371 457 413 id
497 369 705 424 quidem3
744 367 822 409 sed
862 372 908 409 et
948 366 1297 419 componendum
1326 379 1554 420 argumen—

81 435 175 471 tum
224 434 294 470 est
334 431 379 469 et
425 425 652 468 scribendi
702 422 1050 478 exspectandum
1103 426 1274 476 tempus
1322 421 1554 465 maturius.

82 485 216 527 Licet
246 484 362 526 enim
391 481 448 524 de
475 495 568 527 me,
606 485 656 522 ut
694 480 828 526 libet,
867 476 1099 520 existimes
1127 498 1183 505 —
1209 477 1346 519 velim
1376 477 1556 533 quidem

82 553 214 595 quam
244 539 407 594 optime
437 558 491 565 —-
519 536 558 578 si
587 536 697 577 haec
726 537 791 576 ita
812 538 1005 579 manant,
1034 536 1083 572 ut
1102 531 1314 573 videntur
1342 555 1393 564 —
1424 534 1557 578 feres,

84 596 202 650 quod
235 595 380 636 dicam
408 614 464 620 —
492 607 560 634 me
589 591 698 633 Idus
718 590 913 632 Martiae
935 602 1022 631 non
1043 587 1285 629 delectant.
1326 590 1416 630 Ille
1436 589 1556 631 enim

83 664 304 705 nunquam
333 649 615 692 revertisset:
646 661 727 690 nos
756 648 893 689 timor
923 643 1188 687 confirmare
1216 642 1313 683 eius
1344 649 1440 685 acta
1470 658 1558 686 nou

82 708 323 761 coegisset:
347 710 436 755 aut,
450 728 500 736 —-
513 705 619 746 utin
631 703 803 745 Saufeii
817 716 912 744 eam
924 700 1265 753 relinquamque
1277 699 1558 742 Tusculanas

83 762 434 817 disputationes,
476 760 533 801 ad
576 773 684 815 quas
725 766 774 801 tu
813 759 949 801 etiam
977 755 1238 798 Vestorium
1277 754 1476 797 hortaris
1505 775 1557 782 —

83 819 148 860 ita
177 816 367 872 gratiosi
396 830 569 858 eramus
601 815 715 869 apud
747 815 893 865 illum,
935 826 1067 868 quem
1108 810 1176 852 dii
1203 816 1427 853 mortuum
1457 825 1558 867 per—

82 873 233 915 duint!
272 877 322 914 ut
350 878 529 914 nostrae
559 870 721 916 aetati,
760 870 970 924 quoniam
1008 867 1252 911 interfecto
1295 868 1478 909 domino
1506 867 1560 908 li-

83 928 182 971 beri
210 941 298 970 non
328 942 494 974 sumus,
518 940 606 968 non
633 925 776 967 fuerit
804 924 1009 966 dominus
1047 924 1126 965 ille
1156 922 1408 977 fugiendus.
1466 922 1560 965 Ru-

83 986 181 1029 beo,
208 983 324 1024 mihi
353 983 499 1025 crede.
559 981 645 1023 Sed
678 982 766 1023 iam
795 981 1086 1035 scripseram3
1116 979 1267 1021 delere
1296 980 1433 1022 nolui.
1491 980 1561 1021 De

83 1039 370 1085 Menedemo,
421 1039 587 1079 vellem
624 1051 779 1079 verum
819 1036 992 1078 fuisset.
1072 1036 1145 1077 De
1197 1034 1377 1090 regina,
1426 1036 1563 1078 velim

85 1205 228 1246 darauf,
263 1203 344 1237 dass
370 1202 435 1237 ich
463 1203 547 1238 eine
573 1203 675 1238 Rede
700 1203 740 1238 in
765 1205 902 1238 Brutus
930 1203 1090 1244 Namen,
1123 1202 1198 1237 wie
1222 1213 1310 1236 vom
1338 1202 1473 1236 Brutus
1500 1213 1565 1251 ge-

86 1253 230 1291 halten,
259 1253 447 1286 aussetzen
474 1252 582 1286 solle.
633 1252 669 1286 S.
698 1264 755 1297 ep.
786 1254 868 1293 710,
895 1253 926 1286 2.
978 1269 1022 1275 —
1074 1261 1220 1284 causam
1245 1261 1366 1297 agam,
1399 1249 1464 1283 ich
1491 1250 1569 1284 soll

87 1301 159 1334 den
184 1298 409 1333 n'a‘mlichen
435 1299 678 1347 Gegenstand
704 1298 947 1333 behandeln?
973 1297 1149 1346 Erg'anz‘e
1175 1298 1352 1343 postulas.
1378 1315 1426 1323 ·-
1450 1297 1569 1332 Nulla

124 1373 132 1380 .
159 1373 167 1380 .
194 1347 500 1390 contumeliosior,
529 1350 634 1390 nein,
660 1346 855 1381 wahrlich
880 1346 1015 1379 Nichts
1038 1347 1141 1379 kann
1157 1345 1448 1393 beleidigender
1472 1346 1569 1387 sein,

89 1396 143 1429 als
170 1396 232 1428 ein
258 1395 410 1428 solcher
434 1395 609 1442 Eingriff
630 1396 671 1428 in
696 1395 863 1429 fremdes
889 1394 1026 1429 Werk.
1078 1395 1160 1428 Hoc
1197 1393 1298 1428 enim
1334 1393 1571 1441 significaret

86 1455 146 1477 me
171 1443 279 1478 Bruti
305 1443 517 1477 orationem
543 1443 758 1488 improbare
784 1453 918 1488 meque
945 1448 1123 1487 tanquam
1149 1442 1342 1476 aemulum
1369 1441 1448 1475 eius
1466 1441 1569 1474 laudi

87 1492 294 1525 detrectare
321 1491 436 1529 velle,
465 1501 536 1535 quo
561 1491 663 1524 nihil
688 1492 773 1524 fieri
800 1496 927 1536 posset
952 1491 993 1523 in
1010 1502 1095 1524 eum
1114 1489 1432 1525 contumeliosius.
1459 1489 1570 1524 SCH.

87 1558 134 1564 —
155 1535 537 1582 ‘Homul-ecclsiam
575 1551 667 1584 opus
701 1539 746 1573 de
779 1551 820 1572 re
853 1538 1029 1584 publica,
1062 1538 1164 1583 quod
1200 1544 1422 1583 assequatur
1457 1549 1570 1583 prae-

87 1585 265 1621 stantiam
297 1586 497 1628 librorum,
532 1598 624 1631 quos
662 1587 883 1633 Heraclides
911 1587 1099 1629 Ponticus,
1133 1586 1265 1621 doctus
1305 1586 1373 1620 ille
1399 1585 1569 1621 Platonis

86 1634 249 1675 auditor,
283 1634 494 1680 scripserat.
529 1635 635 1669 SCH.
686 1635 790 1669 Uber
814 1635 964 1669 Hei-acl.
991 1635 1096 1670 Pont.
1130 1646 1158 1669 s.
1185 1635 1337 1669 Tuscul.
1364 1635 1408 1677 V,
1435 1636 1472 1671 3.
1523 1634 1570 1668 de

88 1684 162 1716 Nat
188 1683 297 1716 Deor.
324 1682 354 1719 1.
382 1684 416 1717 3.
467 1682 515 1716 de
539 1684 658 1731 Legg.
692 1683 762 1724 111,
788 1684 819 1718 6.
867 1682 913 1717 de
938 1683 1064 1718 Divin.
1098 1683 1130 1724 Ι,
1157 1684 1215 1718 23.
1264 1694 1312 1717 zu
1335 1679 1481 1729 Ἡρακλ.
1509 1693 1568 1727 ep.

89 1732 169 1771 7⁷0,
196 1731 230 1764 3.
283 1729 347 1763 Sic
380 1729 417 1764 h.
452 1730 478 1764 1.
514 1737 553 1765 et
586 1731 678 1764 alibi
715 1731 826 1766 scrib.
862 1737 943 1765 erat
980 1742 1026 1764 ex
1050 1731 1169 1767 Attio.
1199 1733 1257 1772 16,
1286 1733 1340 1766 12.
1377 1731 1418 1763 de
1442 1728 1570 1776 Ἡρα-

87 1774 312 1822 audeley
343 1778 539 1820 Varronis,
566 1779 631 1812 ubi
657 1779 775 1812 semel
801 1784 905 1813 recte
937 1779 1084 1826 legitur
1115 1778 1155 1812 in
1179 1778 1274 1812 Edd.
1301 1778 1567 1812 anterioribus.

85 1823 416 1873 Ἡρακλειέδιον
455 1827 550 1861 Cett.
593 1827 789 1862 ORELLI.
832 1845 880 1851 —
929 1837 1044 1870 comp.
1071 1836 1155 1869 arg.
1183 1830 1249 1868 est,
1277 1838 1314 1861 es
1340 1838 1443 1860 muss
1469 1826 1573 1860 Stoff

87 1874 165 1907 und
191 1873 282 1907 Plan
309 1876 527 1909 entworfen
552 1875 720 1911 werden.
749 1894 793 1900 —
826 1876 861 1908 si
885 1873 971 1908 haec
996 1875 1050 1908 ita
1072 1879 1221 1908 manant
1247 1885 1383 1920 nempe
1408 1874 1456 1908 ad
1479 1886 1569 1919 per-

88 1922 231 1955 niciem
257 1922 314 1955 rei
339 1923 526 1967 publicae,
553 1930 595 1958 ut
620 1923 802 1957 videntur
826 1934 1003 1965 manare3
1030 1934 1145 1957 wenn
1170 1923 1232 1956 die
1251 1923 1378 1971 Dinge
1405 1934 1446 1957 so
1471 1924 1569 1957 fort-

88 1969 227 2017 gehen.
277 1969 341 2003 Sic
367 1970 440 2004 Md.
467 1971 565 2005 Iens.
593 1970 677 2004 Asc.
707 1973 741 2006 1.
766 1970 864 2004 Vict.
885 1973 915 2005 1.
937 1972 970 2005 2.
997 1971 1126 2005 Lamb.
1151 1972 1234 2006 Bos.
1262 1970 1348 2005 soh.
1374 1971 1470 2005 Liin.
1497 1972 1569 2004 cfr.

90 2018 202 2052 Catil.
229 2018 262 2053 2.
288 2019 315 2062 §-
344 2020 400 2053 11.
428 2020 478 2052 ad
501 2019 647 2053 Divers.
678 2020 734 2060 12,
761 2021 791 2054 1.
830 2023 973 2053 manent
997 2019 1095 2052 Ball.
1121 2018 1207 2055 Asc.
1234 2020 1265 2055 2.
1306 2019 1405 2054 Crat.
1434 2019 1569 2053 Graev.

90 2066 183 2099 Ern.
211 2070 377 2100 maneant
400 2066 519 2107 Rom.‚
552 2073 595 2100 ut
619 2067 772 2100 volebat
797 2067 935 2101 Graev.
971 2067 1168 2101 ORELLI.
1213 2085 1260 2092 —
1305 2068 1378 2101 Ille
1408 2068 1501 2101 enim
1533 2078 1569 2100 n.

92 2118 235 2154 rever-t„
264 2113 295 2147 si
320 2125 396 2148 non
420 2115 633 2160 puerilibus
661 2115 829 2149 consiliis
854 2115 913 2148 usi
938 2115 1157 2157 suissemus3
1189 2115 1303 2157 deun,
1336 2115 1470 2150 hatten
1495 2115 1570 2149 wir

89 2173 157 2195 uns
182 2173 243 2195 am
272 2163 327 2197 15.
354 2165 456 2196 max-z
482 2163 616 2197 ander-s
642 2163 877 2204 benommen,
904 2174 942 2197 so
966 2166 1068 2197 w'a‘re
1096 2164 1209 2197 C'a'sar
1234 2163 1345 2198 nicht
1368 2164 1516 2198 wieder
1532 2164 1570 2196 in

89 2209 156 2242 der
180 2210 317 2244 Person
342 2210 405 2244 des
430 2211 616 2245 Antonius
642 2212 923 2246 auferstanden.
974 2212 1040 2245 ille
1072 2212 1170 2245 enim
1201 2216 1263 2245 aut
1289 2222 1469 2256 nunquam
1495 2222 1571 2248 rev.

93 2257 182 2292 sch.
209 2258 305 2291 coni.
332 2259 426 2292 Liin.
454 2270 591 2305 nempe
618 2271 637 2292 e
664 2259 767 2293 bello
792 2259 982 2300 Parthico,
1019 2259 1064 2293 ad
1091 2259 1190 2303 quod
1216 2260 1351 2294 Caesar
1379 2260 1483 2293 exire
1509 2270 1571 2293 co-

92 2305 245 2351 gitabat.
273 2326 314 2331 —
342 2305 573 2347 confirmare,
599 2313 679 2340 rata
705 2307 859 2348 habere,
885 2314 933 2341 ut·
953 2307 1057 2341 iubet
1080 2308 1278 2341 Antonius.
1319 2326 1361 2331 —
1411 2309 1451 2341 in
1477 2308 1570 2340 San-

85 2353 163 2395 seii
188 2353 323 2398 supple
348 2352 501 2399 αἵρεσιν,
528 2355 601 2388 nisi
626 2356 726 2389 forte
753 2355 844 2400 quid
869 2356 944 2389 tale
971 2356 1123 2389 excidit.
1167 2355 1362 2390 ORELLI.
1415 2366 1505 2396 „um
1532 2355 1570 2386 in

94 2400 154 2432 die
180 2400 414 2435 Gruudsa'tze
448 2403 511 2435 des
545 2402 645 2436 Saus.
680 2403 945 2450 einzugehen“
982 2403 1017 2437 d.
1045 2403 1069 2440 i.
1105 2403 1181 2438 wie
1216 2404 1275 2437 die
1302 2404 1499 2449 Epikurer
1525 2414 1571 2435 zu

92 2447 255 2491 ‹lenken‚
283 2448 344 2482 die
370 2461 442 2482 nur
467 2450 530 2483 das
553 2451 798 2499 Vei-gniigen,
825 2450 887 2484 das
914 2451 1127 2496 physische
1148 2452 1356 2486 onhlsein
1384 2451 1437 2483 im
1463 2451 1570 2498 Auge

93 2494 226 2528 haben.
265 2514 307 2520 —
358 2497 406 2530 ad
429 2509 517 2541 quas
543 2498 736 2546 legendas.
774 2517 816 2523 —
872 2499 1095 2541 Vestorium,
1122 2500 1391 2547 argentarium.
1442 2498 1478 2532 S.
1508 2510 1567 2543 ep.

95 2543 177 2583 79³,
205 2544 238 2577 2.
275 2561 317 2567 —
368 2546 463 2587 apud
486 2546 602 2585 illum,
629 2547 842 2580 Caesarem.
881 2565 922 2571 —
977 2552 1124 2581 nostrae
1149 2547 1266 2580 aetati
1292 2558 1339 2575 Ξ
1374 2545 1471 2579 mihi
1498 2546 1569 2579 hac

94 2595 225 2631 aetate,
254 2590 293 2623 in
318 2590 456 2625 diesem
482 2594 600 2627 Alter.
652 2594 781 2627 Abstr.
807 2605 878 2639 pro
905 2595 1101 2630 Concreto.
1132 2614 1174 2619 -
1212 2595 1346 2636 Rubeo,
1374 2593 1438 2627 ich
1465 2596 1569 2628 err‘o-

95 2637 161 2672 the
188 2638 261 2671 fast
287 2650 326 2671 so
351 2651 398 2672 zu
423 2641 624 2685 sprechen.

190 2700 223 2733 4.
254 2699 309 2732 De
334 2701 555 2736 Menedemo.
582 2702 617 2735 S.
645 2711 702 2747 ep.
729 2704 811 2743 709,
839 2705 872 2738 2.
901 2723 944 2729 -
986 2704 1042 2737 De
1068 2705 1198 2745 regina
1224 2703 1431 2748 Cleopatra.
1460 2703 1496 2739 S.
1525 2716 1571 2736 zu

99 2757 151 2791 ep·
181 2749 260 2789 707,
286 2748 319 2782 5.
348 2760 406 2782 am
433 2749 550 2784 Ende.
602 2750 807 2785 Vielleicht
832 2751 927 2799 ging
954 2752 1018 2785 das
1046 2750 1240 2795 Geriicht‚
1274 2751 1326 2784 sie
1353 2751 1471 2786 wolle
1498 2751 1570 2785 den
