1795 3086
574 77 885 120 EPISTOLA
919 79 1173 122 DCXCIV.
1543 80 1601 128 67

124 198 347 240 tueamur3
377 193 435 236 et,
464 189 835 244 quemadmodum
864 194 912 231 tu
942 192 1177 248 praecipis,
1215 193 1416 234 contenti
1446 194 1601 236 Idibus

123 247 305 288 Martiis
335 247 500 288 simus:
530 258 643 300 quae
672 246 855 299 quidem
884 248 1049 289 nostris
1079 247 1249 295 amicis,
1277 247 1445 291 divinis
1473 251 1601 303 viris,

123 302 295 344 aditum
326 302 384 344 ad
414 302 584 343 caelum
623 301 856 348 dederunt,
903 300 1158 345 libertatem
1194 305 1358 360 populo
1399 304 1601 347 Romano

121 372 206 400 non
245 358 478 400 dederunt.
544 356 805 399 Recordare
853 359 941 398 tua.
1008 357 1169 400 Nonne
1215 359 1460 402 meministi
1508 361 1599 402 cla·

119 428 242 456 mare
272 418 316 456 te
345 413 489 455 omnia
519 413 702 466 perisse,
739 413 780 455 si
823 412 905 454 ille
945 412 1101 454 funere
1140 416 1283 458 elatus
1322 417 1464 458 esset?
1520 416 1600 458 Sa-

120 470 295 525 pienter
322 470 371 511 id
400 468 592 525 quidem.
649 469 823 522 Itaque,
864 482 924 510 ex
954 482 1008 510 eo
1037 481 1155 524 quae
1182 473 1415 526 manarint,
1453 471 1597 515 vides.

120 525 250 575 Quae
278 526 441 568 scribis
471 524 694 567 Kalendis
722 524 870 567 Iuniis
898 524 1140 567 Antonium
1168 524 1225 566 de
1253 528 1500 580 provinciis
1528 542 1599 571 re-

120 583 331 629 laturum,
358 586 408 623 ut
436 586 482 622 et
510 582 606 636 ipse
637 581 816 624 Gallias
846 580 1011 623 habeat
1038 584 1083 622 et
1113 580 1316 636 utrisque
1360 583 1458 625 dies
1497 597 1599 640 pro-

119 642 326 693 rogetur:
356 637 568 679 licebitne
599 636 783 679 decerni
813 637 985 679 libere?
1042 637 1093 680 Si
1123 636 1321 691 licuerit,
1350 638 1600 681 libertatem

118 707 215 735 esse
256 697 559 748 recuperatam
606 694 829 736 laetabor:
877 694 918 734 si
966 706 1055 734 non
1093 692 1291 740 licuerit,
1339 695 1450 748 quid
1487 695 1600 736 mihi

118 749 326 791 attulerit
363 751 453 791 ista
503 748 675 790 domini
721 749 909 800 mutatio
956 752 1135 803 praeter
1183 749 1419 803 laetitiam,
1468 764 1599 805 quam

119 805 265 847 oculis
307 805 408 861 cepi
449 804 567 846 iusto
606 805 796 847 interitu
835 805 1048 860 tyranni?
1102 802 1304 859 Rapinas
1342 805 1503 847 scribis
1541 806 1599 848 ad

119 860 234 916 Opis
261 860 388 904 fieri:
438 873 547 916 quas
594 873 675 902 nos
709 873 888 915 quoque
926 863 1021 901 tum
1059 859 1329 903 videbamus.
1386 861 1483 903 Nae
1522 875 1601 903 nos

119 922 166 958 et
195 917 376 958 liberati
407 917 460 957 ab
490 915 685 971 egregiis
725 915 839 959 viris
878 928 960 957 nec
999 915 1133 957 liberi
1171 929 1332 958 sumus.
1391 916 1465 958 Ita
1503 917 1602 959 laus

118 973 305 1013 illorum
334 975 416 1019 est,
445 972 576 1025 culpa
605 974 773 1013 nostra.
831 971 895 1014 Et
923 970 1123 1014 hortaris
1161 985 1246 1019 me,
1295 977 1344 1014 ut
1385 972 1601 1014 historias

119 1027 337 1069 scribam?
383 1032 432 1069 ut
480 1026 696 1082 colligam
743 1031 869 1069 tanta
920 1040 1074 1069 eorum
1124 1023 1315 1075 scelera}
1363 1042 1391 1070 a
1440 1028 1602 1084 quibus

118 1084 254 1126 etiam
280 1097 397 1124 nunc
425 1081 712 1125 obsidemur?
768 1083 998 1125 Poterone
1027 1097 1103 1125 eos
1133 1084 1255 1138 ipsos
1284 1097 1371 1126 non
1402 1084 1602 1129 laudare,

119 1140 196 1195 qui
235 1144 281 1180 te
321 1138 653 1192 obsignatorem
692 1138 1023 1181 adhibuerunt?
1093 1139 1190 1181 Nec
1233 1139 1490 1182 mehercule
1532 1153 1603 1181 me

119 1194 434 1237 raudusculum
462 1199 641 1236 movet:
689 1196 769 1236 sed
800 1195 1006 1236 homines
1037 1195 1290 1241 benevolos,
1337 1197 1602 1250 qualescun-

118 1264 202 1306 que
229 1255 346 1304 sunt,
373 1264 512 1306 grave
542 1254 609 1292 est
638 1250 814 1306 insequi
845 1252 1129 1293 contumelia.
1188 1250 1278 1292 Sed
1312 1252 1368 1293 de
1396 1252 1601 1294 omnibus

117 1408 201 1440 lum.
244 1405 331 1452 vgl.
357 1416 415 1450 ep.
441 1407 524 1446 691,
554 1407 583 1440 1.
610 1423 658 1431 —
692 1406 846 1441 Record.
873 1409 948 1448 tua,
984 1405 1162 1440 erinnere
1189 1404 1290 1440 Dich
1317 1416 1389 1439 nur
1413 1417 1458 1439 an
1486 1406 1605 1441 Deine

119 1454 255 1501 eigene
280 1452 587 1502 Vorhersagung.
616 1473 662 1480 -
687 1455 804 1488 elatus
831 1455 950 1489 esset?
999 1454 1087 1503 Vgl.
1114 1465 1172 1500 ep.
1198 1455 1281 1497 690,
1312 1456 1342 1488 1.
1379 1472 1419 1479 —
1463 1454 1503 1488 id
1527 1456 1605 1500 qui-

119 1503 199 1535 dem
225 1513 244 1535 a
272 1508 311 1535 te
336 1501 478 1536 dictum
505 1508 595 1535 erat.

214 1550 249 1585 4.
297 1550 458 1594 utrisque
482 1549 623 1583 Galliis
651 1548 869 1594 Cisalpinae
895 1555 932 1583 et
958 1548 1232 1596 Transalpinae
1265 1549 1343 1583 dies
1365 1554 1603 1593 prorogetur.

121 1597 226 1639 „und
252 1596 333 1630 dass
358 1597 439 1631 ihm
464 1597 572 1632 beide
596 1597 748 1632 Gallien
776 1598 842 1629 auf
877 1597 1032 1645 l'a‘ngere
1059 1599 1147 1632 Zeit
1180 1598 1235 1631 als
1262 1598 1513 1646 gewohnlich
1539 1611 1605 1631 zu-

122 1646 284 1679 erkannt
309 1645 467 1680 werden
501 1645 681 1679 sollten.“
731 1644 935 1680 Wirklich
967 1651 1085 1680 setzte
1116 1646 1301 1680 Antonius
1336 1645 1435 1680 diess
1469 1646 1604 1680 durch.

121 1693 156 1727 S.
185 1693 354 1739 Philipp.
380 1694 431 1733 ΙΙ,
458 1695 517 1730 42.
570 1711 612 1718 —
665 1693 813 1727 decerni
841 1705 860 1726 a
887 1694 1136 1734 senatoribus,
1171 1694 1273 1730 wird
1307 1693 1352 1728 da
1383 1695 1461 1728 wol
1500 1694 1606 1728 ieder

120 1741 280 1775 Senator
304 1741 383 1774 sein
408 1742 545 1775 Votum
572 1740 646 1775 frei
672 1741 833 1788 ablegen
859 1740 1038 1776 konnen?
1063 1761 1107 1767 -—-
1132 1746 1279 1786 praeter
1304 1742 1492 1776 laetitiam.
1541 1742 1606 1776 Ci-

120 1800 208 1824 cero
241 1789 343 1823 hatte
375 1788 513 1824 iedoch
551 1789 613 1823 die
645 1789 892 1837 Ermordung
927 1788 1056 1823 C'asars
1092 1791 1223 1826 weder
1248 1790 1472 1833 veranlasst,
1506 1790 1605 1825 noch

119 1837 233 1871 daran
258 1836 374 1870 Theil
401 1848 638 1884 genommen.

215 1886 249 1920 5.
299 1886 347 1919 ad
379 1884 467 1929 opis
503 1886 656 1926 aedem,
701 1884 901 1931 templum.
953 1884 1047 1918 Hier
1081 1896 1164 1919 war
1196 1884 1257 1919 die
1293 1884 1605 1919 Schatzkammer

120 1933 184 1967 des
212 1932 344 1967 staats.
396 1934 584 1968 Antonius
611 1933 780 1967 Caesaris
807 1931 985 1978 pecunias
1012 1933 1051 1966 in
1077 1933 1166 1978 Opis
1203 1934 1349 1979 templo
1384 1933 1527 1979 positas
1561 1932 1605 1965 ad

120 1992 159 2015 se
179 1981 374 2016 transtulit
399 1987 450 2025 et,
477 1992 593 2026 quum
619 1982 765 2015 diceret
792 1982 831 2015 in
857 1982 950 2015 actis
976 1981 1143 2016 Caesaris
1170 1992 1263 2022 esse,
1311 1988 1353 2016 ut
1379 1993 1420 2016 ea
1444 1981 1606 2027 pecunia

119 2029 424 2070 distribueretur,
450 2029 512 2064 his
539 2030 676 2064 tribuit
712 2040 757 2064 ex
783 2029 942 2063 libidine
977 2040 1053 2070 sua,
1087 2030 1222 2073 quibus
1258 2029 1379 2064 voluit
1416 2035 1452 2063 et
1487 2040 1604 2073 quan·

119 2083 199 2111 tum
224 2077 366 2121 voluit3
403 2078 714 2122 Dolabellamque
741 2089 828 2112 aere
860 2077 987 2111 alieno
1014 2088 1249 2123 oppressum,
1283 2077 1364 2111 data
1405 2077 1438 2110 ei
1471 2076 1605 2122 grandi

119 2126 290 2171 pecunia,
320 2126 429 2171 quasi
456 2126 497 2160 in
523 2127 616 2160 actis
644 2125 809 2160 Caesaris
843 2125 894 2160 ita
921 2126 1106 2170 scriptum
1132 2132 1243 2165 esset,
1288 2125 1327 2159 in
1360 2137 1441 2159 suas
1478 2131 1605 2171 partes

118 2173 229 2208 facile
254 2174 433 2208 traduxit.
484 2175 563 2209 Cfr.
591 2174 760 2219 Philipp.
788 2174 816 2207 I.
845 2185 874 2208 c.
905 2176 937 2209 7.
964 2174 1013 2207 II.
1042 2184 1075 2210 c.
1102 2175 1159 2209 42.
1196 2174 1396 2208 MANUT.
1445 2194 1484 2198 —
1534 2177 1606 2206 tum

117 2222 247 2263 videbo
292 2221 492 2264 „damabls
526 2222 831 2265 voraussahen“;
880 2233 991 2256 wenn
1034 2233 1072 2256 es
1106 2221 1190 2255 sich
1232 2221 1339 2255 nicht
1378 2222 1445 2255 auf
1474 2221 1605 2255 C'a'sars

119 2269 313 2304 'ahnliches
350 2270 565 2305 Verfahren
602 2270 767 2313 bezieht,
812 2270 851 2303 in
886 2269 1075 2305 welchem
1106 2270 1216 2304 Falle
1253 2281 1339 2303 man
1375 2269 1606 2316 iibertragen

120 2320 275 2351 miisste:
321 2318 502 2352 damals
540 2318 786 2353 erlebten.
838 2337 879 2343 --
932 2321 966 2351 et
994 2344 1002 2350 .
1032 2344 1039 2350 .
1064 2343 1072 2351 .
1100 2329 1162 2352 nec
1188 2332 1237 2350 τ..-
1263 2319 1369 2351 einer
1400 2317 1498 2351 Seits
1524 2341 1531 2348 .
1560 2341 1567 2348 .
1600 2342 1605 2349 .

120 2364 198 2398 und
223 2364 323 2399 doch
347 2366 508 2401 andex-er
532 2365 630 2401 Seits
659 2366 780 2400 nicht.
835 2385 876 2391 —
928 2367 988 2411 qui
1013 2370 1047 2399 le
1071 2366 1213 2409 obsign.
1241 2365 1375 2408 adhib„
1418 2365 1479 2398 die
1506 2362 1607 2398 Dich

121 2424 208 2446 zum
233 2413 433 2461 Besiegeln
458 2414 568 2448 ihrer
593 2414 834 2450 Testamenta
862 2413 1073 2461 gebraucht
1099 2414 1247 2449 haben'.>
1298 2413 1333 2447 S.
1370 2423 1428 2457 ep.
1465 2413 1546 2448 682.
1573 2413 1606 2446 2.

122 2479 164 2484 —
192 2470 254 2494 nec
278 2471 333 2496 me
359 2463 611 2496 raudus-culum
636 2467 765 2505 movet,
812 2461 1031 2504 „wahrlich
1055 2462 1177 2506 nicht,
1203 2462 1286 2496 dass
1315 2461 1403 2494 hier
1429 2459 1490 2493 die
1517 2460 1608 2493 Paar

121 2508 305 2555 Psennige
332 2509 371 2542 in
396 2510 573 2545 Betracht
608 2510 757 2551 kamem
793 2510 855 2544 die
889 2510 942 2543 sie
977 2510 1054 2543 mir
1088 2510 1266 2558 schuldig·
1302 2507 1400 2548 sind,
1443 2518 1484 2541 so
1524 2507 1606 2541 dass

119 2555 195 2597 ich,
231 2568 345 2590 wenn
371 2557 434 2592 ich
461 2559 514 2594 sie
539 2558 648 2593 nicht
685 2559 801 2594 lobte,
841 2557 1023 2591 fiirchten
1060 2561 1212 2597 minste,
1247 2557 1300 2590 sie
1334 2555 1494 2590 wiirden
1529 2555 1606 2587 mir

120 2603 229 2637 nicht
256 2604 478 2640 bezahlen.“
528 2607 580 2640 Es
607 2607 758 2641 bezieht
785 2605 864 2640 sich
892 2606 990 2640 diess
1017 2607 1096 2640 wol
1120 2603 1413 2649 haupts'achlich
1439 2604 1506 2636 auf
1528 2603 1603 2637 Do-

121 2652 270 2694 labella,
318 2653 386 2686 der
422 2654 586 2689 cicero‘s
625 2654 856 2694 Schuldner,
901 2654 987 2688 aber
1031 2661 1132 2689 trotz
1170 2653 1264 2687 alles
1306 2651 1603 2700 Vorgesallenen

121 2700 220 2733 noch
261 2701 339 2734 sein
372 2702 524 2738 Freund
561 2714 649 2737 war.
700 2703 784 2750 Vgl.
821 2714 877 2747 ep.
915 2705 993 2737 701.
1026 2704 1105 2737 701.
1161 2721 1202 2726 --
1254 2700 1489 2741 contumelia,
1534 2698 1603 2732 mit

121 2746 318 2782 Schmacli.

1154 2798 1202 2842 5*
