1795 3086
169 55 257 103 152
442 57 504 100 Μ.
534 60 588 103 Τ.
620 56 955 102 CICERONIS
983 58 1352 104 EPISTOLAE.

165 183 263 210 cum
292 171 415 224 patre
444 170 645 212 habitare
673 171 801 213 velle.
872 172 973 214 Hoc
1000 186 1108 214 vero
1136 173 1322 214 mirumz
1367 174 1412 214 et
1442 172 1490 214 id
1518 187 1627 228 gau-

167 226 253 266 det.
302 227 499 280 Ecquem
517 230 565 265 tu
584 227 666 267 illo
686 229 921 269 certiorem
942 229 1227 269 nebulonem?
1254 229 1422 278 Ἐποχήν
1436 236 1624 270 vestram

165 281 220 322 de
248 295 296 321 rc
328 282 439 321 Cani
469 281 802 324 deliberationis
832 285 985 339 probo.
1053 283 1181 324 Nihil
1222 296 1342 324 eram
1380 285 1623 339 suspicatus

165 337 221 377 de
251 337 436 377 tabulis:
475 335 663 386 οἷκεροιιὼξ
692 339 939 380 restitutam
969 339 1227 381 arbitrabar.
1294 337 1417 390 Quae
1455 335 1627 389 differs,

166 396 216 432 ut
244 404 413 432 mecum
443 405 614 446 coram,
645 395 916 448 exspectabo.
985 395 1289 445 Tabellarios,
1318 395 1464 448 quoad
1490 396 1628 446 voles,

168 448 359 487 tenebis:
406 460 451 488 es
481 448 596 488 enim
625 453 874 503 occupatus.
941 450 1074 500 Quod
1103 451 1160 491 ad
1187 450 1443 502 Xenonem,
1481 451 1626 504 probe.

170 501 303 550 Quod
330 503 498 555 scribo,
537 517 666 558 quum
697 505 940 546 absolvero.
1008 506 1176 555 Quinto
1214 505 1458 560 scripsisti,
1494 509 1538 546 te
1574 504 1649 545 ad·

170 571 269 598 eum
297 557 473 600 literas:
501 572 630 600 nemo
659 561 877 601 attulerat.
933 560 1047 602 Tiro
1067 563 1198 615 negat
1225 562 1314 601 iam
1342 561 1425 601 tibi
1453 560 1628 615 placere

168 612 475 666 Brundisium,
516 618 561 655 et
589 616 768 669 quidem
798 615 947 656 dicere
975 616 1146 670 aliquid
1185 616 1241 657 de
1263 616 1503 658 militibus.
1571 617 1630 657 At

168 681 250 722 ego
277 669 366 710 iam
395 669 686 723 destinaram,
724 670 1010 726 Hydruntem
1039 671 1231 725 quidem.
1297 671 1535 714 Movebant
1561 684 1631 711 me

169 794 293 828 tonius
323 793 405 828 ihm
438 792 546 828 nicht
571 792 706 843 ,gleich
739 793 800 829 die
834 805 948 842 ganze
989 793 1139 828 Summe
1177 794 1344 842 gegeben
1383 792 1530 828 haben?
1579 793 1635 826 Er

170 842 310 875 konnte
335 854 372 876 es
397 843 472 876 und
497 854 534 876 es
559 855 638 876 war
673 843 855 877 honetter.
892 862 936 868 —-
974 843 1111 876 Statius
1144 841 1271 884 Quinti
1302 843 1471 875 libertus.
1506 839 1542 874 S.
1575 847 1633 885 ep.

171 891 254 930 731,
278 892 312 925 2.
338 909 381 915 -
405 890 573 924 habitare
597 892 706 933 velle,
734 903 807 924 was
831 902 874 924 er
898 889 1041 924 vorher
1065 890 1169 923 nicht
1188 890 1343 938 gewollt
1360 888 1475 922 hatte.
1523 889 1635 922 Denn

170 938 248 970 sein
274 939 388 972 Vater
412 938 516 973 hatte
544 938 625 972 sich
654 950 722 973 von
750 939 869 972 seiner
902 939 1046 972 Muttex·
1078 936 1303 984 geschieden
1336 936 1414 977 (cui
1445 935 1544 970 filius
1576 936 1634 968 in-

169 985 360 1032 dulgebat,
394 992 519 1031 postea
543 997 634 1020 vero
660 987 921 1028 irascebatur),
953 985 1029 1018 und
1061 986 1128 1018 der
1151 984 1253 1019 Sohn
1279 984 1383 1018 hatte
1408 984 1488 1016 sich
1513 984 1637 1016 einre-

170 1033 243 1066 den
268 1034 406 1072 lassen,
431 1034 509 1067 sein
537 1032 651 1068 Vater
677 1035 785 1068 wolle
811 1035 894 1067 eine
918 1033 1067 1077 gewisse
1091 1032 1255 1076 Aquillia
1279 1030 1490 1066 heirathen.
1508 1030 1550 1069 >S.
1576 1042 1635 1075 ep.

172 1081 255 1121 699,
281 1083 315 1115 3.
343 1083 422 1120 693,
448 1082 480 1115 5.
507 1083 589 1117 625.
617 1100 660 1106 —-
686 1083 765 1114 Hoc
791 1081 936 1114 bezieht
962 1079 1042 1114 sich
1068 1082 1133 1112 auf
1157 1084 1190 1112 et
1219 1080 1258 1113 id
1280 1081 1430 1122 gaudet.
1464 1099 1506 1106 -
1542 1082 1574 1111 et
1597 1078 1640 1111 id

169 1128 303 1170 gaudee
327 1139 461 1172 nempe
495 1128 645 1165 Statius,
672 1147 716 1154 —-
751 1129 906 1173 Ecquem
931 1152 940 1161 .
966 1153 974 1161 .
1001 1128 1221 1168 nebulonem,
1254 1138 1384 1173 ,‚sage‚
1418 1125 1553 1159 kennst
1577 1126 1638 1159 Du

142 1203 145 1207 ,
172 1175 241 1209 wol
266 1177 377 1209 einen
403 1178 563 1220 'argeren
590 1176 810 1219 Schurken,
847 1177 900 1209 als
926 1176 1052 1208 diesen
1077 1175 1271 1208 Statius?“
1317 1174 1448 1207 Cicero
1474 1173 1638 1218 glaubte,

171 1223 312 1256 Statius
336 1223 561 1257 erheuchele
586 1236 659 1258 nur
684 1225 781 1258 diese
807 1223 970 1264 Frende,
997 1223 1042 1256 da
1067 1219 1109 1256 er
1133 1222 1272 1256 vorher
1297 1233 1344 1255 an
1368 1221 1438 1255 den
1460 1220 1639 1268 Zwistig·

171 1271 296 1304 keiten
321 1271 513 1305 zwischen
537 1272 654 1305 Manu
680 1272 756 1305 und
781 1267 902 1309 Frau,
939 1273 1057 1304 Vater
1081 1271 1156 1302 und
1181 1269 1284 1303 Sohn
1309 1269 1379 1302 mit
1403 1268 1546 1302 Sebuld
1571 1279 1636 1314 ge·
1685 1273 1693 1276 ”

171 1330 295 1352 wesen
320 1319 383 1352 sei.
433 1320 682 1365 Wenigstens
708 1332 787 1352 war
805 1320 936 1354 Cicero
962 1319 1045 1352 dem
1064 1317 1199 1351 Statius
1225 1329 1292 1365 gar
1316 1317 1422 1350 nicht
1445 1316 1537 1350 hold
1561 1315 1638 1349 und
1675 1313 1677 1323 ¹

172 1372 316 1400 trauete
342 1366 422 1400 ihm
448 1366 568 1401 nicht.
594 1368 628 1404 S.
655 1379 712 1413 ep.
739 1369 794 1402 52.
821 1368 878 1403 69.
908 1368 986 1407 184,
1013 1367 1047 1400 3.

268 1416 302 1451 2·
337 1413 528 1458 ἐποχὴν,
571 1415 789 1449 assensionis
830 1415 1093 1448 retentionem.
1144 1414 1259 1459 „Legu
1295 1412 1479 1446 arbitror:
1521 1413 1564 1446 de
1598 1421 1638 1445 re

175 1462 297 1496 Canae
319 1463 444 1506 probo.
495 1464 585 1501 Voc.
611 1463 882 1497 deliberationis
907 1473 925 1495 e
952 1462 1060 1506 gloss.
1088 1461 1282 1497 accessit.“
1315 1460 1401 1496 Sch.
1427 1459 1535 1497 delib,
1562 1459 1637 1492 iam

170 1512 266 1545 Ern.
292 1522 389 1555 susp.
417 1512 488 1544 cfr.
513 1511 596 1545 Lib.
623 1513 678 1552 13,
704 1513 759 1545 41.
797 1510 995 1546 ORELLI.
1044 1511 1163 1552 „Dass
1199 1510 1261 1542 ihr
1291 1508 1362 1541 mit
1393 1509 1516 1541 Eurer
1545 1507 1637 1540 Ein-

170 1559 377 1606 willigung
402 1559 440 1591 in
467 1559 527 1593 die
555 1557 866 1601 Verheirathung
893 1558 955 1591 des
981 1557 1119 1601 iungen
1146 1557 1303 1602 Quintus
1328 1555 1399 1589 mit
1422 1556 1491 1589 der
1514 1554 1638 1589 Toch-

170 1612 230 1640 ter
255 1607 317 1640 des
353 1609 471 1640 Canus
505 1606 622 1640 sehon
655 1617 786 1653 wegen
819 1606 920 1638 ihres
955 1603 1381 1652 Verm‘ogenszustandes
1413 1604 1474 1636 ein
1511 1603 1639 1647 wenig

171 1654 360 1693 anhaltet‚
393 1653 458 1687 hat
484 1656 631 1689 meinen
658 1654 835 1688 Beisall.“
861 1653 894 1686 S.
921 1663 977 1698 ep.
1006 1654 1085 1688 625.
1120 1671 1164 1678 —-
1195 1654 1238 1686 de
1264 1652 1407 1685 tabulis.
1457 1653 1557 1696 Quae
1583 1661 1640 1683 se-

172 1708 360 1745 quuntur,
384 1703 577 1747 pertinent
601 1702 647 1735 ad
673 1711 807 1735 rems.
835 1702 958 1735 dotem
985 1703 1122 1741 Canae,
1150 1711 1245 1745 quae
1263 1699 1298 1733 ei
1317 1710 1390 1731 non
1417 1700 1535 1732 soluta
1559 1703 1640 1730 erat

172 1762 194 1782 a
218 1750 353 1784 marito
380 1750 523 1794 priori,
552 1751 613 1784 sed
640 1750 759 1783 adhuc
784 1750 1005 1790 debebatur,
1033 1760 1147 1792 quam
1172 1749 1303 1783 Cicero
1328 1746 1538 1780 restitutam
1565 1757 1638 1790 pu-

171 1804 298 1833 tasset.
330 1798 445 1832 ERN.
481 1819 523 1824 —
566 1795 686 1843 ἀκερ.
721 1797 834 1831 restit.
868 1798 890 1829 i.
924 1808 955 1830 e.
988 1797 1096 1841 plane
1133 1797 1285 1830 omnino
1317 1795 1526 1827 restitutam
1559 1794 1637 1826 sine

172 1846 251 1878 ullo
278 1846 503 1880 detrimento
531 1858 610 1879 rem
636 1856 722 1879 esse.
776 1846 933 1878 Tabulae
958 1852 1101 1883 autern,
1139 1844 1182 1877 de
1208 1843 1340 1888 quibus
1364 1843 1498 1876 Cicero
1524 1842 1576 1875 ait
1602 1851 1638 1874 se

171 1892 268 1925 nihil
299 1893 524 1938 suspicatum
568 1905 666 1935 esse,
705 1892 884 1928 videntur
922 1893 1035 1926 fuisse
1075 1892 1226 1925 nomina
1264 1890 1465 1934 quaedam,
1505 1889 1639 1933 quibus

174 1943 294 1974 Canae
321 1941 385 1974 dos
412 1948 505 1975 esset
531 1948 701 1983 onerata,
727 1938 860 1974 tabulis
876 1941 958 1975 scil.
977 1951 1060 1972 cum
1080 1939 1217 1972 marito
1241 1937 1368 1979 factis,
1396 1938 1527 1982 quibus
1552 1947 1639 1981 par-

153 1995 247 2033 ¹>tem
281 1989 463 2022 bonorum
497 1989 678 2023 creditori
710 1989 836 2022 mariti
868 1987 1130 2021 obstrinxerat.
1163 1987 1270 2020 SCH.
1301 2004 1345 2011 —-
1377 1986 1426 2018 ad
1453 1986 1639 2020 Xenonem

173 2036 373 2081 scripsisti,
401 2043 441 2070 ut
457 2038 632 2070 Ciceroni
648 2037 726 2070 filio
747 2047 828 2069 meo
848 2035 1121 2080 suppeditaret3
1147 2035 1262 2079 probe
1280 2034 1416 2067 fecisti.
1434 2032 1636 2067 MANUT.

172 2086 208 2118 S.
236 2095 294 2129 ep.
322 2085 401 2122 698,
428 2086 459 2117 4.
488 2104 531 2110 -—-
560 2085 662 2120 Quod
679 2085 798 2118 scribo
822 2084 846 2116 i.
873 2094 900 2117 e.
927 2083 1025 2127 quod
1060 2093 1150 2126 opus
1184 2093 1281 2115 nunc
1307 2082 1343 2113 in
1375 2081 1543 2114 manibus
1567 2079 1639 2112 ha-

173 2134 263 2171 beo,
291 2133 437 2164 mittam
465 2133 513 2166 ad
538 2139 596 2173 te,
625 2144 725 2176 quum
746 2131 954 2171 absolvero,
981 2130 1106 2163 sobald
1127 2129 1220 2163 ich's
1237 2129 1355 2176 fertig
1372 2129 1474 2162 habe.
1523 2129 1639 2161 &Vel-

173 2180 262 2213 ches
288 2179 442 2213 VVerk‘?
479 2181 550 2213 wol
582 2180 626 2213 de
653 2180 795 2213 Officiis
828 2181 876 2220 (s,
910 2189 967 2223 ep.
995 2180 1073 2216 737,
1099 2180 1132 2215 4-
1161 2179 1241 2216 767,
1268 2178 1301 2211 5.
1329 2178 1408 2216 770,
1435 2178 1482 2218 4).
1532 2175 1641 2208 Sonst

173 2226 324 2261 schrieb
360 2238 403 2260 er
434 2227 533 2261 noch
568 2228 612 2260 de
647 2228 776 2262 Gloria
801 2226 841 2267 (s.
869 2237 926 2270 ep.
955 2227 1035 2267 759,
1062 2226 1096 2259 4.
1131 2227 1210 2268 770,
1243 2225 1294 2264 3.)
1328 2224 1378 2257 im
1415 2225 1443 2258 1.
1477 2225 1544 2258 710
1579 2223 1639 2257 die

173 2275 315 2319 Topica
348 2277 419 2319 (ep.
457 2277 535 2310 757.
563 2287 623 2307 am
648 2276 787 2317 Ende)‚
821 2273 865 2305 de
892 2279 1031 2307 senect.
1059 2273 1131 2318 (ep.
1159 2275 1237 2312 770,
1261 2273 1316 2312 3),
1343 2272 1402 2305 die
1428 2271 1640 2315 Philippica

172 2334 244 2356 sec.
272 2323 345 2367 (ep.
373 2326 452 2364 767,
489 2326 520 2357 7.
549 2325 628 2364 770,
663 2325 710 2364 l.)
737 2335 770 2355 u.
797 2320 862 2354 sah
895 2321 956 2354 die
991 2331 1064 2353 von
1094 2320 1184 2354 Tiro
1218 2323 1390 2367 besorgte
1422 2319 1641 2365 Sammlung

171 2371 293 2404 seiner
323 2371 452 2404 Briefe
487 2369 609 2404 durch
641 2372 715 2415 (ep,
752 2371 820 2405 749
853 2380 910 2402 am
946 2368 1081 2409 Ende).
1116 2387 1158 2394 σ-
1193 2374 1227 2402 te
1252 2368 1300 2401 ad
1324 2379 1398 2402 eum
1423 2368 1552 2402 literas
1577 2367 1639 2400 de-

172 2419 277 2452 disse.

266 2469 300 2501 3.
326 2465 558 2499 Brundisium
586 2466 607 2498 i.
637 2477 667 2499 c.
697 2476 756 2499 me
783 2467 838 2498 ire
872 2463 1134 2505 Brundisium,
1168 2469 1209 2497 ut
1243 2464 1328 2499 inde
1366 2464 1403 2497 in
1442 2464 1639 2498 Graeciam

171 2514 362 2561 navigem.
389 2514 589 2548 MANUT.
617 2513 651 2546 S.
679 2526 735 2559 ep.
763 2516 843 2550 732,
871 2516 904 2548 3.
934 2532 974 2536 -—
1013 2514 1054 2545 (le
1085 2512 1276 2555 militibus,
1310 2519 1347 2546 et
1377 2512 1431 2544 ait
1462 2519 1500 2544 te
1531 2510 1639 2554 quid-

172 2563 257 2595 dam
283 2562 385 2605 loqui
412 2563 455 2595 de
483 2562 693 2605 legionibus
717 2561 970 2595 Macedonicis
998 2560 1235 2594 Brundisium
1264 2560 1564 2597 adventantibus,
1599 2564 1641 2590 ut

173 2621 216 2643 co
242 2610 435 2654 proficisci
462 2612 584 2643 minus
609 2616 690 2643 tuto
715 2610 863 2654 possim.
898 2609 1100 2643 MANUT.
1149 2609 1202 2641 De
1238 2608 1296 2642 his
1322 2608 1530 2654 legionibus
1567 2606 1639 2638 vid.

174 2670 232 2701 ep.
265 2659 343 2698 765,
372 2660 401 2692 2.
431 2657 497 2691 sub
522 2659 584 2690 fin,
613 2663 649 2690 ct
676 2657 837 2702 Philipp.
869 2658 938 2696 111,
965 2669 994 2690 c.
1028 2660 1078 2691 12.
1096 2675 1141 2680 —-
1167 2656 1402 2699 Hydruntem,
1427 2655 1511 2687 dem
1537 2654 1640 2686 ietzi-

175 2717 259 2747 gem
287 2706 465 2745 (uvanto,
500 2706 572 2744 ,der
597 2705 777 2739 nachsten
803 2706 907 2739 stadt
934 2706 1029 2739 nach
1057 2706 1121 2738 der
1148 2706 1259 2739 kuste
1285 2717 1357 2738 von
1382 2703 1529 2747 Epirus.
1564 2702 1640 2744 qai--
