1795 3086
616 152 699 211 M.
744 154 816 210 Τ.
860 151 1321 212 CICERONIS

239 256 325 339 E
423 255 508 339 P
608 259 653 341 l
752 252 821 339 s
914 257 1002 339 T
1098 258 1184 339 o
1272 257 1357 374 1.
1454 257 1535 339 A
1618 254 1706 366 Ε

660 355 881 432 ΑΝΝἸΞ
922 386 1284 432 INCERTIS

852 466 1102 502 SCRIPTAE.

389 660 700 703 EPISTOLA
731 661 1023 704 DCCCLVI.
1072 663 1149 712 (ad
1178 661 1282 703 Div.
1314 657 1445 704 XVI.
1476 663 1563 713 26.)

241 740 389 786 Scripta
424 742 580 775 fortasse
616 741 687 776 illo
724 748 908 787 tempore,
944 752 1017 785 quo
1054 741 1095 785 Q.
1122 741 1252 776 Cicero
1282 741 1401 774 Asiam
1435 753 1503 787 pro
1529 747 1702 788 praetor-e

887 790 1051 837 regebat.

240 859 524 908 Negligentiam
551 861 591 893 in
616 860 809 895 mittendis
836 860 1008 907 epistolis
1035 858 1169 895 Tironi
1194 860 1312 895 iocose
1338 859 1545 905 exprobrat.
1582 862 1598 894 1
1616 850 1700 895 r—2.

643 944 684 987 Q.
712 944 883 980 TIRONI
910 945 1000 979 SUO
1028 945 1165 980 PLUR.
1193 945 1230 980 S.
1259 947 1302 980 D.

239 1009 515 1078 Verberavi
545 1036 589 1073 te
609 1031 896 1086 cogitationis
920 1032 1058 1071 tacito
1079 1031 1313 1072 dumtaxat
1334 1032 1554 1084 convicio,
1584 1033 1701 1087 quod

239 1089 482 1130 fasciculus
512 1089 630 1129 alter
670 1087 726 1127 ad
754 1100 822 1127 me
852 1087 941 1126 iam
971 1085 1066 1126 sine
1094 1087 1185 1127 tuis
1215 1087 1361 1127 literis
1389 1089 1587 1142 perlatus
1625 1093 1701 1129 est.

237 1143 340 1186 Non
389 1147 513 1198 potes
562 1143 758 1197 effugere
801 1141 937 1184 huius
985 1142 1139 1196 eulpae
1187 1155 1371 1196 poenam
1419 1146 1464 1184 te
1500 1146 1699 1199 patrono.

238 1200 419 1242 Marcus
449 1203 517 1240 est
546 1198 845 1240 adhibendus:
886 1198 1016 1253 isque
1054 1198 1133 1238 diu
1171 1201 1216 1238 et
1250 1197 1402 1238 multis
1431 1198 1701 1240 lucubratio-

239 1257 367 1298 nibus
398 1258 690 1296 commentata
719 1253 919 1295 oratione
949 1253 1054 1295 vide
1084 1258 1132 1294 ut
1160 1255 1347 1308 probare
1369 1253 1517 1307 possit
1544 1259 1588 1296 te
1617 1267 1704 1295 non

244 1324 461 1368 peccasse.
520 1310 659 1351 Plane
687 1315 730 1352 te
760 1323 881 1363 rogo,
919 1309 1036 1349 sieut
1065 1310 1172 1350 olim
1200 1313 1386 1349 matrem
1415 1314 1609 1350 nostram
1637 1310 1702 1351 fa·-

241 1381 343 1410 cere
370 1365 577 1418 memini,
616 1379 728 1420 quae
768 1366 947 1418 lagenas
977 1364 1110 1405 etiam
1138 1364 1288 1405 inanes
1326 1364 1610 1419 obsignabat,
1649 1379 1703 1406 ne

241 1424 495 1465 dicerentur
524 1422 674 1463 inanes
706 1419 880 1475 aliquae
910 1419 1070 1471 fuisse,
1112 1433 1223 1474 quae
1260 1419 1417 1460 furtim
1455 1425 1600 1462 essent
1628 1434 1701 1462 ex-

240 1480 455 1521 siccatae:
484 1476 551 1517 sic
580 1481 640 1524 tu,
670 1476 804 1517 etiam
824 1476 877 1528 si,
907 1476 1025 1529 quod
1046 1476 1229 1521 scribas,
1258 1489 1345 1516 non
1364 1474 1563 1528 habebis,
1591 1477 1700 1517 scri«

242 1535 334 1576 bito
374 1538 543 1585 tamen,
582 1546 636 1573 ne
677 1532 844 1572 furtum
884 1530 1145 1572 cessationis
1183 1530 1456 1586 quaesivisse
1492 1531 1700 1573 videaris.

242 1589 389 1632 Valde
429 1587 544 1629 enini
586 1586 645 1627 mi
684 1600 857 1641 semper
895 1590 939 1627 et
978 1600 1083 1628 vera
1122 1589 1167 1628 et
1196 1587 1347 1629 dulcia
1383 1586 1471 1628 tuis
1500 1587 1702 1641 epistolis

243 1646 514 1687 nuntiantur.
573 1644 684 1684 Ama
712 1656 789 1683 nos
826 1646 870 1682 et
898 1642 1010 1683 vale.

342 1799 371 1830 1.
408 1795 613 1830 Vei-beravi
640 1820 648 1827 .
677 1820 685 1828 .
714 1819 722 1827 .
749 1792 911 1826 convicio
937 1794 961 1826 i.
990 1804 1020 1826 e.
1046 1792 1180 1826 tacitus
1207 1804 1354 1827 mecum
1380 1794 1459 1828 dixi
1483 1794 1524 1828 in
1549 1800 1585 1828 te
1611 1804 1700 1828 con-

246 1844 356 1886 vicia,
384 1855 530 1877 mecum
556 1841 815 1877 stomachabar
850 1841 917 1875 tibi
943 1840 1053 1875 tacite
1079 1841 1125 1875 ob
1150 1841 1404 1875 intermissum
1429 1854 1449 1875 a
1474 1848 1510 1876 te
1535 1841 1701 1875 officium

246 1891 440 1926 scribendi.
492 1891 565 1924 Aus
596 1890 680 1924 dem
715 1889 887 1936 Anfange
923 1888 985 1923 des
1023 1890 1100 1924 781.
1134 1889 1277 1923 Briefes
1311 1889 1455 1924 ersieht
1487 1901 1584 1930 man,
1620 1890 1701 1924 dass

245 1939 514 1986 vorliegender
539 1949 609 1973 vor
633 1938 755 1972 ienom
781 1938 821 1970 in
846 1936 1102 1984 demselbigen
1126 1936 1237 1970 Iahre
1272 1938 1522 1984 geschrieben
1558 1938 1619 1974 ist,
1657 1956 1699 1961 —

247 1991 281 2020 te
302 1991 458 2032 patrono
484 1986 507 2019 i.
535 1998 565 2020 e.
592 1987 623 2020 si
648 1993 689 2019 tu
715 1985 794 2030 ipse
821 1996 967 2018 causam
994 1990 1094 2018 tuam
1118 1995 1230 2032 agere
1256 1986 1322 2019 vis.
1364 2005 1403 2010 —
1443 1986 1598 2019 Marcus
1623 1986 1699 2019 fra-

246 2042 316 2070 ter.
343 2053 384 2058 —
423 2035 482 2068 diu
508 2060 516 2068 .
544 2063 551 2070 .
581 2059 588 2066 .
614 2037 849 2066 commentata
875 2032 1051 2076 oratione,
1078 2033 1147 2066 mit
1173 2032 1278 2066 einer
1302 2033 1399 2067 noch
1425 2044 1464 2068 so
1487 2033 1599 2081 lange
1624 2033 1700 2066 und

248 2081 346 2117 noch
369 2093 408 2116 so
434 2083 532 2116 viele
556 2081 701 2116 N'a'chte
726 2079 917 2114 hindurch
943 2080 1213 2127 ausgedachten
1239 2081 1347 2115 Rede.
1398 2099 1440 2105 -
1488 2080 1567 2115 vide
1589 2084 1628 2114 ut
1652 2095 1700 2112 z

247 2129 429 2171 bedenke,
457 2130 530 2164 wie
556 2129 670 2164 oder
696 2129 762 2171 ob;
790 2128 814 2162 i.
843 2140 872 2162 e.
899 2128 963 2161 vix
989 2135 1044 2162 est
1069 2133 1110 2162 ut
1134 2128 1293 2173 probare
1318 2129 1448 2174 possit.
1490 2128 1602 2163 Offio.
1629 2129 1699 2168 111,

247 2179 312 2214 29:
346 2178 493 2211 videant
526 2188 569 2211 ne
602 2177 742 2211 latebra
767 2180 959 2220 quaeratur
994 2175 1018 2209 i.
1054 2186 1083 2208 e.
1122 2176 1185 2210 vix
1219 2183 1275 2210 est
1306 2183 1346 2210 ut
1378 2187 1453 2210 non
1489 2182 1698 2222 quaeratur.

344 2275 377 2309 2.
403 2273 618 2315 exsiccatae,
643 2271 866 2319 ausgeleert,
898 2270 1185 2317 ausgetrunken.
1236 2290 1276 2295 —
1328 2273 1414 2315 qaid
1434 2271 1587 2306 scribas.
1636 2270 1700 2306 Sic

250 2323 329 2356 Bas.
364 2321 461 2355 Crat.
499 2321 593 2364 quod
625 2320 720 2354 Cett.
757 2319 844 2353 scil.
880 2329 949 2351 non
972 2318 1083 2352 lzabeo
1110 2319 1205 2363 quid,
1241 2318 1332 2352 m'lzz'l
1355 2320 1465 2353 lzabeo
1490 2321 1584 2364 quod
1605 2320 1700 2354 scri-

252 2371 343 2403 bam.
371 2369 444 2403 OR.
472 2387 512 2393 --
539 2378 584 2401 ne
600 2368 741 2410 furlum
767 2366 977 2400 cessationis
999 2377 1119 2410 quaes.
1144 2367 1303 2407 videare,
1335 2379 1382 2400 ne
1408 2368 1474 2401 sub
1498 2367 1701 2401 excusatio-

253 2428 311 2459 ne,
348 2416 444 2462 quod
478 2416 628 2449 inanem
663 2415 858 2459 epistolam
891 2414 1040 2448 mittere
1064 2414 1239 2457 nolueris,
1275 2415 1372 2448 mihi
1396 2415 1594 2460 aliquando
1618 2415 1701 2460 ple·-

252 2476 336 2498 nam
361 2466 463 2498 furto
490 2463 660 2498 retineas.
691 2461 907 2496 WEISKE.
958 2461 1045 2497 Sch.
1073 2473 1153 2496 con.
1179 2463 1271 2496 Liin.
1298 2465 1512 2506 cessatione;
1547 2474 1594 2498 ne
1622 2474 1701 2497 ees-

253 2512 391 2547 satione
415 2518 478 2547 tua
502 2512 541 2546 in
567 2510 817 2556 suspicionem
840 2510 980 2554 venias,
1007 2517 1042 2544 te
1061 2510 1157 2544 mihi
1182 2511 1333 2555 plenam
1359 2509 1554 2557 epistolam
1579 2511 1701 2544 furari

253 2559 427 2602 voluisse,
451 2559 522 2594 hac
547 2559 702 2593 interim
728 2558 959 2592 excusatione
984 2570 1084 2600 usus,
1112 2565 1148 2593 te
1174 2558 1274 2592 nihil
1291 2559 1463 2593 habuisse
1487 2559 1584 2604 quod
1609 2558 1701 2592 scri-

252 2607 369 2642 beres.
418 2607 540 2653 Epist.
568 2609 633 2643 781
666 2606 720 2640 sic
746 2606 899 2652 incipit:
935 2606 1131 2641 Mirificam
1166 2607 1218 2640 mi
1253 2607 1549 2643 verberationem
1583 2617 1701 2642 cessa-

253 2655 363 2691 tionis
390 2655 544 2701 epistola
571 2654 716 2690 dedisti.
