1795 3086
202 44 261 91 21
484 49 544 92 Μ.
577 52 630 93 Τ.
663 49 1002 93 CICERONIS
1032 52 1405 98 EPISTOLAE.

1774 95 1776 113 1

1774 135 1777 158 J

206 160 294 210 bat,
324 159 449 200 nullo
480 161 632 214 aprico
670 161 818 212 horto,
862 164 986 204 nullo
1026 165 1276 217 emissario,
1316 167 1434 206 nulla
1474 166 1677 211 maceria,
1775 172 1776 176 ’

207 214 328 254 nulla
366 228 478 256 casa.
545 217 636 257 Iste
686 231 764 259 nos
814 221 936 260 tanta
972 219 1173 275 impensa
1211 222 1440 263 derideat!
1499 221 1680 262 Calface

170 269 445 322 3hominem,
475 276 524 312 ut
554 286 637 326 ego
666 272 937 317 Mothonem.
995 276 1153 330 Itaque
1184 279 1342 318 abutor
1370 277 1559 318 coronis.
1612 277 1682 317 De

208 325 378 368 Crabra
407 327 514 380 quid
545 332 718 381 agatur,
763 329 848 371 etsi
884 345 1000 372 nunc
1029 333 1208 386 quidem
1240 333 1374 374 etiam
1404 332 1589 372 nimium
1619 338 1684 372 est

207 394 360 435 aquae,
394 386 539 423 tamen
567 384 702 425 velim
732 385 863 428 scire.
924 387 1223 441 Horologium
1253 389 1423 429 mittam
1454 393 1498 428 et
1530 388 1683 435 libros,

207 436 248 476 si
279 437 366 476 erit
393 437 564 479 sudum.
623 439 712 481 Sed
743 446 791 481 tu
820 443 1024 484 nullosne
1054 447 1200 484 tecum
1241 444 1448 485 libellos?
1488 456 1541 483 an
1581 456 1685 496 pan-

206 491 275 545 gis
315 491 491 545 aliquid
521 494 846 550 Sophocleum?
902 499 994 539 Fac
1034 513 1144 553 opus
1183 504 1403 555 appareat.
1464 501 1516 540 A.
1548 497 1686 552 Ligu-

210 546 316 599 rius,
370 547 577 592 Caesaris
619 551 872 603 familiaris,
926 558 1125 596 mortuus
1166 561 1250 606 est,
1293 558 1431 596 bonus
1474 554 1606 594 homo
1643 558 1686 594 et

211 750 324 783 quum
352 739 401 772 sit
425 750 564 787 augere
590 741 786 776 locationis
813 743 995 789 pretium,
1020 744 1129 778 nolit.
1177 744 1286 778 SCH.
1339 764 1379 771 —
1432 746 1528 779 nullo
1559 745 1690 790 aprico

209 785 324 825 horto,
352 786 398 820 da
423 787 492 822 der
518 788 660 823 Garten
686 790 785 825 noch
812 791 943 839 wenig
968 792 1064 826 freie
1090 793 1180 827 Lu‘ft
1206 793 1282 826 und
1308 792 1431 828 Sonne
1465 793 1584 836 hatte,
1619 793 1690 826 mit

209 833 383 869 Biischen
428 835 504 869 und
535 837 700 871 B'aumen
744 839 841 874 wild
877 839 1192 877 durchwachsen.
1258 841 1446 887 Corrupta
1479 853 1565 875 sane
1597 840 1691 874 haec

210 882 396 918 videntur.
438 885 540 918 nullo
572 885 741 929 apiario,
779 888 883 921 nulla
914 893 1016 922 corte
1040 889 1130 923 ’vel.·
1175 890 1277 923 nulla
1310 889 1430 924 avium
1463 893 1564 923 corle
1602 887 1691 922 Sch.

210 931 348 975 suspic.
394 931 592 968 ORELLI.
641 935 700 968 zu
732 936 833 970 nullo
858 948 905 966 ==
935 947 1008 970 non
1050 949 1078 971 s.
1118 937 1267 972 Ramsh.
1304 937 1332 980 §.
1362 940 1441 973 172.
1484 936 1692 971 Grotefend

210 978 240 1021 §.
267 980 347 1014 338.
374 979 483 1014 Anm.
512 982 544 1016 2.
581 1000 628 1006 —
663 984 799 1027 emisa,
836 984 879 1017 da
906 984 1008 1018 noch
1045 985 1160 1020 keine
1186 986 1426 1033 Wiisserung
1461 985 1506 1018 da
1532 996 1626 1028 war,
1654 997 1690 1018 a·

211 1027 431 1070 quaeductu.
482 1028 552 1064 Est
577 1030 680 1064 enim
707 1031 828 1074 locus,
855 1044 927 1077 per
951 1044 1064 1077 quem
1097 1044 1191 1077 aqua
1231 1045 1249 1067 e
1284 1033 1371 1067 lacu
1404 1033 1604 1068 emittitur.
1649 1050 1689 1057 -—

209 1076 384 1118 numeria,
411 1075 701 1112 Gartenmauer.
731 1098 772 1103 —
801 1091 900 1118 casa,
929 1081 989 1113 ein
1017 1080 1363 1115 Gartenh'ziuschen.
1416 1100 1459 1106 —
1508 1082 1585 1114 Iste
1611 1106 1618 1113 .
1647 1106 1655 1114 .
1684 1106 1692 1113 .
1720 1103 1727 1110 .

211 1123 387 1164 derideat,
414 1125 489 1157 und
515 1138 604 1167 nun,
631 1125 819 1161 nachdem
846 1128 910 1160 ich
938 1139 976 1161 so
993 1128 1119 1163 vielen
1134 1129 1321 1163 Aufwand
1337 1127 1693 1163 aufdiesesGrund—

211 1170 321 1204 stiick
347 1172 538 1218 gemacht,
573 1173 674 1208 sollt'
708 1174 772 1208 ich
811 1175 913 1209 mich
947 1175 1045 1210 noch
1080 1187 1155 1210 von
1189 1176 1270 1210 ihm
1306 1177 1512 1211 auslachen
1543 1176 1695 1210 lassen?

210 1237 252 1243 -—
283 1220 440 1261 Calface
464 1220 571 1263 hom„
599 1223 759 1256 incende
785 1223 911 1266 (mach
938 1224 1009 1258 den
1030 1224 1123 1258 Kerl
1147 1224 1263 1266 heiss)
1290 1237 1389 1267 eum,
1417 1224 1549 1270 quovis
1572 1224 1693 1266 modo,

210 1272 250 1300 ut
285 1268 427 1301 maiore
470 1269 594 1314 pretio
638 1271 849 1307 conducere
890 1272 1045 1306 hortum
1077 1272 1185 1307 velit.
1219 1273 1327 1306 ΕΘΗ.
1379 1291 1420 1297 -
1474 1271 1694 1307 Mothonem.

211 1314 322 1348 Hunc
363 1316 536 1361 suspicor
574 1329 652 1352 esse
693 1319 810 1352 alium
856 1320 1128 1354 conductorem
1169 1319 1275 1355 horti
1317 1321 1357 1354 in
1395 1321 1468 1354 alia
1502 1321 1697 1354 Ciceronis

211 1363 316 1404 villa,
353 1364 394 1397 in
427 1376 498 1409 qua
536 1366 639 1401 forte
666 1366 799 1401 Cicero
833 1374 913 1402 tum
947 1368 1177 1405 versabatur.
1239 1369 1287 1402 Ei
1321 1369 1394 1402 hac
1428 1369 1514 1415 lege
1540 1368 1696 1402 hortum

212 1411 418 1453 locaverat,
445 1419 486 1446 ut
512 1421 665 1459 praeter
690 1415 887 1460 pecuniam
916 1429 942 1450 s.
970 1416 1168 1450 locationis
1195 1417 1362 1461 prelium
1389 1417 1564 1451 Ciceroni
1590 1416 1697 1450 daret

211 1459 381 1503 quotidie
407 1461 542 1495 florum
568 1463 715 1509 copiam
742 1463 787 1497 ad
815 1476 983 1498 coronas.
1016 1464 1124 1499 SCH.
1158 1484 1203 1489 ——
1234 1466 1362 1509 Itaque
1386 1465 1516 1498 abutor
1541 1465 1697 1505 coronis,

215 1507 277 1540 ich
305 1507 437 1542 mache
463 1510 634 1544 n'aimlich
658 1522 733 1546 von
758 1512 828 1546 den
855 1513 1027 1546 Kranzen
1061 1513 1171 1547 einen
1198 1513 1358 1547 wahren
1385 1511 1626 1554 Missbrauch,
1659 1523 1698 1546 so

209 1555 291 1589 dass
327 1556 409 1590 ihm
450 1558 578 1603 wenig
611 1559 772 1594 Blumen
807 1572 893 1594 zum
926 1560 1117 1594 Verkaufe
1149 1561 1262 1608 iibrig
1288 1560 1482 1595 bleiben.“
1541 1561 1615 1594 Auf
1637 1560 1698 1593 die

212 1604 280 1638 Art
304 1605 403 1638 trieb
430 1617 472 1640 er
496 1606 565 1639 ihn
592 1619 640 1641 zu
668 1609 822 1641 Paaren.
875 1608 927 1642 Es
967 1609 1016 1642 ist
1054 1608 1232 1650 bekannt,
1277 1609 1356 1643 dass
1390 1609 1448 1641 die
1474 1608 1589 1642 Alten
1616 1607 1698 1642 sich

212 1652 279 1686 der
303 1653 452 1687 Kr'anze
478 1654 538 1689 bei
565 1655 677 1690 ihren
703 1656 935 1691 Schm‘ausen
963 1656 1040 1690 und
1065 1656 1351 1706 Trinkgelagen
1379 1656 1589 1693 bedienten.

308 1722 342 1758 3.
395 1722 551 1766 Crabra,
588 1724 682 1759 ietzt
714 1726 898 1767 Marrana,
942 1725 1004 1759 ein
1036 1724 1190 1759 kleiner
1222 1722 1344 1758 durch
1377 1723 1437 1757 die
1473 1723 1698 1757 Tusculani-

211 1767 303 1803 sche
328 1770 560 1806 Landschaft
595 1773 678 1807 sich
705 1774 931 1809 windender
955 1774 1083 1817 Fluss,
1118 1784 1181 1807 aus
1208 1771 1399 1807 welchem
1424 1782 1500 1807 von
1526 1772 1595 1806 der
1620 1773 1699 1806 Mu-

214 1817 428 1862 nicipalit'at
454 1832 500 1853 zu
527 1819 735 1856 Tusculum
768 1822 841 1858 den
877 1822 1220 1868 umherliegenden
1256 1820 1500 1868 Landgiitern
1536 1820 1599 1853 das
1632 1820 1699 1853 τιὸ-

212 1864 319 1914 thige
345 1866 503 1902 Wasser
526 1881 775 1918 zugemessen
803 1870 949 1906 wurde.
1000 1870 1159 1903 Videtur
1192 1869 1325 1903 Cicero
1360 1880 1405 1903 ex
1440 1880 1535 1913 aqua
1561 1867 1701 1902 Crabra

212 1913 357 1959 aliquid
381 1915 422 1949 in
447 1928 554 1951 suum
580 1918 740 1952 fundum
766 1920 828 1953 vel
855 1919 1011 1953 hortum
1037 1918 1176 1951 ducere
1210 1917 1384 1959 voluisse,
1423 1916 1469 1951 de
1507 1927 1622 1961 eaque
1659 1927 1702 1949 re

213 1962 334 2010 egisse
359 1973 444 1997 cum
472 1964 707 2010 Tusculanis,
734 1979 896 2013 quorum
924 1967 990 2000 illa
1027 1978 1121 2010 aqua
1154 1971 1254 2005 erat5
1287 1970 1391 2011 patet
1425 1976 1469 1999 ex
1504 1975 1560 2006 eo,
1603 1963 1702 2009 quod

215 2010 399 2054 sequitur.
446 2012 679 2049 ERNESTI.
731 2017 811 2050 Iam
852 2016 944 2049 olim
986 2014 1121 2048 Cicero
1163 2013 1317 2047 videtur
1358 2013 1582 2046 Tusculanis
1629 2022 1702 2057 pro

216 2065 321 2104 parte
343 2072 460 2105 aquae
496 2061 658 2097 Crabrae
693 2064 861 2111 vectigal
895 2063 1132 2109 pependisse.
1194 2061 1257 2095 Sic
1295 2061 1397 2094 enim
1430 2062 1523 2108 Agr.
1558 2061 1631 2099 111,
1659 2062 1702 2094 3:

220 2107 318 2150 Ego,
351 2108 490 2153 inquit,
534 2112 751 2145 Tusculanis
783 2124 853 2157 pro
891 2123 987 2156 aqua
1014 2111 1161 2145 Crabra
1187 2109 1346 2152 vectigal
1368 2110 1533 2153 pendam,
1567 2108 1656 2154 quia
1682 2118 1704 2141 a

217 2155 408 2200 municipio
434 2159 596 2199 fundum
632 2161 769 2204 accepi.
812 2160 921 2194 SCH.
981 2158 1155 2193 Frontin.
1190 2157 1235 2191 de
1273 2157 1426 2201 aquaed.
1460 2169 1496 2190 n.
1532 2168 1569 2204 g.
1620 2158 1704 2190 Man

219 2215 313 2246 war,
340 2205 414 2239 wie
441 2217 478 2239 es
505 2207 667 2246 scheint,
704 2208 945 2255 besch‘ziftigt,
979 2208 1062 2240 eine
1087 2206 1358 2253 Ver'zinderung
1384 2205 1503 2238 damit
1538 2217 1585 2238 zu
1610 2205 1705 2237 tref-

219 2254 295 2286 fen.
335 2272 380 2278 —
412 2255 560 2288 nimium
587 2267 715 2299 aquae,
751 2257 796 2289 (la
823 2256 899 2290 wir
924 2255 986 2288 des
1021 2255 1198 2290 Wasscrs
1235 2253 1328 2288 eher
1367 2266 1415 2287 zu
1447 2252 1533 2286 Viel
1571 2251 1704 2287 haben.

219 2300 313 2334 Scil.
340 2312 384 2335 ex
410 2302 730 2343 inundationibus,
771 2305 815 2338 ob
843 2315 933 2348 quas
961 2304 1096 2337 Cicero
1122 2303 1359 2336 emissarium
1385 2300 1608 2354 faciendum·
1640 2311 1705 2333 cu-

220 2356 382 2387 raverat.
435 2351 541 2385 SCH.
578 2372 622 2379 —
655 2353 771 2386 libros
805 2363 881 2386 non
909 2362 1163 2397 quoscunque,
1191 2350 1255 2384 sed
1281 2350 1403 2394 nuper
1428 2361 1449 2382 a
1474 2359 1510 2382 se
1536 2354 1705 2392 scriptos.

218 2396 327 2431 SCH.
358 2417 399 2422 -
424 2400 562 2443 sudum,
589 2411 636 2433 ne
661 2400 909 2448 horologium
937 2406 973 2434 et
1000 2399 1092 2433 libri
1118 2410 1163 2433 ex
1189 2398 1318 2444 pluvia
1345 2396 1569 2430 madescant.
1596 2395 1706 2450 SCH.

221 2464 263 2469 —-
291 2446 440 2480 libellos
467 2448 551 2483 scil.
581 2455 706 2482 tecum
731 2448 894 2483 attulisti
920 2462 940 2481 a
966 2455 1003 2482 te
1029 2448 1190 2492 scriptos
1240 2447 1324 2480 Non
1351 2445 1451 2478 enim
1477 2444 1587 2478 libris
1613 2443 1707 2476 alio-

222 2505 307 2526 rum
331 2506 461 2530 carere
487 2503 635 2540 poterat
661 2496 768 2539 Tiro,
803 2509 919 2541 quum
954 2502 1128 2529 uteretur
1164 2495 1201 2527 in
1229 2494 1443 2527 Tusculano
1476 2491 1708 2526 bibliotheca

223 2542 431 2577 Ciceronis.
471 2544 580 2579 SCH.
609 2563 647 2569 -
678 2545 829 2588 pangis,
857 2544 1064 2589 componis.
1112 2563 1152 2589 Τ
1205 2543 1289 2585 aliq.
1316 2541 1567 2584 Sophocleum,
1593 2540 1708 2573 Verse

223 2590 276 2623 im
303 2590 430 2625 Geisie
457 2593 520 2626 des
546 2592 763 2638 Sophokles
790 2592 883 2626 oder
909 2604 978 2640 gar
1005 2592 1091 2625 eine
1118 2591 1378 2636 Ubersctzung
1414 2589 1505 2622 oder
1529 2586 1708 2642 Nachah-

225 2649 344 2687 mung
371 2640 478 2674 einer
504 2641 694 2688 Trago'die
721 2640 929 2675 desselben.
959 2661 997 2666 --
1027 2640 1074 2672 Α.
1103 2638 1290 2681 Ligurius.
1336 2638 1371 2671 ls
1399 2636 1519 2670 adhuc
1547 2634 1708 2675 Vivebat,

225 2698 340 2730 quum
368 2688 500 2723 Cicero
526 2690 714 2724 scribebat
740 2689 938 2734 epistolam
965 2688 1047 2730 404,
1082 2699 1194 2732 quam
1221 2686 1375 2731 scripsit
1406 2686 1474 2718 111.
1509 2684 1604 2737 Non:
1630 2683 1707 2715 Ian.

226 2736 306 2771 707,
347 2738 516 2772 Mortuus
545 2749 622 2773 esse
650 2737 802 2773 videtur
827 2739 908 2781 703,
948 2747 1020 2782 quo
1053 2747 1147 2769 anno
1183 2736 1275 2769 hanc
1312 2733 1507 2780 epistolam
1533 2736 1709 2776 scriptam
