1795 3086
251 56 336 102 1110·
515 55 577 99 M.
608 55 666 99 T.
691 52 1036 98 CICERONIS
1069 53 1442 97 EPISTOLAE.

242 170 298 210 de
329 168 490 218 Bruto,
519 169 643 209 cuius
674 166 808 208 etiam
836 166 1039 208 ludorum
1068 179 1245 208 suorum
1275 178 1449 216 curam,
1477 167 1612 208 etiam
1641 165 1713 206 ad-

242 225 615 266 ministrationem
644 223 846 277 suspicor
872 237 930 264 ex
960 235 1119 277 magna
1156 227 1281 276 parte
1310 222 1367 263 ad
1397 224 1442 262 te
1471 223 1715 276 pertinere3

241 286 289 321 ut
328 294 432 333 ergo
474 281 518 320 in
557 278 777 320 eiusmodi
816 293 889 332 re,
929 280 1098 320 tribues
1136 279 1262 319 nobis
1302 277 1496 332 paullum
1541 291 1713 334 operae.

241 336 338 377 Nec
367 337 483 376 enim
512 336 700 376 multum
728 348 836 389 opus
866 339 947 377 est.
1015 333 1130 375 Mihi
1151 347 1222 375 res
1251 334 1309 376 ad
1338 333 1518 374 caedem
1547 340 1593 376 et
1621 347 1715 375 eam

240 392 416 445 quidem
464 392 753 446 propinquam
793 394 991 444 spectare
1029 390 1220 433 videtur.
1299 389 1444 431 Vides
1491 389 1715 439 homines5

239 447 365 488 vides
394 460 529 488 arma.
586 447 779 488 Prorsus
822 459 910 487 non
947 445 1060 487 mihi
1101 446 1261 488 videor
1298 457 1393 486 esse
1436 448 1568 487 tutus.
1633 445 1714 486 Sin

238 507 286 543 tu
318 503 449 544 aliter
477 503 641 554 sentis,
685 502 819 544 velim
849 501 907 542 ad
935 515 1006 543 me
1042 503 1224 545 scribas.
1294 500 1432 543 Domi
1469 503 1586 544 enim
1623 514 1715 544 ma-

240 572 366 612 nere,
396 559 435 600 si
466 562 586 600 recte
616 570 819 613 possum,
847 557 988 599 multo
1016 557 1145 600 malo.

401 790 718 834 EPISTOLA
748 789 1065 833 DCCXXXI.
1124 789 1201 840 (ad
1220 790 1310 831 Att.
1332 789 1438 832 XV.
1464 792 1550 841 19.)

238 864 317 903 scr,
354 868 393 899 m
427 867 637 901 Tusculano
663 878 699 904 a.
725 866 760 900 a.
785 867 861 899 xv.
890 864 971 898 Kal.
999 863 1125 906 Quint.
1156 864 1198 898 A.
1220 866 1266 899 U.
1294 865 1337 900 c.
1366 866 1447 901 71⁰.
1496 865 1546 907 (a.
1573 865 1612 898 e.
1640 865 1715 906 44.)

240 934 292 966 De
323 933 611 968 Buthrotiorum
647 932 823 978 negotio;
857 932 902 965 de
935 930 1180 976 Theophanis
1205 931 1350 975 literis3
1387 932 1433 966 de
1460 930 1500 973 Q.
1527 931 1599 965 filii
1624 941 1713 965 con·

238 981 320 1014 silio
348 981 393 1015 ad
412 982 569 1016 Brutum
588 987 626 1015 et
645 981 810 1016 cassium
828 980 1065 1023 transeundi3
1091 979 1251 1024 denique
1274 979 1319 1014 de
1335 979 1417 1014 aliis
1430 979 1608 1015 breviter.
1635 980 1714 1014 1-2.

745 1059 931 1095 CICERO
955 1057 1137 1093 ATTICO
1162 1057 1201 1095 S.

347 1126 568 1175 Quidnam
598 1132 690 1176 est,
719 1125 838 1181 quod
861 1125 1113 1167 audendum
1142 1126 1331 1180 amplius
1360 1125 1414 1167 de
1437 1123 1714 1169 Buthrotiis?

237 1182 420 1224 Stetisse
450 1184 567 1225 enim
607 1187 651 1225 te
690 1181 857 1225 frustra
895 1181 1068 1224 scribis,
1136 1181 1261 1232 Quid
1300 1185 1446 1223 autem
1490 1195 1537 1223 se
1575 1181 1715 1224 refert
1786 1200 1788 1204 ’

238 1238 424 1281 Brutus?
478 1239 622 1280 Doleo
662 1237 913 1280 mehercule
950 1241 995 1278 te
1035 1241 1126 1279 tam
1164 1251 1260 1280 esse
1299 1238 1550 1281 detentum:
1598 1238 1714 1293 quod

237 1398 318 1439 729,
346 1399 376 1430 1.
403 1396 479 1429 und
504 1398 535 1431 2.
564 1415 608 1421 —
633 1396 684 1443 qd
708 1399 743 1430 te
766 1396 965 1439 pertinere,
991 1394 1086 1438 Dir,
1112 1392 1185 1428 wie
1210 1393 1275 1429 ich
1300 1395 1522 1436 vermuffie,
1554 1395 1622 1429 auf
1643 1396 1716 1430 den
1785 1399 1787 1440 j

236 1444 440 1478 Schultern
468 1445 573 1490 liegt.
622 1445 726 1478 Uber
761 1444 822 1477 die
855 1444 935 1477 ludi
961 1455 987 1478 s.
1015 1453 1072 1488 ep.
1100 1444 1181 1486 725,
1209 1445 1239 1477 1.
1267 1444 1431 1477 ludorum
1461 1454 1617 1480 suorum.
1650 1443 1715 1478 Sic
1785 1464 1787 1466 -

236 1493 316 1526 Md.
345 1493 462 1526 Oxou.
492 1495 521 1526 1.
548 1494 582 1526 2.
608 1492 703 1527 Eud.
729 1497 813 1525 ante
840 1491 990 1532 hamb„
1017 1491 1152 1535 idque,
1178 1490 1247 1523 etsi
1262 1491 1455 1535 praecedit
1480 1492 1600 1534 cuius,
1627 1492 1715 1525 satis
1785 1506 1787 1512 >

235 1547 325 1585 puto
353 1540 507 1573 defendi
531 1550 658 1586 posse,
686 1550 802 1583 quum
827 1539 937 1572 toties
963 1539 1041 1572 ludi
1065 1538 1122 1571 sui
1146 1538 1286 1572 dixerit
1310 1539 1356 1572 de
1382 1539 1463 1572 istis
1480 1539 1587 1573 Bruti
1601 1539 1713 1574 ludis.
1783 1541 1787 1582 ξ

236 1590 309 1625 cfr.
335 1589 520 1621 Tunstall.
548 1599 586 1633 p.
614 1588 702 1628 254,
728 1587 794 1631 qui
818 1586 957 1620 similia
983 1586 1151 1630 collegit.
1202 1586 1306 1619 Infra
1331 1587 1399 1630 Ep.
1427 1588 1486 1629 26,
1511 1589 1544 1621 1.
1571 1591 1611 1621 ut
1634 1598 1715 1632 spe-

238 1641 327 1669 ctem
353 1636 453 1669 ludos
477 1646 559 1668 suos
584 1635 661 1677 (die
687 1634 769 1668 ihm
796 1636 850 1668 als
873 1635 1007 1668 Prator
1031 1633 1289 1676 zukommen).
1314 1634 1389 1668 del.
1418 1645 1564 1668 suorum
1582 1635 1712 1670 Lamb.

239 1685 400 1717 ludorum
426 1694 591 1717 seorsum
615 1693 739 1717 curam
765 1682 835 1717 cd.
865 1683 1023 1718 Grusell.
1058 1684 1139 1716 Bos.
1174 1682 1313 1716 Graev.
1346 1683 1438 1716 ΕΝ).
1475 1682 1564 1716 Seh.
1602 1684 1712 1725 hun„

240 1732 342 1775 quod
360 1730 459 1766 nihil
484 1738 537 1765 est
562 1731 599 1764 h.
627 1733 653 1766 l.
681 1731 754 1766 lud.
771 1730 991 1764 scenicorum
1009 1741 1133 1764 curam
1159 1729 1286 1772 „Aliw
1310 1729 1350 1762 in
1375 1741 1424 1763 m.
1440 1731 1543 1766 1584.
1567 1731 1641 1765 GR.
1668 1750 1712 1756 —

239 1780 387 1813 mullum
419 1779 587 1819 consilii,
621 1789 768 1825 operae.
804 1798 846 1803 —
882 1779 979 1813 caed.
1015 1778 1188 1812 Blutbad.
1223 1796 1270 1803 —
1310 1782 1498 1824 spectare,
1537 1780 1606 1811 auf
1629 1803 1638 1810 .
1663 1807 1671 1815 ,
1701 1804 1711 1816 ,

238 1826 449 1873 abgesehen
475 1840 522 1860 zu
549 1827 637 1864 sein.
664 1831 805 1860 vertere
831 1826 868 1860 id
894 1831 948 1860 est
972 1837 1127 1872 vergere
1153 1825 1220 1862 ed.
1244 1825 1418 1860 Tornaes.
1447 1825 1642 1863 ORELLI,
1667 1844 1714 1851 —

235 1874 415 1915 homines,
458 1875 782 1925 bedeutungsvoll.
817 1893 860 1900 -·
899 1878 1012 1918 recte,
1052 1875 1129 1909 sine
1167 1873 1350 1920 periculo.
1388 1891 1431 1900 —-
1466 1874 1595 1908 malim
1624 1873 1711 1909 Asc.

239 1926 271 1959 l.
299 1924 401 1958 Crat.

333 1992 365 2024 l.
394 1990 603 2032 audendum,
631 1990 732 2024 vvas
749 1989 888 2023 k'onnte
914 2000 1001 2023 man
1026 1987 1175 2023 mehres
1200 1988 1239 2021 in
1257 1987 1434 2023 Hinsicht
1459 1988 1525 2022 der
1548 1987 1711 2023 Buthro-
1782 1975 1784 2020 ζ

237 2044 300 2071 ten
325 2050 372 2070 zu
399 2037 607 2072 versuchen
633 2037 714 2071 sich
740 2037 970 2071 erdreisten'?
995 2037 1176 2079 agendum
1200 2037 1263 2070 vel
1289 2037 1484 2070 enitendum
1496 2036 1583 2071 Sch.
1611 2048 1709 2082 susp.

238 2104 280 2109 —
306 2085 457 2119 Stetisse
481 2090 515 2119 te
539 2085 563 2119 i.
591 2096 623 2119 e.
649 2091 687 2119 te
711 2095 858 2119 causam
892 2084 1011 2131 egisse
1042 2084 1345 2123 Buthrotiorum,
1379 2085 1458 2118 sive
1487 2085 1613 2131 potius
1645 2095 1710 2118 ex·
1781 2102 1783 2124 :

236 2140 418 2178 spectasse
443 2146 474 2167 v.
501 2144 532 2170 c.
559 2134 598 2165 in
623 2133 773 2166 aedibus
797 2132 959 2166 consulis
985 2138 1022 2165 et
1053 2133 1215 2166 aliorum
1249 2138 1486 2172 senatorum,
1520 2133 1611 2166 dum
1636 2131 1710 2165 im-
1772 2147 1783 2174 ,ι

234 2187 451 2226 petraretur
475 2181 632 2225 aliquid.
658 2181 772 2215 ERN.
824 2180 881 2213 An
905 2180 1043 2213 stitisse
1066 2181 1162 2226 apud
1189 2189 1272 2218 eos,
1298 2181 1363 2224 qui
1379 2191 1419 2213 ea
1435 2181 1481 2214 de
1507 2191 1548 2214 re
1568 2189 1709 2228 cog-no-

236 2229 409 2264 scebant?
439 2228 635 2263 ORELLI.
661 2247 705 2254 -—
734 2227 827 2264 Quid
849 2252 861 2265 .
888 2253 897 2262 .
924 2238 963 2261 se
977 2230 1100 2271 refert
1116 2228 1182 2261 int.
1204 2233 1378 2262 acturum
1395 2228 1436 2261 in
1457 2226 1530 2261 hao
1554 2229 1708 2273 quidem

236 2288 365 2316 causa,
407 2277 553 2322 opinor.
588 2277 704 2312 ERN.
736 2295 782 2302 -
822 2275 1013 2318 detentum,
1050 2275 1300 2322 hingebalten
1332 2276 1450 2310 wirst.
1488 2294 1532 2300 —-
1571 2277 1707 2312 decem.

234 2323 321 2358 Sch.
356 2326 453 2358 coni.
486 2328 632 2368 septem.
690 2323 915 2369 Septemviri
947 2334 1050 2366 sane,
1087 2334 1161 2358 non
1195 2323 1399 2357 decemviri
1432 2324 1534 2372 agris
1566 2324 1708 2358 Italicis

234 2372 366 2407 dandis
398 2372 628 2420 assignandis
658 2378 749 2406 tuno
782 2371 961 2417 temporis
995 2378 1103 2406 erant
1134 2372 1260 2405 creati.
1294 2372 1366 2407 cfr.
1395 2371 1553 2416 Philipp.
1588 2373 1623 2415 5,
1651 2373 1707 2411 12,
1778 2399 1781 2405 .

234 2422 292 2456 33.
320 2419 460 2455 Schiitz
485 2420 603 2465 igitur
635 2431 721 2454 cum
754 2419 894 2453 Victor.
929 2420 1078 2456 Manut.
1114 2419 1333 2467 distinguit:
1369 2421 1557 2454 detentum.
1608 2419 1710 2455 Quod
1779 2435 1781 2449 1

232 2473 364 2513 septem
390 2467 480 2502 hom.
507 2478 538 2503 r.
565 2478 663 2510 acc„
689 2471 743 2500 est
765 2467 860 2500 illud
881 2473 953 2502 cet.
1006 2467 1078 2502 Sed
1097 2468 1184 2502 vide
1205 2468 1450 2510 Graeterum,
1477 2468 1544 2512 qui
1569 2467 1706 2502 rectius
1762 2490 1763 2493 ,

232 2516 278 2550 de
303 2515 528 2550 decemviris
552 2515 653 2563 agris
677 2515 882 2561 Epiroticis
914 2516 1042 2550 dandis
1078 2515 1310 2563 assignandis
1340 2516 1519 2560 intelligit
1548 2522 1586 2549 et
1618 2525 1705 2548 cum
1762 2539 1764 2542 ,

232 2564 324 2598 Ern.
351 2564 568 2613 distinguit,
593 2570 636 2598 ut
660 2573 727 2597 nos
752 2573 899 2608 quoque
926 2564 1093 2597 fecimus.
1143 2564 1333 2598 Sententia
1350 2570 1423 2598 est:
1454 2562 1616 2605 „Omnis
1640 2567 1705 2595 tua
1762 2586 1763 2589 ,

231 2613 403 2646 molestia
427 2612 647 2647 decemviris
679 2611 758 2645 istis
790 2612 986 2646 referenda
1016 2618 1070 2645 est
1101 2618 1265 2657 accepta.
1323 2614 1426 2658 Quae
1458 2622 1528 2659 ego
1560 2610 1601 2644 in
1631 2608 1705 2643 hac

230 2671 336 2693 causa
362 2661 559 2695 Buthrotia
585 2660 646 2708 egi
673 2670 836 2704 agoque,
873 2671 916 2693 ea
942 2666 1027 2694 sunt
1053 2659 1150 2693 mihi
1181 2660 1332 2703 quidem
1364 2656 1520 2705 ἐργώδη,
1559 2658 1622 2692 sed
1647 2664 1704 2692 ta-

230 2719 316 2742 men
332 2704 478 2750 ἀνεκτὰ,
506 2710 623 2743 immo
642 2708 871 2756 gratissima,
898 2710 984 2752 quia
1010 2719 1079 2753 pro
1102 2713 1139 2742 te
1155 2708 1325 2744 laboro.“
1352 2709 1424 2742 ΟΠ.
1452 2706 1611 2741 homines
1637 2717 1701 2751 ap·
1760 2714 1762 2719 ·
