1795 3086
427 70 743 114 EPISTOLA
776 68 1009 113 DCLXX.
1040 68 1304 112 DCLXXI.
1556 65 1616 109 27

146 190 236 226 tum
272 182 393 237 quod
432 183 613 237 negotia
661 185 872 236 procurat
911 181 962 222 L.
1001 181 1187 237 Egnatii
1227 178 1360 222 Rufi:
1407 192 1496 233 quo
1535 192 1616 233 ego

146 254 232 280 uno
280 239 428 293 equite
475 238 678 280 Romano
727 236 1078 278 familiarissime
1128 241 1232 278 utor
1281 240 1328 278 et
1366 234 1443 289 qui
1485 245 1619 286 quum

146 294 460 336 consuetudine
489 293 765 348 quotidiana,
803 297 897 334 tum
937 291 1106 334 officiis
1144 291 1351 347 plurimis
1388 290 1618 331 maximis-

146 365 233 405 que
262 350 375 390 mihi
404 350 663 390 coniunctus
702 353 783 390 est.
852 347 1045 402 Oppium
1082 349 1222 401 igitur
1258 350 1535 402 praesentem
1572 346 1657 385 ut2

147 408 328 460 diligas,
353 405 539 460 Egnatii
567 405 763 446 absentis
793 417 885 445 rem
914 408 964 443 ut
993 409 1161 454 tueare,
1202 417 1339 458 aeque
1379 416 1404 443 a
1431 406 1475 443 te
1504 404 1621 455 peto,

149 476 202 503 ac
230 464 269 502 si
308 474 406 502 mea
442 461 624 515 negotia
661 463 821 501 essent.
880 459 1034 500 Velim
1073 460 1313 500 memoriae
1349 461 1452 499 tuae
1491 470 1625 498 causa

149 517 228 558 des
258 519 489 558 literarum
519 516 708 572 aliquid,
748 529 862 570 quae
902 515 986 556 tibi
1014 514 1061 554 in
1090 513 1321 568 provincia
1361 513 1625 555 reddantur:

149 573 229 614 sed
258 573 322 614 ita
346 573 616 624 conscribas,
647 578 698 613 ut
726 577 834 624 tum,
869 584 1005 626 quum
1033 583 1109 610 eas
1140 571 1278 623 leges,
1315 570 1450 610 facile
1480 582 1625 609 recor—

150 629 248 668 dari
301 629 446 683 possis
501 628 636 670 huius
695 641 818 668 meae
877 625 1276 668 commendationis
1330 625 1625 680 diligentiam.

151 685 251 725 Hoc
280 689 322 725 te
350 683 638 726 vehementer
666 684 800 726 etiam
839 687 971 738 atque
1001 683 1137 724 etiam
1169 694 1290 735 rogo.

302 870 618 913 EPISTOLA
651 869 915 911 DCLXXI.
976 868 1052 919 (ad
1083 867 1189 910 Div.
1222 866 1357 908 XIII.
1391 866 1474 912 214.)

438 945 519 980 scr.
546 954 643 978 anno
670 944 817 978 incerto
842 948 928 976 ante
954 943 997 976 A.
1022 943 1100 977 710.
1133 942 1179 982 (ai
1207 940 1246 975 o.
1274 941 1351 982 44.)

303 1013 465 1059 Oppium
493 1013 632 1046 iterum
659 1011 848 1055 simulque
874 1009 1031 1058 Egnatii
1057 1008 1206 1056 negotia
1233 1006 1480 1042 commendat.

669 1082 848 1117 CICERO
875 1080 1056 1116 GALLIO
1082 1079 1118 1114 S.

266 1152 365 1192 Etsi
395 1165 453 1192 ex
485 1152 575 1194 tuis
605 1155 649 1193 et
678 1165 737 1193 ex
775 1151 827 1191 L.
858 1150 1013 1205 Oppii,
1054 1148 1398 1190 familiarissimi
1438 1149 1543 1200 mei,
1582 1148 1635 1187 li-

159 1206 267 1247 teris
306 1207 498 1261 cognovi
535 1212 580 1249 te
619 1220 858 1247 memorem
898 1204 1294 1248 commendationis
1334 1217 1457 1245 meae
1498 1201 1637 1243 fuisse

158 1262 293 1316 idque
342 1276 424 1317 pro
474 1266 551 1304 tua
596 1276 765 1303 summa
820 1275 929 1317 erga
984 1276 1053 1302 me
1112 1260 1424 1302 benevolentia
1468 1273 1637 1314 proque

158 1324 310 1359 nostra
338 1319 668 1360 necessitudine
697 1318 880 1358 minime
909 1331 1006 1359 sum
1036 1316 1297 1368 admiratus,
1327 1320 1475 1357 tamen
1505 1315 1638 1354 etiam

158 1376 289 1427 atque
330 1374 464 1415 etiam
501 1375 583 1416 tibi
620 1373 675 1415 L.
718 1372 914 1429 Oppium
951 1378 1228 1428 praesentem
1269 1375 1315 1412 et
1353 1371 1406 1412 L.
1436 1370 1639 1425 Egnatii,

158 1431 245 1470 mei
278 1429 641 1482 familiarissimi,
690 1430 887 1471 absentis
925 1429 1106 1483 negotia
1144 1428 1416 1469 commendo.
1494 1425 1643 1467 Tanta

157 1485 271 1526 mihi
300 1499 400 1526 cum
429 1499 480 1528 eo
509 1485 793 1528 necessitudo
823 1490 892 1527 est
930 1484 1322 1539 familiaritasque,
1361 1488 1423 1536 ut,
1462 1483 1503 1524 si
1542 1495 1641 1523 mea

160 1555 231 1582 res
261 1545 392 1593 esset,
421 1555 509 1583 non
536 1543 679 1597 magis
708 1543 968 1583 laborarem.
1024 1540 1309 1595 Quapropter
1336 1538 1640 1594 gratissimum

161 1596 274 1637 mihi
311 1597 490 1650 feceris,
545 1598 584 1639 si
624 1597 811 1650 curaris,
856 1602 907 1639 ut
943 1597 1170 1651 intelligat
1215 1610 1285 1638 me
1326 1610 1352 1636 a
1390 1600 1435 1637 te
1472 1599 1643 1638 tantum

160 1654 315 1704 amari,
345 1660 557 1708 quantum
586 1654 681 1708 ipse
711 1653 937 1695 existimo.
995 1653 1096 1694 Hoc
1124 1651 1240 1693 mihi
1283 1653 1457 1708 gratius
1497 1651 1645 1693 facere

162 1709 275 1750 nihil
305 1715 445 1764 potes,
502 1711 645 1765 quue
675 1713 724 1750 ut
752 1709 911 1761 facias,
941 1708 1233 1751 vehementer
1261 1712 1307 1750 te
1338 1721 1463 1762 rogo·

161 1897 200 1919 se
224 1885 352 1930 ipsum.
381 1907 423 1913 -
449 1885 546 1929 Rufi,
575 1886 712 1930 equitis
738 1885 910 1919 Romani.
937 1906 979 1912 -
1007 1887 1068 1930 qui
1094 1896 1210 1930 quum.
1253 1885 1312 1918 Ex
1342 1884 1468 1929 suppl.
1496 1884 1592 1917 Vict.
1616 1886 1647 1919 2.

164 1934 224 1979 qui
249 1938 321 1967 tum
347 1946 443 1969 cons.
469 1934 597 1968 Lamb.
633 1934 694 1978 qui
719 1945 814 1971 cons,
852 1934 924 1969 Md.
963 1934 1064 1968 Crat.
1098 1933 1195 1967 Vict.
1224 1935 1257 1967 1.
1293 1932 1430 1967 Graev.
1457 1933 1552 1968 Ern.
1579 1933 1647 1966 Βεε-ι

167 1982 250 2017 ned.
279 1981 368 2016 Seh.
396 1983 491 2016 Liin.
530 1981 726 2017 ORELLI.

259 2033 290 2065 2.
342 2031 494 2074 diligas,
519 2036 692 2064 amanter
717 2036 865 2073 tractes,
895 2049 937 2056 -
977 2032 1036 2064 des
1062 2029 1114 2063 lie.
1141 2029 1296 2074 aliquid,
1323 2028 1405 2063 dass
1432 2029 1491 2063 Du
1519 2029 1648 2062 Etwas

165 2077 427 2113 schriftliches
470 2078 711 2113 ausstelltest.
754 2097 792 2103 --
849 2080 1055 2119 reddantur,
1096 2090 1172 2112 was
1206 2078 1279 2112 Dix·
1313 2077 1354 2110 in
1388 2077 1457 2111 der
1489 2077 1650 2110 Provinz

165 2127 307 2207 kgr-inte
334 2128 478 2162 wieder
503 2127 706 2175 vorgelegt
731 2127 900 2161 werden.
946 2146 992 2152 -
1038 2126 1229 2168 conscrib„
1260 2127 1318 2161 Du
1344 2128 1522 2160 miisstest
1549 2136 1585 2159 es
1612 2135 1652 2158 so

167 2187 183 2207 ἱ]
199 2186 209 2208 )
229 2186 346 2208 85590.

266 2245 293 2276 l.
344 2242 424 2275 mei.
458 2242 516 2275 Ex
540 2242 695 2287 antiquo
723 2243 844 2288 suppl.
882 2243 978 2277 Edd.
1007 2244 1223 2287 pleraeque.
1251 2252 1321 2275 om.
1349 2242 1420 2275 mei
1456 2240 1527 2274 Md.
1557 2240 1651 2273 Vict.

171 2293 200 2325 1.
237 2292 268 2325 2.
314 2290 509 2326 ORELLI,
560 2309 606 2315 -
656 2292 973 2325 commendationis
1011 2302 1122 2332 meae,
1168 2290 1349 2335 epistolae
1388 2292 1467 2325 670.
1522 2307 1562 2312 --
1614 2292 1653 2321 u!

209 2363 213 2368 .
244 2364 250 2370 .
279 2349 347 2371 non
378 2339 501 2382 magis
537 2339 745 2373 laborarem
780 2339 825 2373 de
862 2340 941 2374 illis
971 2340 993 2374 i.
1021 2351 1050 2374 e.
1080 2346 1120 2373 ut
1157 2337 1253 2373 mihi
1282 2349 1353 2374 non
1381 2336 1516 2372 maiori
1544 2347 1652 2370 cura-²

173 2393 305 2420 essent.
