1795 3086
193 91 255 138 58
468 92 530 132 M.
563 91 617 132 T.
651 86 995 132 CICERONIS
1027 86 1401 132 EPISTOLAE.

195 206 311 253 runt,
345 205 394 245 ut
422 216 475 244 ne
506 201 621 257 apud
652 213 789 255 aquas
828 199 1007 255 quidem
1037 201 1322 255 acquiescere
1352 202 1522 242 liceret.
1587 199 1675 241 Sed

194 259 282 300 hoc
310 272 436 301 meae
465 258 630 299 nimiae
660 256 904 298 facilitatis.
964 256 1078 299 Nam
1109 257 1157 298 id
1189 262 1285 299 erat
1304 257 1526 312 quondam
1548 257 1676 311 quasi

193 328 398 356 necesse:
437 327 568 363 nunc,
603 326 779 368 quoquo
808 312 942 354 modo
981 327 1029 354 se
1060 326 1127 354 res
1158 313 1308 360 habet,
1346 326 1432 353 non
1461 316 1528 353 est
1556 313 1674 353 item.

194 370 474 425 Quamquam
519 368 684 410 dudum
737 368 853 409 nihil
894 368 1064 419 habeo,
1119 370 1239 423 quod
1280 369 1336 409 ad
1376 373 1421 410 te
1459 368 1675 410 scribam:

191 427 341 469 scribo
374 430 545 477 tamen,
584 438 673 466 non
702 424 732 476 ἦ·
762 429 810 465 ut
839 424 1058 465 delectem
1091 423 1162 466 his
1194 425 1366 475 literis,
1406 425 1486 465 sed
1515 428 1566 465 ut
1593 423 1674 465 eli-

190 484 306 524 ciam
335 485 448 523 tuas.
509 482 596 534 Tu,
625 480 665 522 si
694 480 805 535 quid
834 479 922 521 erit
951 480 1008 522 de
1038 481 1225 531 ceteris3
1256 482 1314 521 de
1334 480 1476 522 Bruto
1506 481 1675 533 utique,

191 537 427 593 quidquid.
493 536 623 578 Haec
662 536 914 590 conscripsi
956 550 1000 577 x.
1031 537 1135 578 Kal.
1176 539 1394 578 accubans
1435 536 1551 590 apud
1581 536 1674 578 Ve-

190 594 393 646 storium,
423 593 645 635 hominem
678 596 895 634 remotum
926 604 953 632 a
982 592 1260 644 dialecticis,
1298 592 1345 634 in
1377 592 1674 635 arithmeticis

188 651 298 693 satis
327 649 638 693 exercitatum.

352 756 673 823 EPISTOLA
705 779 968 821 nexem.
1024 778 1100 832 <ad
1129 779 1220 820 Att.
1251 778 1386 822 xlv,
1420 781 1510 831 13.)

401 855 485 890 Scr.
514 854 682 889 Puteolis
708 854 771 888 VI.
794 854 876 888 Kal.
901 852 987 887 Mai.
1013 853 1056 887 A.
1084 853 1130 886 U.
1157 851 1198 886 C.
1251 853 1299 893 (a.
1325 852 1366 887 C.
1394 853 1469 895 44.)

185 918 318 965 Rogat,
344 922 387 950 ut
412 928 540 950 secum
566 915 770 958 deliberet,
807 922 936 950 utrum
962 914 1035 948 sibi
1060 915 1100 948 in
1127 914 1327 948 Graeciam
1353 915 1674 959 proficiscendum

185 966 234 1000 sit
265 977 312 998 an
347 965 386 998 in
423 965 534 998 Italia
568 964 820 1007 manendum3
858 963 963 998 addit
990 962 1171 1008 quaedam
1197 962 1242 995 de
1269 962 1309 1005 Q.
1336 963 1456 996 fratre
1491 968 1530 997 et
1553 964 1674 1000 mittit

184 1014 349 1059 scriptae
375 1012 419 1046 ab
448 1013 612 1048 Antonio
637 1013 684 1047 ad
710 1023 746 1047 se
773 1011 1145 1096 epistplaesssuaeque
1163 1010 1423 1055 responsionis
1443 1012 1670 1058 exemplum.

702 1126 882 1161 CICERO
908 1125 1093 1160 ATTICO
1122 1124 1162 1159 S.

294 1198 495 1254 Septimo
525 1195 719 1250 denique
749 1195 826 1235 die
853 1194 1015 1235 literae
1043 1192 1160 1234 mihi
1185 1193 1389 1237 redditae
1409 1200 1527 1250 sunt,
1557 1212 1672 1253 quae

183 1261 310 1297 erant
331 1269 358 1296 a
380 1260 424 1296 te
443 1267 542 1294 x111.
567 1253 673 1294 Kal.
697 1251 852 1312 datae:
884 1251 1042 1305 quibus
1073 1250 1251 1305 quaeris
1281 1255 1413 1307 atque
1442 1254 1575 1295 etiam
1603 1269 1672 1297 me

182 1315 326 1367 ipsum
356 1310 532 1352 nescire
562 1308 815 1358 arbitraris,
844 1311 992 1348 utrum
1022 1307 1166 1361 magis
1196 1308 1381 1349 tumulis
1410 1315 1671 1364 prospectu-

182 1382 284 1423 que,
317 1381 371 1408 an
402 1364 703 1407 ambulatione
732 1360 900 1403 ἄλιτενεῖ
925 1362 1137 1403 delecter.
1197 1362 1282 1404 Est
1309 1363 1583 1418 mehercule,
1623 1372 1673 1408 ut

181 1424 317 1475 dicis,
356 1423 590 1476 utriusque
629 1419 719 1461 loci
762 1423 885 1460 tanta
923 1418 1182 1471 amoenitas,
1223 1423 1271 1460 ut
1311 1420 1527 1474 dubitem,
1569 1427 1672 1466 utra

182 1479 492 1536 anteponenda
520 1478 593 1519 sit,

338 1561 353 1567 -
382 1533 467 1575 ἁλλ’
495 1533 545 1576 οὗ
572 1536 706 1576 δαιτός
734 1529 935 1582 ἐπηράτου
964 1533 1061 1580 ἔργα
1088 1532 1268 1581 μέμηλεν.

289 1591 398 1631 Ἆλλοὲ
423 1592 509 1641 λίην
536 1590 638 1638 μέγα
666 1591 791 1638 πῆμα,
820 1588 1039 1638 διοτρεφὲς,
1067 1585 1318 1636 εἰσορόωντες

290 1649 490 1696 Λείδιμεν·
521 1648 563 1685 ἐν
591 1647 678 1694 δοιῇ
707 1644 750 1684 δὲ
779 1644 984 1692 σαωσέμεν
1011 1642 1036 1691 ἢ
1065 1640 1305 1682 ἀπολέσθαι.

179 1740 263 1774 vid.
294 1751 353 1784 ep.
379 1740 464 1783 450,
492 1742 523 1774 7.
554 1739 638 1779 451,
667 1740 699 1772 1.
727 1739 759 1773 2.
786 1744 858 1772 cet.
894 1755 935 1761 —
984 1737 1083 1781 apud
1107 1747 1233 1781 αριιαε,
1260 1737 1300 1769 in
1326 1736 1400 1771 den
1425 1738 1571 1772 Badern
1598 1751 1670 1774 von

179 1788 342 1823 Puteoli.
394 1805 437 1812 —
481 1787 614 1830 facil„
656 1785 754 1820 doch
788 1786 904 1820 daran
941 1785 992 1819 ist
1017 1784 1142 1819 meine
1177 1797 1224 1818 zu
1261 1796 1390 1832 grosse
1417 1786 1672 1834 Gefalligkeit

180 1836 338 1872 Schuld.
367 1854 410 1860 ——
438 1836 630 1881 quondam,
657 1834 712 1868 als
739 1834 852 1868 C‘zisar
877 1833 978 1867 noch
1004 1833 1121 1876 lebte,
1157 1844 1289 1868 waren
1316 1833 1447 1868 solche
1475 1835 1671 1885 Gef'a'llig-

179 1885 311 1920 keiten
336 1883 445 1918 nicht
468 1883 579 1919 wohl
605 1896 652 1918 zu
676 1882 882 1930 umgehen.

276 1936 309 1969 3,
354 1944 426 1966 ηοη
450 1932 474 1974 -Χ-
499 1937 536 1966 ut
562 1933 737 1966 delectem
772 1930 830 1964 lzis
865 1929 998 1964 literis.
1050 1929 1115 1963 Sic
1151 1929 1225 1963 Md.
1255 1929 1370 1964 Oxon.
1402 1933 1432 1965 1.
1470 1931 1671 1976 (quantum

180 1983 351 2023 constat.)
384 1981 480 2014 Vict.
509 1984 542 2015 1.
571 1983 603 2016 2.
642 1981 722 2014 Bos.
757 1979 873 2024 Seqq.
907 1979 1064 2012 delecter
1089 1976 1146 2010 his
1171 1978 1195 2010 l.
1233 1978 1352 2012 Oxon.
1379 1981 1412 2014 2.
1440 1979 1525 2014 Asc.
1556 1983 1586 2015 l.
1614 1982 1668 2014 Iu.

180 2032 280 2067 Crat.
309 2030 468 2063 delecter
492 2031 583 2062 meis
609 2029 665 2062 lit:
700 2030 798 2062 Mau.
832 2026 982 2061 Putavit
1016 2025 1145 2059 Lamb.
1177 2032 1259 2060 tum
1284 2028 1495 2062 necessario
1522 2029 1670 2073 requiri

180 2090 250 2113 mm
276 2089 359 2124 qno,
386 2078 479 2118 sive,
506 2084 548 2111 ut
574 2078 605 2111 is
631 2076 807 2118 malebat,
833 2086 904 2108 non
930 2075 1034 2119 quod.
1070 2075 1201 2118 Itaque
1227 2074 1364 2108 edidit:
1392 2086 1463 2109 non
1490 2078 1584 2120 qnod
1607 2078 1668 2111 de-

181 2130 295 2162 lecter
320 2127 412 2159 meis
438 2126 573 2159 literis.
627 2125 732 2168 Quod
758 2131 886 2159 tamen
911 2134 1049 2169 parum
1076 2122 1273 2168 probabile
1301 2130 1374 2157 est:
1415 2124 1580 2170 satisque
1606 2136 1669 2158 re—

180 2179 325 2211 futatur
356 2175 418 2209 vel
453 2174 530 2207 illis
570 2174 637 2216 Ep.
669 2176 722 2208 17.
763 2183 834 2207 non
858 2176 898 2205 ul
925 2172 1163 2204 deliberarem
1201 2177 1272 2205 cet,
1306 2183 1376 2216 pro
1411 2182 1480 2206 non
1506 2184 1573 2217 quo
1601 2174 1666 2207 del.

181 2225 311 2259 Malim
338 2223 511 2267 equidem
540 2233 627 2255 cum
653 2223 771 2269 Mal-g.
798 2222 891 2255 1584
924 2230 995 2252 nou
1021 2223 1059 2252 ut
1086 2223 1120 2251 te
1146 2219 1317 2252 delectem
1343 2219 1402 2253 his
1428 2221 1563 2255 literis.
1594 2222 1668 2255 ΟΒ.
1722 2236 1735 2250 0

183 2292 225 2298 -—
255 2273 307 2306 Tu
331 2271 480 2305 scribes.
510 2290 553 2295 -
580 2270 752 2314 quidquid
773 2269 846 2302 erit
871 2268 956 2302 Asc.
984 2270 1014 2302 1.
1043 2267 1144 2302 Crat.
1168 2267 1295 2301 Lamb.
1324 2268 1403 2302 ΟΒ.
1433 2287 1474 2293 -
1503 2270 1551 2304 Χ.
1579 2269 1667 2306 Kal,

181 2321 280 2363 Mai„
304 2332 364 2354 am
392 2322 448 2355 22.
476 2319 598 2364 April,
628 2339 670 2344 —
710 2318 805 2362 apud
833 2316 1041 2351 Vestorium
1067 2316 1328 2363 argentarium
1354 2316 1464 2349 illum
1491 2317 1664 2351 Puteola·
1732 2324 1735 2327 ⁴

182 2381 284 2404 num.
310 2368 394 2402 Vid.
426 2379 484 2413 ep.
511 2369 592 2406 689,
622 2369 653 2401 1.
691 2386 732 2391 —
766 2369 893 2400 remot.
921 2376 945 2399 α
969 2365 1071 2406 dial„
1097 2363 1137 2397 in
1157 2364 1373 2399 Dialecticis
1400 2377 1505 2400 zwar
1530 2365 1669 2408 fremd,

183 2417 466 2453 unbewandert.

280 2469 313 2501 l.
347 2465 464 2500 XIII.
490 2464 579 2498 Kal.
607 2463 711 2505 Maii,
746 2473 832 2496 vom
861 2463 917 2497 19.
944 2460 1069 2506 April.
1121 2480 1165 2486 -
1224 2461 1384 2495 tumulis.
1421 2462 1557 2496 Cicero
1586 2468 1666 2496 erat

182 2517 222 2549 in
246 2514 372 2548 hortis
407 2512 604 2548 Cluvianis
630 2522 750 2558 prope
777 2510 961 2550 Puteolos,
1001 2510 1041 2542 in
1076 2519 1140 2543 ora
1176 2509 1377 2543 maritima.
1452 2509 1666 2553 Quaesierat

181 2574 274 2610 ergo
319 2562 485 2604 Atticus,
527 2567 656 2594 utrum
697 2560 738 2593 in
770 2558 948 2603 Arpinati
991 2557 1111 2604 magis
1145 2557 1397 2592 delectaretur
1432 2558 1588 2593 tumulis
1630 2565 1667 2592 et

184 2611 347 2646 collibus
381 2617 418 2645 et
453 2621 498 2644 ex
531 2610 578 2643 iis
611 2615 652 2643 ut
685 2607 851 2653 speculis
884 2613 1111 2652 prospectu,
1148 2617 1194 2638 an
1237 2605 1277 2638 in
1314 2606 1498 2642 Cluviano
1535 2605 1666 2639 ambu-

184 2657 327 2694 latione
365 2659 466 2692 cirea
499 2669 604 2692 mare
638 2657 751 2702 plana
787 2662 824 2689 et
857 2654 1056 2700 explicata.
1110 2653 1297 2689 POPMA.
1350 2674 1394 2680 —
1444 2654 1665 2696 ἁλιτενεῖ,

185 2707 312 2754 plana,
338 2705 529 2752 depressa,
556 2707 621 2740 auf
644 2706 799 2740 ebenem
825 2702 1134 2750 Meeresgestade.
1187 2721 1229 2726 —
1280 2701 1374 2737 ἀλλ’
1393 2700 1465 2748 ,οὐ
1504 2700 1665 2742 δαιτὸς

188 2769 216 2790 κ,
244 2767 272 2789 τ,
303 2758 331 2790 λ,
368 2761 454 2789 sunt
488 2755 601 2790 verba
638 2753 785 2799 Ulyssis
823 2752 920 2798 apud
952 2752 1160 2786 Homerum
1197 2751 1302 2785 Iliad.
1331 2753 1360 2793 Ι,
1388 2754 1457 2788 218
1484 2762 1585 2796 seqq.
1621 2769 1664 2775 -v
