1795 3086
439 57 751 102 EPISTOLA
784 57 1091 101 DCLXXIV.
1124 58 1403 102 DCLXXV.
1581 61 1640 106 29

292 170 609 212 EPISTOLA
641 167 951 210 DCLXXIV.
1012 170 1087 214 (ad
1119 169 1223 211 Div.
1259 169 1395 213 XIII.
1432 173 1513 218 47.)

411 244 492 278 Ser.
520 255 616 278 anno
643 244 800 285 incerto,
827 243 890 276 sod
917 249 1000 276 ante
1028 244 1065 275 A.
1095 246 1172 278 710.
1207 246 1251 286 (a.
1277 245 1316 279 C.
1345 246 1420 286 44.)

585 310 740 357 Egnatii
767 309 962 358 negotium
987 311 1235 349 commendat.

710 376 887 411 CICERO
913 375 1041 410 SILIO
1067 376 1102 410 S.

276 445 400 496 Quid
434 459 517 499 ego
548 445 631 485 tibi
664 444 969 486 commendem
999 456 1113 496 eum,
1156 458 1284 498 quem
1326 452 1373 489 tu
1413 449 1507 503 ipse
1536 449 1641 490 dili-

164 502 260 556 gis?
318 501 407 542 Sed
438 508 598 552 tamen,
629 505 678 541 ut
707 502 848 541 scires
879 512 977 541 eum
1017 513 1044 541 a
1072 513 1141 540 me
1181 513 1268 542 non
1308 503 1443 559 diligi
1481 505 1638 554 solum,

165 571 318 598 verum
348 557 482 598 etiam
513 557 668 608 amari,
698 557 754 597 ob
783 569 881 597 eam
911 568 1005 596 rem
1035 555 1117 596 tibi
1149 554 1261 598 haec
1289 560 1450 601 sci-ibo.
1529 560 1638 602 Om—

164 615 284 653 nium
315 617 491 653 tuorum
521 611 792 664 officiorum,
832 624 943 666 quae
980 614 1025 652 et
1064 611 1205 652 multa
1244 616 1289 653 et
1327 627 1484 668 magna
1523 621 1637 669 sunt,

166 668 278 708 mihi
317 668 619 722 gratissimum
659 667 812 719 fuerit,
851 668 890 708 si
933 667 997 707 ita
1036 667 1245 709 tractaris
1283 668 1539 723 Egnatium,
1590 678 1639 713 ut

164 724 328 764 sentiat
357 728 401 764 et
430 736 476 763 se
503 736 530 763 a
559 736 627 763 me
656 728 700 764 et
729 737 798 764 me
837 735 864 763 a
892 726 935 763 te
965 722 1118 764 amari.
1177 722 1278 764 Hoc
1319 729 1364 765 te
1403 725 1636 768 vehomen-

167 785 237 820 ter
267 780 400 820 eiiam
429 783 562 832 atque
593 779 726 820 etiam
760 791 882 832 rogo,
941 777 1031 819 Illa
1068 781 1221 820 nostra
1258 779 1437 822 scilicet
1465 784 1638 824 cecide-

165 840 278 875 runt.
340 835 528 874 Utamur
573 835 712 889 igitur
758 834 936 887 vulgari
985 834 1316 876 consolatione:
1374 837 1543 889 „Quid‚
1597 841 1635 880 si

168 890 254 929 hoc
282 887 496 930 ιηείἰιιεῗ(ί
553 888 640 931 Sed
673 889 787 930 haec
817 902 980 930 coram.
1039 889 1111 931 Tu
1142 888 1229 943 fac,
1276 892 1395 945 quod
1425 892 1551 946 faci5‚
1591 899 1637 935 ut

164 960 231 985 me
262 958 380 986 ames
411 949 541 997 teque
570 946 713 987 amari
742 958 769 986 a
798 958 866 985 me
897 945 1028 986 scias.

302 1105 616 1148 EPISTOLA
646 1106 931 1148 DCLXXV.
990 1107 1068 1157 (ad
1097 1107 1206 1149 Div.
1236 1105 1374 1148 XIII.
1405 1109 1492 1156 48.)

164 1180 242 1214 Ser.
269 1192 363 1216 anno
391 1182 549 1221 incerto,
576 1182 673 1222 (707.
700 1181 779 1224 Or.)
808 1181 872 1216 sed
897 1187 979 1227 post
1006 1181 1172 1215 reditum
1211 1181 1406 1217 Ciceronis
1440 1195 1459 1217 e
1492 1183 1636 1219 Cilicia.

458 1249 615 1295 Cyprios
642 1248 879 1292 maximeque
907 1247 1070 1294 Paphios
1095 1249 1343 1284 commendat.

390 1314 568 1351 CICERO
595 1315 635 1349 C.
662 1313 890 1348 SEXTILIO
917 1314 1048 1349 RUFO
1075 1315 1282 1358 QUAEST.
1309 1315 1346 1350 S.
1373 1319 1415 1352 D.

271 1381 438 1423 Omnes
467 1383 551 1424 tibi
583 1382 846 1424 commendo
879 1382 1092 1438 Cyprios,
1134 1383 1213 1425 sed
1244 1383 1384 1439 magis
1413 1384 1636 1441 Paphios:

160 1438 319 1492 quibus
364 1444 412 1479 tu
451 1452 740 1494 quaecunque
780 1439 1095 1490 commodaris,
1149 1444 1278 1481 erunt
1319 1439 1431 1481 mihi
1474 1445 1637 1497 gratis-

256 1556 401 1590 SILIO.
453 1556 490 1590 S.
516 1569 564 1589 zu
591 1567 647 1602 ep.
677 1557 905 1591 CCXXXIII.
934 1558 987 1590 im
1011 1558 1100 1592 Ans.
1150 1557 1192 1592 Si
1227 1565 1374 1592 certum
1400 1567 1507 1601 esset,
1539 1559 1636 1594 hanc

162 1604 361 1649 epistolam
393 1604 438 1638 ad
471 1604 606 1637 Silium
643 1605 825 1649 scriptam
860 1617 950 1647 esse,
992 1618 1107 1651 quum
1140 1605 1361 1651 Bithyniam
1396 1615 1637 1654 propraetore

164 1658 328 1699 regeret,
354 1652 553 1686 referenda
579 1653 710 1687 fuisset
736 1653 897 1698 epistola
923 1653 969 1687 acl
992 1666 1023 1687 a.
1053 1656 1146 1696 703.‚
1174 1665 1248 1698 quo
1274 1665 1371 1689 anno
1397 1656 1526 1701 plures
1552 1664 1638 1692 sunt

162 1700 205 1734 ad
231 1699 368 1734 Silium
404 1699 610 1744 Bithyniae
648 1702 780 1746 Propr.
820 1701 984 1746 scriptae
1025 1701 1079 1744 (h.
1113 1702 1169 1735 ed.
1208 1704 1288 1738 233.
1321 1704 1400 1738 234.
1436 1705 1518 1740 235.
1554 1707 1633 1741 236.

161 1749 269 1788 251.).
321 1747 394 1781 Sed
419 1749 529 1782 nullo
557 1756 780 1796 argumento
817 1749 921 1783 effici
957 1755 1093 1795 potest,
1137 1749 1203 1783 has
1241 1750 1372 1784 literas
1405 1751 1451 1785 ad
1487 1752 1635 1792 Silium,

161 1807 276 1840 quum
302 1796 341 1829 in
366 1796 545 1840 Bithynia
571 1803 681 1839 esset,
708 1797 871 1841 scriptas
898 1808 985 1831 esse.
1036 1797 1133 1840 Quid
1159 1797 1258 1841 quod
1291 1810 1338 1832 ne
1372 1805 1516 1833 certum
1551 1802 1634 1845 qui-

161 1844 248 1878 dem
274 1850 328 1878 est
354 1853 413 1878 eas
438 1844 482 1877 ad
508 1845 542 1877 P.
570 1845 681 1878 illum
706 1844 846 1879 Silium
874 1846 1094 1890 pertinere?
1144 1845 1239 1888 Quid
1270 1846 1302 1879 si
1335 1846 1381 1880 ad
1414 1847 1554 1882 Aulum
1579 1848 1635 1883 Si·

160 1892 267 1934 lium,
293 1892 397 1926 cuius
423 1892 564 1927 mentio
590 1893 635 1927 fit
661 1904 719 1938 ep.
746 1895 826 1928 545.
853 1895 946 1934 546„
973 1894 1115 1939 scripta
1142 1895 1215 1927 sit?
1258 1894 1366 1928 SCH.

257 1961 288 1993 1.
340 1958 455 2002 diligi
479 1973 529 1993 :z
553 1960 682 2008 magni
708 1960 804 1993 fieri.
843 1979 885 1985 -
920 1961 995 1993 Illa
1024 1964 1150 1994 nostra
1173 1960 1256 1994 scil.
1284 1961 1498 2005 ceciderunt,
1542 1976 1636 2007 „un-

160 2018 220 2040 ser
247 2006 397 2055 voriges
424 2008 599 2042 Ansehen
626 2010 672 2042 ist
698 2008 820 2041 leider
846 2009 887 2041 in
911 2009 983 2041 (len
1011 2007 1123 2042 Staub
1149 2008 1386 2056 gesunken“,
1412 2022 1525 2045 wenn
1551 2024 1636 2046 man

160 2067 198 2089 es
225 2056 291 2087 auf
312 2056 442 2089 Casars
468 2056 696 2100 Oppression
721 2056 790 2089 der
823 2056 1016 2101 Republik
1049 2057 1185 2090 deuten
1219 2057 1368 2099 wollte‚
1409 2070 1517 2093 wozu
1550 2060 1638 2094 aber

161 2103 230 2135 der
255 2103 439 2150 folgende
464 2104 639 2151 gemeine
666 2104 781 2138 Trost
806 2104 914 2137 nicht
940 2110 1050 2148 passt.
1114 2104 1313 2149 Richtiger
1338 2106 1525 2142 iibersetzt
1550 2120 1635 2141 man

162 2150 357 2184 desshalb:
386 2163 529 2193 „unser
555 2152 756 2186 bewusstes
783 2152 963 2186 Geschfift
989 2152 1055 2186 hat
1081 2152 1164 2186 sich
1191 2153 1315 2186 leider
1341 2154 1636 2203 zerschlagen“;

160 2210 236 2231 was
262 2198 346 2232 sich
370 2199 569 2234 vielleicht
594 2201 661 2233 auf
682 2199 755 2234 den
779 2201 879 2234 Kauf
901 2201 964 2235 des
991 2200 1260 2234 Siliussischen
1287 2201 1448 2236 Gartens
1474 2203 1635 2243 bezieht‚

160 2246 289 2280 womit
314 2247 445 2281 Cicero
472 2247 569 2281 nach
600 2247 774 2282 Tulliens
800 2248 905 2283 Tode
937 2248 1020 2282 eine
1046 2248 1226 2297 Zeitlang
1257 2259 1296 2283 so
1331 2250 1518 2284 ernstlich
1552 2260 1634 2284 um-

159 2294 266 2342 ging.
317 2315 359 2320 —
410 2296 543 2339 „Quid‚
575 2296 608 2330 si
632 2295 698 2330 hoc
721 2296 874 2330 melius?
918 2297 1023 2331 wie?
1060 2296 1201 2331 wenn's
1235 2296 1437 2332 vielleicht
1474 2310 1513 2333 so
1552 2299 1633 2333 bes-

159 2352 219 2375 ser
245 2343 317 2376 ist?

255 2414 295 2449 C.
322 2415 461 2450 SEXT.
490 2416 635 2456 RUFO,
672 2418 737 2462 qui
762 2428 859 2451 anno
886 2418 954 2453 705
979 2429 998 2450 a
1020 2416 1189 2460 Caesare,
1225 2428 1340 2462 quum
1366 2417 1398 2450 is
1424 2417 1539 2451 Roma
1566 2430 1633 2464 po-

159 2461 251 2495 titus
278 2470 387 2505 esset,
422 2474 490 2508 pro
517 2471 708 2509 quaestore
735 2466 774 2499 in
801 2466 969 2510 Cyprum
996 2466 1129 2499 missus
1156 2472 1233 2508 est;
1268 2476 1340 2509 quo
1366 2477 1522 2501 munere
1547 2474 1632 2511 post

159 2510 326 2544 Caesaris
352 2511 501 2544 caedem
528 2512 648 2546 adhuc
675 2514 912 2561 fungebatur,
948 2513 1058 2547 classi
1084 2513 1172 2547 dum
1198 2519 1370 2558 praeerat
1395 2513 1514 2547 Cassii
1540 2525 1630 2549 con-

158 2565 217 2591 tra
242 2558 489 2594 Dolabellam.
522 2560 604 2594 Vid.
630 2561 676 2595 ad
702 2562 834 2595 Famil.
861 2562 943 2603 XII,
971 2563 1026 2596 13.

254 2627 282 2658 1.
335 2627 544 2660 commendo.
596 2628 662 2661 Als
709 2630 841 2663 Cicero
878 2629 931 2662 im
966 2627 1078 2662 Iahre
1110 2628 1188 2664 703.
1223 2628 1292 2662 704
1330 2626 1558 2663 Statthaltor
1589 2630 1628 2662 in

157 2671 317 2706 Cilicien
342 2684 436 2710 war,
477 2674 660 2720 gehb‘rten
694 2677 754 2710 die
792 2677 959 2722 Cyprier
993 2676 1092 2710 noch
1127 2687 1173 2708 zu
1206 2674 1330 2709 dieser
1354 2677 1515 2710 Provinz
1553 2678 1627 2710 und

156 2719 305 2754 blieben
331 2721 502 2755 nachher
527 2724 628 2757 seine
655 2724 898 2759 natiirlichen
915 2725 1099 2759 Clienten.
1128 2722 1163 2756 S.
1191 2723 1235 2756 ad
1264 2723 1377 2758 Attic.
1404 2724 1446 2766 V,
1473 2726 1528 2759 21.
1550 2727 1626 2767 1‚6.
