1795 3086
123 195 151 236 3

186 83 283 133 382
425 86 430 90 ’
460 84 525 125 Μ.
556 84 613 126 Τ.
644 81 989 126 CICERONIS
1027 83 1402 128 EPISTOLAE.

188 196 345 252 quales
375 193 525 236 adhuc
555 193 752 236 suerunt.
812 194 909 237 Nos
929 193 1079 238 adhuc
1098 194 1178 237 hic
1199 195 1350 238 omnia
1377 196 1552 250 integra
1579 211 1675 239 sus-

189 252 418 295 tinuimus.
478 248 613 299 Quod
644 249 888 291 consilium
918 254 1134 299 nostrum,
1163 251 1264 304 etsi,
1293 256 1460 306 quanta
1490 253 1552 294 sit
1582 253 1675 296 avi-

187 309 304 349 ditas
336 305 580 357 hominum‚
610 319 699 347 non
720 305 816 347 sine
840 319 974 348 causa
998 308 1102 350 talis
1130 306 1355 349 victoriae
1385 308 1497 353 scio,
1526 313 1673 351 tamen

184 365 314 406 vobis
344 363 527 418 probari
557 375 702 416 spero.
763 361 867 403 Non
896 362 1029 410 enim,
1067 362 1107 405 si
1138 363 1249 418 quid
1278 363 1326 404 in
1356 361 1429 405 his
1460 365 1676 406 exerciti-

185 422 266 461 bus
296 419 358 460 sit
387 419 621 470 offensum,
649 431 810 473 magna
832 418 1033 459 subsidia
1062 432 1132 460 res
1162 419 1347 475 publica
1375 418 1509 460 habet
1537 434 1674 476 expe-

184 477 297 528 dita,
325 474 485 530 quibus
515 474 664 515 subito
696 475 862 528 impetu
893 487 944 516 ac
973 474 1215 516 latrocinio
1246 475 1574 530 parricidarum
1605 490 1674 518 re-

184 532 330 573 sistat.
391 530 559 585 Copias
588 543 698 572 vero
729 533 906 571 nostras
945 533 1074 572 notas
1114 531 1199 573 tibi
1226 545 1323 574 esse
1352 532 1562 574 arbitror.
1620 532 1675 576 In

183 587 344 629 castris
383 587 494 628 meis
537 586 739 640 legiones
779 590 881 626 sunt
919 590 1159 628 veteranae
1201 591 1317 630 tres:
1362 587 1559 629 tironum
1598 589 1673 630 vel

182 642 545 685 luculentissima
574 655 633 683 ex
664 641 869 684 omnibus
899 654 1005 683 una:
1046 641 1093 682 in
1125 643 1287 686 castris
1316 643 1450 685 Bruti
1481 656 1568 684 una
1596 657 1674 686 ve-

182 704 340 741 terana
368 698 506 755 legio,
546 698 689 741 altera
718 697 851 749 bima,
897 700 1000 738 octo
1041 698 1252 741 tironum.
1321 699 1396 742 Ita
1435 700 1673 742 universus

182 754 412 798 exercitus
464 767 649 796 numero
699 751 1004 808 amplissimus
1053 757 1144 805 est,
1199 753 1416 796 firmitate
1465 756 1671 810 exiguus.

182 811 411 861 Quantum
441 814 591 852 autem
621 811 669 850 in
699 810 796 851 acie
826 808 967 851 tironi
987 809 1049 851 sit
1069 809 1455 856 committendum,
1484 811 1674 854 nimium

181 881 315 924 saepe
346 871 580 921 expertum
611 865 836 907 habemus.
893 864 965 905 Ad
996 864 1084 906 hoc
1114 865 1249 907 robur
1270 869 1526 908 nostrorum
1545 881 1672 910 exer—

180 924 352 966 cituum
382 924 479 965 sive
509 921 751 964 Africanus
783 921 1035 972 exercitus,
1068 920 1148 978 qui
1178 926 1246 964 est
1273 927 1534 970 veteranus,
1574 924 1671 966 sive

180 980 392 1025 Caesaris
423 978 702 1023 accessisset,
732 991 875 1032 aequo
906 976 1055 1019 animo
1083 991 1300 1020 summam
1331 992 1426 1021 rem
1443 978 1670 1034 publicam

180 1038 228 1078 in
259 1035 505 1077 discrimen
535 1033 873 1075 deduceremus.
930 1032 1176 1086 Aliquanto
1200 1038 1350 1077 autem
1371 1035 1554 1090 propius
1575 1049 1672 1078 esse

180 1091 302 1148 quod
331 1091 574 1135 Caesarem
601 1088 879 1134 videbamus,
917 1087 1037 1132 nihil
1068 1088 1227 1131 destiti
1257 1103 1357 1133 eum
1387 1090 1535 1135 literis
1565 1090 1671 1134 hor-

178 1288 303 1325 durch
327 1288 439 1323 ieden
464 1286 645 1323 Anderen
669 1284 846 1327 (Antonii
874 1291 911 1320 et
935 1283 1092 1330 Lepidi)
1116 1283 1325 1320 verwahrt.
1370 1303 1413 1312 ·-
1462 1290 1669 1332 praestare,

179 1338 401 1380 bew‘a‘hren,
422 1346 591 1373 servare.
642 1334 737 1370 tales
762 1334 786 1368 i.
814 1345 848 1369 e.
874 1339 1101 1375 constantes,
1127 1331 1270 1369 fideles.

276 1389 311 1424 3.
340 1386 495 1430 integra
518 1388 623 1425 sust„
651 1383 692 1416 in
711 1383 854 1417 seinem
871 1381 1011 1417 Stande
1031 1380 1211 1417 aufrecht
1226 1380 1415 1422 erhalten,
1442 1380 1668 1428 hinhalten3

176 1435 264 1474 scil.
289 1446 368 1470 non
393 1441 543 1470 temere
567 1430 806 1480 confligendo
833 1442 918 1464 cum
943 1429 1128 1465 hostibus.
1156 1430 1227 1463 cfr.
1255 1429 1283 1471 §.
1309 1431 1343 1466 8.
1372 1449 1414 1456 —
1455 1431 1559 1465 Quod
1581 1443 1666 1466 con-

176 1486 238 1520 sil.
261 1487 393 1525 nostr„
420 1482 545 1515 dieser
570 1491 685 1515 unser
710 1480 814 1512 Plan.
843 1478 944 1525 quod
970 1477 1138 1512 nondum
1164 1477 1408 1512 confliximus
1434 1489 1521 1512 cum
1546 1479 1668 1514 Anto-

176 1533 241 1567 nio
269 1537 307 1566 et
331 1530 489 1577 Lepido.
515 1547 561 1553 —-
588 1528 688 1562 talis.
715 1540 751 1561 v.
778 1527 868 1561 talis
891 1526 991 1560 mihi
1018 1532 1243 1572 corruptum
1270 1525 1435 1569 videtur,
1462 1538 1533 1561 nec
1557 1527 1666 1564 iuvat

176 1590 318 1628 magno
344 1590 462 1625 opere
486 1576 575 1612 Seh.
604 1576 701 1610 ratio
727 1587 811 1609 cum
838 1587 873 1609 v.
901 1574 1062 1608 aviditas
1085 1574 1125 1607 id
1151 1574 1361 1622 iungentis,
1394 1575 1535 1610 ceteris
1566 1578 1666 1610 refe-

176 1630 349 1664 rentibus
375 1628 422 1662 ad
447 1638 482 1661 v.
510 1624 708 1660 victoriae.
760 1623 1011 1670 Exspectabas
1035 1622 1177 1665 facilis
1211 1624 1291 1657 sive
1323 1628 1519 1668 promptae
1548 1624 1666 1659 victo-

176 1679 274 1722 riae,
301 1677 367 1711 vel
392 1675 520 1710 simile
545 1673 648 1719 quid.
698 1674 841 1718 Aperta
876 1683 963 1706 sane
997 1671 1245 1717 interpolatio
1280 1677 1336 1706 est
1360 1673 1479 1720 Marg.
1506 1672 1664 1708 Cratan-

175 1727 331 1760 drinae:
356 1725 444 1759 talis
468 1722 558 1758 bell-z·
582 1721 774 1757 victoriae.
804 1721 877 1755 ΟΒ.
905 1718 1118 1767 „obgleich
1144 1719 1208 1754 ich
1233 1720 1339 1760 weis,
1366 1720 1442 1754 wie
1469 1731 1576 1768 gross
1605 1721 1666 1756 die

175 1775 272 1810 Gier
296 1774 366 1808 der
391 1773 507 1807 Leute
532 1770 633 1805 nach
659 1770 786 1805 einem
811 1768 994 1816 baldigen
1020 1767 1343 1804 entscheidenden
1366 1767 1480 1817 Siege
1506 1769 1583 1804 und
1599 1770 1663 1805 das

175 1823 287 1858 nieht
311 1822 413 1857 ohne
439 1819 611 1856 Ursache
637 1819 727 1852 ist.“
753 1837 797 1844 -
822 1818 856 1851 sz'
882 1818 970 1861 quid
994 1842 1005 1852 .
1025 1842 1034 1850 .
1052 1841 1062 1851 .
1088 1818 1277 1860 offensum,
1305 1828 1419 1852 wenn
1445 1817 1506 1851 bei
1532 1817 1663 1852 diesen

176 1872 348 1915 (meinen
373 1869 451 1904 und
476 1869 543 1904 des
570 1869 616 1902 D.
643 1867 798 1910 Brutus)
824 1866 977 1901 Heeren
1002 1864 1126 1899 durch
1151 1877 1200 1900 zu
1225 1875 1357 1913 grosse
1374 1865 1576 1901 Kiihnheit
1602 1866 1664 1900 ein

176 1919 360 1968 Ungliick
391 1917 475 1953 sich
500 1916 707 1965 ereignete.
760 1934 803 1940 -
852 1914 984 1959 impetu
1010 1927 1061 1944 Ξ.-
1094 1913 1386 1957 impenderat.
1420 1914 1550 1949 Lainb.
1587 1915 1662 1949 ΟΒ,

175 1966 393 2002 Vid.'Gell.
421 1967 485 2010 IV,
513 1967 570 2001 19.
602 1964 687 2009 imp.
713 1974 758 1998 ac
784 1965 916 1998 latroc.
951 1962 1036 1998 eine
1062 1962 1284 2006 Hendiadys
1310 1968 1355 1997 st.
1384 1961 1547 2007 impetui
1571 1963 1663 1997 isto-

175 2029 265 2051 rum
300 2016 494 2050 latronum
530 2020 568 2049 et
605 2012 901 2059 parricidarum,
938 2011 1062 2046 ienem
1097 2010 1393 2045 R'aiuberanfalle
1428 2011 1497 2045 der
1530 2012 1662 2045 Vater-

176 2063 456 2100 landsm'drder.
481 2062 517 2097 S.
546 2073 607 2107 ep.
633 2062 717 2104 848,
743 2062 776 2096 5.
805 2079 847 2085 -
899 2061 960 2095 vel
982 2060 1108 2102 luent„
1133 2057 1319 2093 wiewohl
1345 2058 1407 2093 die
1433 2058 1661 2094 hiibscheste

174 2125 251 2149 von
277 2113 394 2147 allen.
421 2129 468 2136 —
509 2111 621 2152 bima,
649 2120 743 2154 quae
765 2108 918 2143 biennio
944 2114 1091 2145 tantum
1117 2108 1271 2146 meruit,
1303 2113 1451 2141 tantum
1477 2107 1568 2142 duos
1595 2119 1661 2142 an-

173 2173 242 2197 nos
268 2160 463 2196 militavit.
491 2177 533 2186 -
562 2160 672 2203 ampl.
696 2157 863 2203 quidem,
882 2156 1070 2199 firmitate
1095 2157 1224 2190 tamen
1249 2154 1418 2197 exigam.
1454 2174 1497 2182 -—-
1539 2157 1661 2193 Quan-

174 2215 249 2246 tum
273 2235 283 2244 .
311 2235 321 2244 .
349 2235 358 2243 .
384 2208 435 2242 sit
461 2207 764 2249 committendum,
801 2205 878 2241 wie
902 2205 984 2241 viel
1015 2215 1103 2239 man
1139 2203 1224 2239 sich
1259 2202 1350 2239 aber
1374 2201 1442 2238 au‘f
1464 2229 1474 2241 .
1501 2229 1509 2238 .
1536 2229 1546 2241 .
1571 2215 1661 2240 ver-

171 2260 296 2294 lassen
321 2258 444 2293 diirfe.

269 2332 303 2365 4.
331 2329 413 2363 sive
437 2353 444 2361 .
473 2354 481 2362 .
511 2353 518 2362 .
546 2329 634 2370 sive,
661 2338 776 2361 wenn
802 2326 890 2360 aber
916 2350 923 2358 .
953 2353 960 2360 .
990 2351 998 2360 .
1027 2325 1129 2359 oder.
1166 2343 1208 2350 ·—
1259 2335 1432 2358 smnmam
1457 2336 1574 2369 remp.
1611 2337 1660 2355 Ξ

174 2390 360 2413 summam
382 2377 439 2410 rei
457 2376 641 2423 publicae,
659 2387 698 2410 so
717 2375 877 2411 wiirden
892 2373 968 2408 wir
989 2373 1060 2408 mit
1079 2372 1257 2421 ruhigem
1279 2374 1430 2407 Herzen
1451 2385 1488 2408 es
1510 2385 1659 2421 wagen,

175 2428 239 2461 das
276 2427 368 2461 Heil
401 2426 470 2459 der
505 2424 700 2470 Republik
734 2425 801 2456 auf
834 2424 894 2456 die
933 2422 1064 2468 Spitze
1098 2434 1146 2456 zu
1181 2428 1321 2456 setzen.
1379 2423 1419 2456 in
1466 2422 1659 2456 discrimen

174 2475 314 2522 proelii
340 2474 518 2508 adversus
544 2472 753 2507 Antonium
781 2477 818 2506 et
844 2471 1041 2516 Lepidum.
1074 2489 1117 2495 -—-
1161 2470 1368 2515 Aliquanto
1397 2495 1406 2503 .
1433 2495 1441 2503 .
1470 2495 1478 2503 .
1504 2471 1660 2514 propius

175 2536 287 2569 quam
313 2523 541 2557 Africanum
566 2521 793 2561 exercitum,
820 2519 881 2553 cui
908 2519 1136 2554 Cornificius
1161 2526 1347 2564 praeerat.
1377 2539 1420 2545 —
1463 2518 1658 2552 Caesarem

175 2572 439 2607 Octavianum.
491 2591 533 2596 -—
586 2569 719 2605 destiti.
769 2568 832 2603 Sic
858 2568 902 2602 de
929 2567 1095 2602 Strothii
1121 2567 1338 2602 coniectura
1363 2566 1452 2602 sch.
1488 2567 1535 2600 A.
1563 2577 1596 2600 a.
1617 2577 1658 2612 p.

174 2632 261 2664 esse,
287 2621 383 2665 quod
406 2621 455 2653 ad
482 2621 681 2653 Caesarem
706 2617 848 2657 attinet,
881 2617 1101 2652 videbamus.
1152 2614 1259 2650 Nihil
1292 2616 1414 2649 destiti
1449 2614 1520 2648 Md.
1558 2617 1656 2648 Crat.

174 2670 269 2703 Vict.
302 2672 330 2704 1.
358 2670 390 2703 2.
425 2668 561 2702 Graev.
599 2670 691 2703 Ern.
726 2666 862 2700 Bened.
899 2666 992 2698 Liin.
1043 2665 1159 2699 Recte
1187 2663 1381 2698 Strothius
1418 2663 1516 2698 vidit
1539 2663 1655 2711 gloss.

174 2718 407 2752 inculcatum
436 2728 516 2751 esse
542 2722 705 2763 propter
729 2714 868 2747 malam
893 2713 1197 2748 distinctionem:
1224 2714 1319 2756 quod
1335 2712 1530 2747 Caesarem
1554 2711 1656 2744 vide-

173 2767 310 2801 bamus.
354 2764 463 2801 Nihil
488 2767 521 2801 d.
574 2765 702 2800 hamb.
732 2764 976 2809 Aliquantum
1001 2762 1105 2798 illam
1128 2762 1284 2808 propius
1303 2772 1394 2805 esse,
1419 2759 1655 2806 erepublica
