1795 3086
221 84 282 130 20
497 85 558 127 Μ.
591 87 646 129 Τ.
679 83 1021 128 CICERONIS
1052 85 1425 130 EPISTOLAE.

220 197 423 247 amicum,
466 210 597 252 quam
627 210 805 238 servum
843 210 940 238 esse
978 198 1193 241 maluisti.
1254 199 1376 240 Mihi
1418 200 1565 252 crede,
1608 200 1696 242 tuis

219 257 265 295 et
292 254 419 294 illius
462 254 611 294 literis
650 251 875 307 perlectis,
915 254 1084 295 exsilui
1123 255 1287 308 gaudio
1324 259 1368 296 et
1408 255 1492 296 tibi
1530 258 1575 297 et
1614 269 1696 311 ago

182 311 386 364 2gratias
440 314 486 349 et
524 309 741 362 gratulor.
807 307 856 349 Si
904 309 1020 350 enim
1060 311 1175 350 mihi
1220 311 1352 352 Statii
1390 311 1591 353 fidelitas
1629 316 1698 352 est

218 370 366 406 tantae
396 362 642 417 voluptati:
691 364 846 419 quanti
887 379 985 407 esse
1022 366 1068 405 in
1107 366 1198 407 isto
1238 366 1351 409 haec
1390 367 1544 416 eadem
1582 369 1696 408 bona

218 421 394 468 debent,
447 418 615 460 additis
664 420 829 473 literis,
889 421 1186 472 sermonibus,
1237 422 1531 474 humanitate,
1583 437 1696 477 quae

216 482 320 518 sunt
348 476 421 516 his
451 475 560 530 ipsis
590 477 835 518 commodis
862 477 1066 532 potiora?
1124 478 1236 520 Amo
1266 483 1310 520 te
1340 479 1542 520 omnibus
1572 478 1695 534 equi-

216 533 317 574 dem
346 530 556 573 maximis
585 532 640 572 de
670 532 832 584 causis,
870 547 1025 575 verum
1054 534 1190 575 etiam
1229 540 1413 590 propter
1441 535 1572 587 hanc,
1622 535 1694 575 vel

215 588 336 643 quod
364 587 478 628 mihi
507 588 589 640 sic,
627 591 675 629 ut
703 588 915 642 debuisti,
954 589 1179 632 nuntiasti.
1239 591 1307 632 Te
1345 595 1488 632 totum
1517 590 1564 631 in
1594 590 1695 631 lite-

214 645 276 686 ris
307 643 416 687 vidi.
474 643 629 685 Sabini
659 645 812 698 pueris
843 650 887 687 et
915 645 1102 699 promisi
1133 646 1281 688 omnia
1309 652 1354 688 et
1384 646 1557 688 faciam.

371 788 690 832 EPISTOLA
722 790 962 832 DCLXX.
1022 791 1099 841 (ad
1131 790 1237 833 Div.
1270 791 1407 833 XIII.
1441 790 1529 838 213.)

435 864 513 898 Ser.
542 875 640 899 anno
667 866 823 907 incerto,
848 871 934 900 ante
959 877 1099 899 annum
1128 868 1207 901 710.
1249 867 1295 908 (a.
1324 866 1362 899 C.
1391 868 1466 907 4⁴.)

592 932 755 978 Oppium
783 933 908 968 Gallio
933 933 1182 968 commendat.
1213 935 1314 969 1—2.

591 1007 638 1038 M.
669 1005 848 1040 CICERO
878 1006 1085 1049 QUINTIO
1114 1006 1306 1040 GALLIO.

320 1072 422 1114 Etsi
468 1073 674 1128 plurimis
725 1075 855 1115 rebus
905 1088 1036 1128 spero
1087 1073 1199 1126 fore,
1246 1078 1295 1114 ut
1340 1072 1608 1127 perspiciam
1638 1094 1690 1100 -—

207 1129 328 1182 quod
357 1134 503 1170 tamen
532 1128 797 1183 iampridem
828 1129 1057 1183 perspicio
1086 1152 1141 1159 -—-
1169 1142 1239 1169 me
1281 1144 1307 1170 a
1346 1134 1390 1169 te
1432 1129 1585 1180 amari,
1624 1133 1689 1168 ta-

204 1198 303 1224 men
332 1197 460 1226 mmo
489 1198 541 1226 ea
582 1198 715 1226 causa
753 1186 838 1226 tibi
878 1185 1024 1235 datur,
1073 1184 1119 1224 in
1158 1198 1244 1240 qua
1284 1185 1420 1225 facile
1459 1185 1689 1225 declarare

204 1240 351 1294 possis
381 1244 499 1281 tuam
528 1255 636 1296 erga
663 1255 732 1281 me
771 1241 1137 1283 benevolentiam.
1196 1240 1248 1281 L.
1286 1240 1474 1295 Oppius,
1522 1240 1584 1282 M.
1623 1240 1688 1291 F„

203 1296 474 1338 Philomelii
502 1297 774 1351 negotiatur,
804 1297 938 1338 homo
983 1296 1096 1337 mihi
1137 1296 1393 1338 familiaris.
1450 1296 1567 1336 Eum
1604 1295 1688 1336 tibi

202 1354 334 1394 unice
364 1354 623 1394 commendo
653 1367 793 1408 eoque
823 1353 981 1408 magis,
1021 1353 1142 1407 quod
1182 1367 1315 1408 quum
1353 1352 1499 1407 ipsum
1529 1351 1688 1406 diligo,

298 1516 333 1551 2.
377 1514 548 1556 fidelitas
575 1519 608 1548 et
624 1514 844 1558 frugalitas
878 1513 1006 1547 Lamb.
1043 1512 1133 1546 Sch.
1162 1513 1254 1547 Liin.
1289 1514 1510 1556 frugalitas
1536 1529 1584 1546 z:
1609 1526 1688 1549 mo-

201 1563 320 1599 destia
346 1570 384 1598 et
407 1563 670 1609 temperantia.
715 1562 800 1597 Vid.
829 1562 927 1597 Orat.
954 1573 1025 1607 pro
1052 1562 1229 1595 Deiotaro
1263 1573 1295 1596 c.
1321 1563 1354 1597 9.
1403 1562 1525 1604 Statii,
1557 1563 1688 1597 liberti

201 1613 290 1646 mei.
318 1631 360 1636 —
387 1613 524 1657 quanti,
552 1612 654 1646 Crat.
682 1615 847 1656 quantae.
877 1629 916 1635 —
944 1612 982 1644 in
1006 1610 1079 1644 isto
1107 1609 1263 1645 Tirone.
1298 1628 1339 1634 —
1372 1611 1463 1644 bona
1489 1624 1538 1642 Ξ
1563 1611 1686 1646 virtu-

201 1668 270 1695 tes.
313 1678 360 1686 —
408 1660 544 1694 additis
566 1686 574 1693 .
603 1685 610 1692 .
638 1659 797 1701 human„
833 1659 925 1693 weil
964 1659 1025 1692 bei
1057 1657 1140 1691 ihm
1176 1659 1277 1692 noch
1303 1658 1479 1705 gelehrte
1503 1659 1686 1708 Bildung,

200 1707 440 1757 angenehme
476 1707 762 1756 Unterhaltung
801 1707 879 1740 und
921 1707 1041 1741 feines
1084 1706 1232 1740 Gefiihl
1276 1706 1589 1742 hinzukommen.
1642 1727 1683 1732 -

199 1757 411 1798 commodis,
454 1756 508 1790 als
541 1756 627 1789 iene
664 1757 726 1789 fur
764 1755 873 1789 einen
898 1755 1026 1790 Herrn
1060 1754 1219 1788 freilich
1255 1754 1352 1789 auch
1379 1754 1469 1788 sehr
1493 1755 1685 1790 vortheil-

199 1805 333 1839 hasten
358 1804 675 1852 Eigenschasten.
692 1823 731 1831 -·
770 1805 830 1837 vel
854 1804 949 1848 quod
971 1814 1083 1852 sog-ar
1108 1802 1225 1838 sehon
1252 1803 1485 1849 desswegen,
1510 1804 1614 1838 weil.
1640 1823 1682 1829 -—

196 1858 235 1888 ut
261 1855 373 1887 fratri
398 1853 566 1887 debuisti.
605 1874 646 1879 -
688 1853 737 1886 Te
763 1856 879 1886 totum
902 1852 940 1886 in
975 1852 1034 1886 lit.
1059 1852 1144 1885 vidi.
1195 1850 1259 1886 Sic
1292 1851 1479 1896 scripsisti
1514 1859 1686 1887 amanter

197 1902 338 1943 omnia,
365 1908 407 1935 ut
432 1901 578 1949 legenti
613 1900 800 1934 videreris
827 1899 923 1933 mihi
952 1899 997 1934 ob
1025 1900 1150 1934 oculos
1176 1900 1320 1933 versari
1347 1906 1384 1934 et
1409 1900 1532 1934 veluti
1557 1912 1685 1935 coram

195 1952 241 1984 de
268 1950 412 1985 Tirone
437 1961 587 1983 mecum
613 1949 800 1994 colloqui:
842 1949 883 1981 in
911 1948 992 1982 illis
1026 1948 1151 1982 literis
1176 1948 1327 1982 intimos
1354 1949 1519 1993 pectoris
1546 1949 1602 1982 tui
1627 1951 1684 1983 as-

196 2001 320 2033 fectus
358 1998 587 2044 patefecisti.
646 1997 743 2042 „Ich
777 1997 871 2030 habe
906 1995 1006 2031 Dich
1050 1997 1090 2028 in
1125 1996 1213 2030 dem
1244 1997 1372 2030 Briefe
1405 2008 1502 2044 ganz
1536 1997 1685 2032 wieder

196 2046 428 2095 gesunden.“
454 2065 496 2070 —
523 2046 653 2081 Sabini
673 2044 971 2092 pueris.„Diese
1006 2047 1157 2078 miissen
1192 2051 1306 2079 unter
1344 2044 1431 2079 dem
1458 2045 1620 2080 Militair
1645 2046 1685 2079 in

196 2096 352 2130 Gallien
378 2095 585 2140 gestanden
610 2094 744 2129 haben.
814 2093 999 2139 Ubrigens
1034 2093 1083 2127 ist
1118 2092 1275 2127 Sabinus
1309 2093 1370 2127 ein
1409 2094 1533 2142 vffllig
1567 2095 1684 2129 unbe-

195 2144 360 2179 kanntex·
384 2146 508 2178 Mann.

294 2214 507 2252 QUINTIO
536 2213 737 2249 GALLIO.
788 2215 843 2249 Da
869 2212 1002 2248 Cicero
1027 2212 1100 2247 den
1125 2211 1267 2258 Appius
1293 2211 1369 2245 und
1389 2212 1574 2261 Egnatius
1600 2213 1684 2248 dem

196 2265 425 2300 Statthalter
458 2274 533 2297 von
566 2262 681 2296 Asien
715 2274 750 2295 u.
786 2261 1009 2303 proconsul,
1052 2261 1093 2303 Q.
1120 2261 1281 2294 Marcius
1307 2260 1522 2306 Philippus,
1557 2273 1613 2307 ep.
1640 2263 1684 2296 ad

195 2314 333 2348 Famil.
360 2312 464 2354 XIII,
488 2312 545 2347 73.
572 2312 617 2346 74
645 2312 743 2351 (127.
773 2312 840 2346 161
866 2310 958 2344 dies.
984 2309 1120 2357 Ausg.)
1157 2309 1234 2342 und
1266 2308 1350 2342 dem
1389 2308 1568 2351 Quaestor
1600 2310 1684 2345 des-

196 2363 338 2405 selben,
373 2361 461 2394 dem
498 2359 708 2405 Appuleius
743 2359 846 2401 XIII,
878 2359 925 2392 45
956 2359 1074 2400 (672),
1114 2357 1335 2402 gleichfalls
1379 2357 1601 2402 empfiehlt;
1643 2370 1683 2393 so

195 2411 279 2445 halt
304 2409 490 2444 Manutius
515 2408 589 2442 den
615 2407 787 2451 Quintius
814 2406 963 2441 Gallius
996 2405 1068 2439 mit
1103 2405 1230 2440 vieler
1251 2404 1686 2441 Wahrscheinlichkeit

196 2461 260 2493 ffir
304 2458 417 2493 einen
451 2457 614 2504 Legatus
651 2456 715 2490 des
761 2455 975 2501 Philippus,
1016 2454 1083 2487 dex·
1116 2454 1177 2487 bei
1216 2453 1434 2488 demselben
1470 2455 1557 2488 Viel
1598 2467 1680 2489 ver-

196 2507 359 2542 mochte.
409 2505 473 2540 Sic
510 2505 582 2539 Md.
616 2503 716 2539 Vict.
759 2507 789 2538 l.
843 2504 881 2540 Q.
920 2501 1086 2537 GALLO
1133 2502 1233 2536 Crat.
1278 2501 1413 2535 Graev.
1467 2503 1684 2538 QUINTIO

198 2555 366 2590 GALLO
391 2555 484 2588 ΕΠ).
511 2553 645 2588 Bened.
674 2552 761 2586 seh.
789 2553 883 2586 min.
912 2552 952 2587 Q.
979 2550 1169 2585 GALLIO
1193 2552 1272 2585 Bas.
1302 2550 1394 2584 Vict.
1422 2551 1454 2586 2.
1486 2551 1680 2586 ORELLI.

294 2625 327 2657 1.
380 2631 471 2655 nnnc
505 2631 551 2655 ex
582 2619 737 2663 antiquo
772 2619 896 2665 suppl.
937 2619 1015 2652 Bas.
1044 2618 1145 2652 Crat.
1171 2618 1298 2651 hamb.
1327 2618 1462 2652 Graev.
1492 2620 1585 2652 Ern.
1614 2619 1683 2652 Bc=

198 2670 282 2705 ned.
310 2669 399 2704 sch.
427 2671 521 2703 Liin.
550 2667 746 2702 ORELLI.
795 2684 837 2690 -—
889 2677 1000 2701 causa
1026 2680 1074 2697 z
1103 2678 1145 2700 ea
1170 2666 1315 2701 occasio
1341 2666 1411 2700 tibi
1436 2666 1606 2701 offertur.
1638 2686 1677 2691 —

202 2717 420 2752 Philomelii.
458 2717 522 2751 Sic
549 2717 695 2763 scripsi.
725 2715 919 2752 Philomeli
951 2715 1047 2749 Ceu.
1093 2715 1286 2748 ORELLI.
1330 2714 1461 2756 „einer
1499 2714 1603 2748 stadt
1641 2716 1681 2748 in

164 2778 167 2781 ¹
198 2766 556 2814 Grossphrygienf‘
594 2786 634 2791 -
685 2765 781 2810 quod
810 2775 913 2810 quum
941 2763 1069 2808 ipsum.
1096 2764 1223 2799 hamb.
1261 2764 1358 2808 quod
1381 2774 1459 2798 eam
1487 2774 1590 2807 qaum
1617 2775 1681 2807 per
