1795 3086
324 109 636 155 EPISTOLA
665 108 1023 153 Dccxxxvl.
1039 108 1432 153 'DCCXXXVIL
1541 107 1630 158 155

163 223 342 263 Sextum
372 223 633 274 adventare,
670 235 755 263 non
786 233 871 274 quo
900 220 987 261 iam
1018 220 1214 275 adesset,
1253 222 1332 264 sed
1370 221 1475 277 quia
1503 224 1625 265 cerie

163 278 209 318 id
238 283 387 332 ageret
415 279 469 319 ab
497 278 715 331 armisque
734 277 875 317 nullus
901 275 1161 319 discederet.
1218 279 1374 329 Certe,
1403 279 1442 319 si
1462 279 1626 332 pergit,

162 334 322 374 bellum
350 338 547 388 paratum
588 337 664 374 est.
734 332 823 373 Hic
860 335 1005 372 autem
1043 338 1191 375 noster
1229 333 1496 389 Cytherius,
1536 335 1626 375 nisi

163 390 401 441 victorem,
429 390 644 431 neminem
666 389 896 430 victurum.
955 387 1074 436 Quid
1104 389 1160 428 ad
1190 389 1300 431 haec
1320 389 1496 432 Pansa?
1525 395 1628 432 utro

163 445 270 498 erit,
310 446 348 486 si
376 446 539 487 bellum
570 446 683 486 erit?
729 443 846 498 quod
874 442 1046 485 videtur
1075 442 1185 484 fore.
1251 445 1340 486 Sed
1370 450 1415 488 et
1442 446 1555 487 haec
1584 449 1630 488 ct

163 501 249 541 alia
277 514 450 542 coram:
487 501 622 543 hodie
651 500 852 555 quidem,
881 503 930 540 ut
958 499 1142 551 scribis,
1172 502 1248 539 aut
1276 513 1388 542 cras.

270 682 585 726 EPISTOLA
622 681 1009 726 DCCXXXVII.
1068 681 1145 733 (ad
1170 680 1260 722 Att.
1291 679 1401 724 XV.
1434 685 1517 733 14.)

244 758 327 797 scr.
353 758 393 792 in
419 758 633 793 Tusculano
661 756 706 792 V.
735 758 814 792 Kal.
842 757 968 804 Quint.
990 756 1031 790 A.
1057 756 1102 792 U.
1130 757 1168 790 C.
1197 756 1275 792 710.
1323 756 1373 799 (a.
1399 757 1440 794 C.
1466 758 1544 798 44.)

162 824 285 860 Attico
317 826 438 860 mittit
469 827 681 872 exemplum
724 825 904 871 epistolae
935 822 982 857 ed
1015 823 1249 858 Dolabellam
1281 821 1466 869 scriptae,
1505 835 1631 879 seque,

162 874 230 910 etsi
254 874 379 909 animo
404 874 454 909 eit
479 886 672 920 suspenso,
707 879 832 954 tamgn
864 871 1062 955 adlligros
1094 870 1310 906 scribendos
1335 872 1489 906 rediisse
1514 876 1632 922 signi-

811 925 882 954 cat.
949 939 966 946 -
1002 945 1010 954 .

671 992 853 1028 CICERO
877 991 1057 1026 ATTICO
1084 990 1119 1025 S.

272 1073 329 1103 w.
360 1059 463 1102 Kal.
486 1061 635 1116 accepi
653 1073 680 1103 a
700 1060 933 1102 Dolabella
955 1059 1134 1112 literas,
1163 1071 1346 1114 quarum
1375 1060 1629 1115 exemplum

164 1116 245 1157 tibi
273 1117 396 1158 misi:
440 1118 486 1158 in
512 1118 668 1172 quibus
698 1120 796 1157 erat
813 1116 963 1156 omnia
982 1128 1029 1155 se
1059 1115 1245 1167 fecisse,
1274 1129 1385 1171 quae
1406 1121 1454 1158 tu
1476 1118 1630 1160 velles.

164 1172 326 1212 Statim
355 1174 397 1213 ei
435 1174 644 1228 rescripsi
674 1176 720 1213 et
748 1171 900 1212 multis
929 1171 1077 1212 verbis
1105 1172 1271 1224 gratias
1301 1173 1387 1226 egi,
1446 1171 1535 1213 Sed
1565 1178 1630 1215 ta-

165 1240 284 1279 men,
313 1240 366 1270 ne
395 1229 658 1281 miraretur,
688 1241 767 1269 eur
794 1228 912 1268 idem
935 1227 1095 1267 iterum
1119 1227 1338 1278 facerem,
1367 1227 1454 1269 hoc
1474 1241 1631 1270 causae

164 1283 351 1337 sumpsi,
381 1284 496 1339 quod
525 1298 579 1325 ex
608 1288 651 1325 te
680 1284 777 1338 ipso
806 1295 958 1324 coram
987 1286 1117 1323 antea
1146 1282 1260 1323 nihil
1290 1283 1528 1337 potuissem
1559 1298 1632 1325 co-

164 1351 390 1391 gnoscere.
447 1339 537 1380 Sed
567 1339 675 1393 quid
704 1339 868 1379 multa?
908 1337 1085 1378 Literas
1114 1336 1202 1378 hoc
1229 1340 1438 1393 exemplo
1467 1339 1587 1381 dedi.

390 1394 623 1438 CICERO
654 1393 1075 1437 DOLABELLAE
1105 1393 1237 1436 COS.
1268 1394 1404 1437 SUO.

167 1561 252 1593 quo,
280 1551 388 1587 nicht
411 1554 465 1587 als
489 1563 611 1588 wenn.
639 1553 765 1588 Lamb.
791 1554 893 1597 quod.
919 1572 962 1580 -—
987 1551 1028 1586 id
1051 1557 1200 1596 ageret,
1233 1552 1330 1588 diess
1356 1553 1636 1602 beabsichtigen

166 1597 329 1633 m'ocbte.
358 1621 401 1627 —
435 1601 556 1635 nullus
580 1615 629 1633 --..
653 1612 748 1642 non,
783 1602 968 1635 dux-chaus
1000 1600 1122 1638 nicht.
1156 1619 1204 1626 —
1236 1601 1270 1634 si
1293 1602 1435 1645 pergit,
1461 1613 1571 1636 wenn
1596 1614 1640 1637 er

167 1645 276 1680 dabei
291 1646 456 1683 beharrt.
482 1667 526 1674 -
551 1654 740 1693 paratum,
765 1660 832 1684 vor
853 1650 919 1683 der
935 1649 1062 1688 Thur,
1088 1647 1342 1684 entechieden.
1361 1669 1404 1675 —
1434 1650 1638 1694 Cytherius,

166 1693 349 1729 Antonius
380 1696 599 1743 Cytheridis
628 1703 792 1738 amator,
825 1696 1093 1732 VVeiberheld.
1128 1698 1164 1732 S.
1191 1708 1251 1742 ep.
1277 1698 1359 1733 474.
1395 1698 1560 1744 Philipp.
1585 1699 1639 1742 11,

165 1742 225 1777 22.
273 1743 335 1777 Sie
361 1755 442 1778 war
466 1744 673 1793 eigentlich
699 1745 781 1779 eine
806 1745 1080 1792 Freigelassene
1105 1745 1169 1779 des
1194 1743 1420 1780 Volumnius
1455 1746 1640 1791 Eutrape-

166 1791 223 1822 lus
248 1791 324 1824 und
348 1791 445 1827 hiess
471 1793 692 1835 Volumnia3
725 1794 788 1828 ihr
812 1794 1006 1827 Het‘ziren-
1032 1792 1124 1826 oder
1155 1794 1411 1828 Mimenname
1444 1794 1537 1828 aber
1561 1806 1640 1829 war

166 1837 352 1883 Cytheris.
379 1839 416 1874 S.
443 1841 489 1875 ad
514 1841 647 1876 Famil.
674 1841 761 1883 Vn,
787 1843 844 1877 32.
871 1843 932 1878 33.
958 1841 1021 1879 lx,
1055 1842 1112 1876 25.
1144 1842 1203 1876 32.
1241 1841 1453 1888 Philippica
1477 1842 1581 1884 xm,
1607 1843 1640 1877 2.

167 1905 211 1911 —
237 1887 400 1921 neminem
425 1885 617 1924 victurum.
665 1889 845 1923 Antonius
870 1900 998 1923 omnes
1022 1900 1041 1921 a
1066 1889 1236 1934 partibus
1261 1888 1337 1922 suis
1370 1891 1510 1924 alienos
1539 1891 1641 1936 peri-

166 1939 270 1968 turos
295 1936 476 1980 minatur,
510 1937 581 1970 nisi
605 1937 780 1972 vicerint.
813 1937 921 1971 SCH.
946 1955 993 1962 -—
1030 1938 1079 1970 cul
1108 1936 1196 1970 lzaec
1230 1937 1350 1971 dicit?
1383 1957 1426 1963 —
1458 1942 1539 1971 utro
1572 1939 1641 1971 erit

166 1982 272 2023 loco,
308 1985 377 2017 auf
409 1985 576 2018 welcher
610 1984 711 2018 Seite
744 1985 843 2019 wird
878 1996 920 2019 er
951 1985 1056 2018 sein?
1098 1985 1169 2018 mit
1201 1986 1370 2020 welcher
1401 1996 1475 2020 von
1511 1986 1642 2020 beiden

167 2030 339 2064 Parteien
364 2032 463 2067 wird
487 2044 530 2066 er
555 2043 593 2067 es
617 2033 770 2067 halten?
807 2044 885 2067 cum
909 2037 992 2066 uero
1019 2032 1086 2070 cd.
1125 2034 1211 2068 Urs.
1239 2033 1368 2068 hamb.
1396 2035 1533 2069 Graev.
1567 2035 1642 2070 ΟΒ.

168 2096 212 2102 -
238 2077 344 2112 hodie
370 2105 377 2112 .
406 2105 414 2113 .
443 2107 450 2114 .
477 2085 540 2114 aut
571 2092 666 2116 cras.
716 2082 769 2114 Ac
803 2092 931 2115 revera
962 2081 1106 2114 Atticus
1139 2081 1359 2115 Ciceronem
1395 2082 1573 2117 convenit
1607 2083 1642 2118 (l.

167 2126 247 2160 vu.
274 2127 354 2162 Kal.
381 2128 564 2174 Quintil.,
590 2129 690 2174 quod
715 2130 936 2176 intelligitur
960 2141 1007 2164 ex
1032 2129 1190 2174 epistola
1216 2131 1295 2166 736.
1323 2130 1400 2165 745.
1425 2130 1530 2164 SCH.

262 2195 353 2229 1-2.
384 2195 451 2231 VI.
478 2196 565 2230 Kal.
592 2197 776 2244 QuinfiL,
810 2209 869 2231 am
897 2199 952 2233 26.
979 2196 1116 2231 lunius.
1136 2213 1180 2221 --
1206 2196 1291 2231 misi
1313 2211 1363 2229 z
1388 2197 1511 2232 mitto.
1562 2198 1643 2230 Vor

168 2241 239 2275 Sed
272 2246 386 2277 lamen
411 2247 591 2290 ergiinze:
625 2256 767 2289 „quum
800 2251 864 2279 tua
904 2251 1049 2279 tautum
1081 2245 1249 2285 intersit,
1289 2246 1429 2280 iterum
1456 2246 1571 2280 etiam
1598 2245 1643 2278 ad

168 2299 254 2322 eum
289 2292 494 2327 scribam.⁸⁴
527 2312 572 2319 —
604 2294 806 2327 miraretur
837 2308 887 2325 z
919 2294 1098 2334 miretur3
1131 2295 1300 2338 facerem
1331 2308 1380 2326 z
1414 2293 1561 2327 faciam.
1601 2311 1640 2316 ——

169 2334 237 2369 hoc
262 2348 392 2374 causae
417 2341 570 2384 sumpsi,
596 2352 636 2375 so
661 2340 748 2375 hab’
774 2340 837 2375 ich
864 2343 936 2376 Das
960 2353 1044 2375 zum
1062 2341 1272 2375 Vorwande
1290 2352 1536 2391 genommen,
1564 2341 1644 2373 dass

171 2382 236 2416 ich
260 2386 401 2421 vorher
435 2388 542 2423 nicht
574 2389 824 2434 Gelegenheit
856 2388 997 2438 gehabt
1028 2388 1150 2432 hatte,
1184 2389 1282 2424 Dich
1315 2391 1428 2424 selbst
1465 2389 1646 2422 hieriiber

171 2443 220 2464 ιιι
245 2434 439 2476 sprechen.
471 2454 514 2462 -
547 2437 614 2470 Ιιοε
647 2438 823 2480 exemplo,
856 2448 990 2472 wovon
1024 2437 1084 2470 die
1122 2437 1311 2472 Abschrift
1345 2437 1451 2471 anbei
1485 2436 1641 2483 ersolgt.

171 2497 215 2503 —
248 2479 603 2520 DOLABELLAE.
654 2487 779 2531 Quum
813 2487 983 2519 consules
1023 2485 1228 2519 Antonium
1265 2492 1302 2520 et
1333 2484 1565 2520 Dolabellam
1599 2495 1644 2517 ex

170 2533 317 2580 senatus
342 2533 507 2566 consulto
534 2539 726 2579 oporteret
751 2533 797 2567 do
824 2534 915 2566 actis
941 2534 1108 2569 Caesaris
1134 2544 1378 2578 cognoscere,
1404 2543 1465 2565 res
1481 2532 1645 2566 Buthro-

171 2581 222 2607 tia
250 2575 348 2609 inter
373 2585 497 2613 cetera
524 2580 561 2613 in
587 2582 665 2615 Kal.
693 2582 775 2615 Iun.
804 2581 924 2614 delata
951 2588 1016 2615 est.
1072 2581 1236 2615 Accessit
1262 2581 1395 2614 deinde
1421 2579 1468 2613 ad
1493 2582 1646 2613 Senatus

170 2625 383 2658 consultum
407 2627 486 2666 lex,
513 2639 606 2672 quae
632 2630 706 2662 lata
732 2635 785 2662 est
811 2629 855 2662 ad
882 2631 941 2662 lv.
970 2629 1067 2663 Non.
1096 2631 1198 2667 lun.‚
1225 2640 1319 2673 quae
1345 2628 1404 2660 lex
1429 2639 1557 2662 earum
1584 2639 1643 2661 re-

172 2681 278 2723 rum,
306 2684 395 2716 quas
421 2675 554 2708 Caesar
580 2678 777 2715 statuisset,
803 2677 1040 2716 decrevisset,
1075 2677 1231 2723 egisset,
1266 2676 1477 2710 consulibus
1511 2676 1644 2723 cogni-

173 2724 313 2752 tionem
340 2721 463 2763 dedit;
499 2729 578 2756 tum
605 2735 711 2757 causa
736 2724 1021 2758 Buthrotiorum
1059 2725 1178 2757 delata
1215 2730 1269 2757 est
1302 2724 1346 2756 atl
1382 2724 1561 2758 consules.
1613 2723 1644 2757 li

174 2764 307 2802 deinde
333 2768 378 2803 de
404 2771 550 2805 consilii
576 2772 755 2807 sententia
781 2772 1024 2807 decreverunt
1048 2772 1252 2806 secundum
1285 2770 1504 2807 Buthrotios
1538 2771 1644 2806 Plan·
