1795 3086
533 46 850 92 EPISTOLA
880 47 1159 93 Dccxcv.
1493 48 1586 96 267

109 163 249 220 gessit
277 165 457 217 tamque
486 161 752 216 inopinataS‚
789 164 840 203 ut
877 175 955 205 eae
986 177 1120 218 quum
1150 174 1233 219 per
1259 174 1307 219 se
1335 165 1490 216 gratae
1519 177 1587 206 es-

109 224 224 273 sent,
253 222 346 261 tum
375 217 625 260 ornatiores
655 218 838 272 propter
866 219 1160 261 celeritatem.
1227 218 1362 269 Quod
1388 218 1431 260 si
1459 223 1508 259 tu
1536 233 1590 260 ea

110 281 259 322 tenes,
296 287 410 330 quae
438 277 670 328 putamus,
711 271 885 327 magnis
916 275 1130 317 subsidiis
1160 274 1278 317 fulta
1306 287 1377 315 res
1406 275 1590 330 publica

111 335 192 373 est.
258 331 298 371 A
337 330 482 386 prima
519 329 638 370 enim
678 341 757 370 ora
797 328 1017 371 Graeciae
1064 345 1203 386 usque
1243 329 1300 371 ad
1336 329 1591 387 Aegyptum

111 387 381 442 optimorum
428 385 595 426 civium
654 382 856 438 imperiis
912 385 1074 427 muniti
1120 387 1286 427 erimus
1336 389 1384 427 et
1427 385 1591 440 copiis.

112 443 405 497 Quamquam,
438 440 529 481 nisi
559 453 629 481 me
658 439 864 492 fallebat,
903 454 975 482 res
1013 454 1061 482 se
1101 442 1169 483 sic
1197 442 1404 496 habebat,
1442 447 1494 483 ut
1521 446 1590 483 to·

111 499 202 541 tius
242 498 352 539 belli
389 509 517 537 omne
557 495 800 537 discrimen
845 496 893 537 in
922 497 979 538 D.
1011 496 1153 538 Bruto
1192 498 1386 551 positum
1413 498 1592 540 videre-

112 560 210 597 tur:
247 554 326 608 qui
355 551 410 605 si,
439 555 489 593 ut
517 552 817 606 sperabamus,
848 553 1070 608 erupisset
1098 552 1291 605 Mutina,
1328 552 1450 595 nihil
1479 553 1592 596 belli

113 610 280 664 reliqui
309 607 408 649 fore
436 607 688 650 videbatur.
747 608 910 650 Parvis
950 609 1130 650 omnino
1168 609 1259 649 iam
1299 609 1444 662 copiis
1474 608 1593 652 obsi-

112 667 313 715 debatur,
353 662 473 718 quod
512 676 674 718 magno
711 664 939 718 praesidio
967 663 1216 705 Bononiam
1244 665 1424 705 tenebat
1452 666 1594 706 Anto-

113 723 223 762 nius.
281 720 395 760 Erat
437 723 582 760 autem
621 719 858 761 Claternae
897 724 1049 760 noster
1084 719 1293 761 Hirtius:
1332 719 1388 760 ad
1426 720 1594 762 Forum

113 776 372 818 Cornelium
403 773 584 821 Caesar,
611 779 798 829 uterque
828 789 928 816 cum
956 774 1088 816 firmo
1118 774 1346 817 exercitu:
1392 788 1595 830 magnas-

113 846 198 886 que
238 831 411 873 Romae
450 830 602 872 Pansa
640 832 792 884 copias
833 844 893 872 ex
931 830 1116 872 delectu
1160 829 1320 872 Italiae
1348 836 1593 885 comparat.

115 889 276 929 Hiems
315 885 465 927 adhuc
504 899 596 927 rem
635 886 734 941 geri
772 886 1077 940 prohibuerat.
1145 885 1327 928 Hirtius
1355 885 1475 928 nihil
1505 887 1595 928 nisi

115 943 411 992 considerate,
440 945 490 982 ut
516 940 633 982 mihi
662 942 833 983 crebris
863 942 1012 984 literis
1042 942 1288 999 significat,
1316 946 1497 984 acturus
1526 942 1597 985 vi-

113 999 314 1039 debatur.
372 997 565 1039 Praeter
592 996 866 1051 Bononiam,
906 998 1101 1053 Regium
1138 998 1331 1055 Lepidi,
1367 998 1596 1053 Parmam,

114 1059 254 1096 totam
299 1053 499 1095 Galliam
545 1055 800 1094 tenebamus
848 1055 1227 1097 studiosissimam
1264 1054 1331 1096 rei
1369 1055 1594 1110 publicae.

115 1111 240 1152 Tuos
277 1109 414 1151 etiam
455 1109 645 1150 clientes
693 1109 1042 1164 Transpadanos
1088 1111 1283 1153 mirifice
1332 1112 1594 1154 coniunctos

116 1260 177 1295 his
203 1258 349 1294 verbis:
375 1259 506 1305 „qnod
532 1259 611 1293 eius
629 1269 755 1306 opera,
781 1260 950 1303 consilio,
975 1260 1174 1305 industria,
1200 1260 1345 1298 virtute
1362 1262 1597 1299 difficillimo

115 1308 173 1343 rei
198 1307 371 1353 publicae
396 1314 568 1353 tempore
594 1308 792 1352 provincia
817 1309 1043 1353 Macedonia,
1069 1309 1292 1354 Illyricum,
1318 1316 1453 1345 cuncta
1479 1312 1596 1346 Grae-

114 1358 186 1399 cia,
223 1356 407 1404 legiones,
440 1354 643 1399 exercitus,
681 1357 869 1402 equitatus
902 1357 943 1390 in
970 1358 1185 1398 consulum,
1216 1364 1365 1393 senatus
1391 1359 1598 1405 populique

117 1405 276 1439 Romani
301 1409 486 1450 potestate
515 1405 677 1439 essent.“
711 1424 755 1430 —
804 1405 1028 1448 ornatiores,
1053 1405 1141 1440 sehr
1166 1405 1435 1456 ruhmwiirdig
1460 1407 1500 1441 in
1524 1408 1600 1442 den

116 1453 246 1498 Augen
270 1451 341 1486 der
365 1452 573 1494 Patrioten3
599 1452 690 1487 sehr
715 1453 932 1502 gepriesen.
984 1474 1027 1481 -
1077 1465 1121 1488 ea
1145 1453 1242 1496 loca,
1277 1466 1393 1490 wenn
1425 1456 1486 1490 Du
1519 1467 1599 1490 nun

116 1500 215 1535 auch
240 1499 458 1548 dieienigen
483 1499 632 1534 L'zinder
655 1500 802 1535 besetzt
824 1501 921 1535 hast.
949 1519 991 1527 —
1044 1513 1136 1547 quae
1162 1514 1182 1537 a
1207 1508 1246 1538 te
1270 1503 1396 1538 teneri
1416 1508 1600 1548 putamus.

119 1565 162 1572 -
189 1558 314 1590 magn.
339 1548 472 1582 subsid.
499 1554 585 1588 cet.‚
611 1559 650 1582 so
677 1548 792 1583 ruhet
815 1549 878 1582 die
903 1549 1096 1595 Republik
1120 1550 1262 1586 bereits
1291 1552 1359 1585 auf
1378 1551 1602 1601 m'achtigen

118 1596 296 1630 Pseilern.
324 1616 367 1622 -
412 1595 630 1640 optimorum
655 1596 802 1636 civium,
829 1598 878 1631 M.
905 1598 1013 1632 Bruti
1039 1604 1077 1633 et
1101 1597 1142 1633 C.
1169 1598 1301 1635 Cassii.
1328 1618 1372 1626 —
1415 1610 1526 1644 usque
1551 1601 1605 1635 ad

117 1645 231 1686 Aeg„
269 1655 380 1689 quam
412 1650 561 1689 partem
597 1644 744 1680 Cassius
778 1644 819 1679 in
850 1651 1036 1692 potestate
1068 1646 1127 1681 rei
1157 1647 1332 1694 publicae
1364 1648 1601 1685 continebat.

117 1692 286 1738 Philipp.
315 1692 356 1725 X.
389 1692 585 1727 MANUT.

212 1755 245 1788 2.
265 1753 434 1795 fallebat
460 1777 468 1786 .
498 1782 506 1790 .
533 1751 687 1788 habebat
713 1760 757 1789 st.
783 1754 899 1796 fallit,
932 1754 1045 1789 habet
1078 1755 1131 1789 im
1157 1756 1342 1792 Briefstil.
1381 1774 1424 1782 —
1463 1757 1600 1794 discri-

117 1812 211 1843 men,
236 1800 296 1834 die
321 1800 625 1850 Entscheidung‚
652 1802 720 1836 der
745 1802 970 1850 gliickliche
996 1803 1185 1852 Ausgang.
1222 1823 1266 1830 —-
1301 1804 1362 1849 qui
1385 1806 1419 1840 si
1444 1831 1452 1840 .
1482 1831 1491 1839 .
1517 1818 1604 1842 eru-

115 1849 230 1894 pisset
263 1849 377 1891 Mat„
415 1848 527 1892 denn,
562 1861 678 1885 wenn
711 1850 854 1886 diesem
890 1851 952 1885 ein
976 1852 1125 1885 Aussall
1158 1863 1221 1886 aus
1246 1853 1391 1888 Mutina
1415 1854 1601 1904 gelingen

119 1897 243 1938 sollte,
269 1907 309 1930 so
335 1896 487 1932 scheint
510 1910 545 1930 u.
572 1910 599 1933 s.
626 1910 676 1932 w.
709 1918 754 1925 —
795 1899 944 1944 reliqui,
970 1910 1041 1945 pro
1067 1910 1142 1943 quo
1165 1899 1350 1945 reliquum
1375 1912 1421 1935 ex
1446 1904 1601 1947 antiqua

117 1945 214 1979 coni.
241 1944 371 1979 Dresd.
398 1951 483 1980 tert.
510 1945 638 1980 Lamb.
666 1946 760 1980 Ern.
788 1947 922 1982 Bened.
947 1947 1036 1982 Sch.
1063 1950 1156 1982 Liin.
1191 1949 1356 1984 Defendi
1380 1957 1506 1996 potest
1530 1951 1602 1985 du·-

118 1993 208 2039 plex
234 1993 442 2041 genitivuS,
469 2000 511 2028 ut
536 1995 629 2028 fecit
654 1994 802 2029 Rostius
827 1995 929 2040 spec.
956 1998 991 2037 Δ,
1016 2007 1053 2042 p.
1072 1998 1150 2040 12.;
1178 1997 1249 2030 etsi
1272 1998 1401 2043 placet
1428 1999 1602 2034 emenda-

118 2042 185 2074 tio.
215 2040 287 2075 ΟΒ.
316 2060 359 2066 -
392 2042 610 2084 Bononiam,
635 2043 817 2090 Bologna.
847 2062 887 2069 -—
926 2042 1137 2086 Claternae,
1165 2044 1259 2079 ietzt
1284 2046 1490 2089 Quaderna.
1526 2048 1602 2093 Op-

117 2088 251 2135 pidum
278 2089 493 2137 Lingonum
519 2090 560 2124 in
586 2090 712 2125 Gallia
739 2091 958 2138 Cispadana.
988 2091 1177 2127 GRAEV.
1204 2111 1249 2118 --
1299 2094 1435 2130 Forum
1462 2096 1601 2129 Corne-

119 2137 220 2170 lium.
273 2137 324 2171 Et
349 2137 423 2171 hoc
448 2138 630 2184 oppidum
665 2145 721 2173 est
754 2139 972 2188 Lingonum
1008 2140 1053 2173 ad
1079 2140 1179 2173 viam
1204 2140 1448 2187 Flaminiam,
1484 2143 1604 2178 aliter

119 2185 260 2218 Forum
298 2185 481 2228 Cornelii,
524 2186 579 2220 sic
612 2186 756 2221 dictum
796 2200 816 2221 a
848 2189 891 2222 L.
925 2188 1105 2223 Cornelio
1137 2188 1266 2227 Sullam
1310 2192 1425 2227 hodie
1470 2191 1606 2226 Imola.

122 2233 308 2267 GRAEV.
337 2252 377 2258 —
409 2233 550 2269 Caesar
576 2235 814 2279 Octavianus,
842 2236 911 2270 ille
937 2248 1044 2281 puer.
1073 2257 1117 2263 —
1145 2244 1345 2283 comparat,
1370 2240 1501 2275 wirbt.
1538 2239 1604 2273 Sic

120 2280 192 2313 Md.
220 2281 321 2315 Crat.
348 2281 442 2315 Vict.
471 2285 503 2316 1.
531 2284 565 2318 2.
592 2283 720 2317 Lamb.
747 2284 884 2318 Graev.
934 2284 1093 2319 Scilicet
1125 2286 1170 2320 D.
1196 2287 1334 2321 Brutus
1362 2287 1604 2326 obsidebatur,

122 2331 204 2361 erat
231 2328 430 2363 Claternae
456 2330 606 2365 Hirtius
633 2337 727 2373 tum,
753 2344 869 2377 quum
894 2333 1118 2368 novissimas
1144 2334 1188 2367 ab
1216 2335 1268 2368 eis
1294 2336 1426 2370 literas
1452 2335 1602 2380 accepi-

122 2385 227 2417 mus3
259 2387 350 2409 nunc
382 2384 506 2411 autem
542 2378 608 2412 hic
632 2380 748 2413 Pansa
773 2392 926 2429 magnas
959 2382 1084 2426 copias
1119 2388 1330 2426 compara&
1363 2382 1604 2427 prohibuerat

123 2429 156 2456 ot
186 2434 291 2467 seqq.
316 2424 539 2469 imperfecta
566 2439 693 2460 rursus
725 2427 771 2460 ad
797 2435 944 2475 tempus
971 2431 1204 2474 scriptarum
1237 2431 1282 2464 ab
1308 2431 1434 2464 Hirtio
1462 2431 1604 2477 episto-

123 2472 245 2504 larum
272 2473 504 2508 referuntur.
531 2475 771 2518 comparabat
797 2476 891 2510 Ern.
919 2477 1013 2512 coni.
1027 2478 1115 2512 Sch.
1128 2479 1220 2512 Liin.
1248 2484 1486 2522 compararat
1512 2479 1604 2513 Cdd.

123 2519 214 2562 aliq.
242 2520 360 2564 Neap.
387 2521 468 2554 Asc.
498 2525 528 2556 l.
555 2523 656 2557 Crat.
684 2523 820 2556 Bened.
849 2526 926 2559 ΟΕ.
954 2547 995 2552 -
1024 2537 1101 2559 rem
1126 2526 1224 2568 geri,
1249 2526 1307 2560 los
1332 2539 1379 2559 zu
1405 2527 1602 2574 schlagen,

126 2568 193 2599 in’s
221 2566 314 2600 Feld
340 2579 387 2600 zu
413 2569 568 2603 riicken.
594 2589 641 2595 ——
674 2572 916 2616 considerate,
942 2574 1013 2607 mit
1038 2573 1218 2615 Bedacht‚
1242 2575 1429 2608 Vorsieht.
1459 2593 1498 2600 —·
1527 2576 1602 2609 Re-

124 2615 226 2657 gium
255 2614 396 2658 Lepidi,
431 2617 612 2662 oppidum
642 2619 820 2653 Boiorum
858 2620 897 2653 in
924 2621 1052 2655 Gallia
1088 2621 1307 2666 Cispadane,
1341 2623 1440 2667 quod
1467 2629 1504 2656 et
1529 2623 1602 2657 Fo-

127 2673 210 2695 rum
237 2662 345 2710 Regii
375 2663 524 2698 dicitur.
560 2667 670 2700 Nunc
698 2667 822 2701 Rezzo
849 2680 875 2701 s.
903 2669 1061 2717 Regg‘io.
1089 2669 1277 2702 GRAEV.
1307 2688 1349 2694 --
1377 2674 1491 2704 lotam
1512 2672 1601 2706 Gal-

126 2711 214 2743 liam
240 2711 479 2757 Cisalpinam.
533 2734 572 2739 ——
627 2714 786 2751 clientes.
839 2716 965 2751 Ganze
987 2711 1320 2763 ‘Municipalstiidte
1347 2719 1423 2753 und
1450 2720 1508 2754 die
1534 2731 1600 2768 ge-
