1795 3086
520 89 836 135 EPISTOLA
872 91 1096 136 DCCLX.
1455 95 1550 144 203

78 218 164 248 non
192 202 348 247 fuisse.
417 203 626 247 Pisonem
666 203 837 245 ferebat
877 203 924 244 in
962 205 1158 255 caelum
1196 219 1245 248 se
1284 210 1428 250 autem
1457 209 1547 251 lae-

78 261 182 313 tari‚
211 262 329 316 quod
348 261 601 315 effugissem
623 260 732 301 duas
751 259 964 300 maximas
981 262 1343 314 vituperationes.
1387 266 1547 318 Unam,

77 330 209 371 quam
243 318 404 359 itinere
435 315 637 357 faciendo
666 330 736 357 me
765 315 1066 367 intelligebam
1106 319 1354 373 suscipere,
1394 321 1546 375 ‹lespe-

79 372 266 414 rationis
296 387 348 414 ac
378 372 623 414 relictionis
654 373 720 412 rei
760 371 988 424 publicae,
1029 371 1183 415 flentes
1213 389 1381 416 mecum
1411 378 1547 430 vulgo

77 430 398 483 querebantur,
434 428 590 482 quibus
621 427 677 467 de
704 440 801 468 meo
830 425 967 467 celeri
996 427 1142 467 reditu
1170 443 1254 469 non
1282 433 1546 485 probabam:

78 485 289 535 alteram,
330 485 386 524 de
413 498 498 537 qua
525 483 693 524 Brutus
724 488 768 524 et
796 483 870 536 qui
900 494 985 522 una
1013 487 1139 523 erant
1166 505 1219 512 -
1248 488 1374 528 multi
1403 494 1548 529 autem

76 545 204 580 erant
223 564 278 571 --—
307 540 597 586 laetabantur,
626 540 743 592 qnod
765 552 860 580 eam
882 537 1252 592 vituperationem
1277 543 1547 597 effugissem,

77 609 148 636 me
176 595 422 637 existimari
451 596 507 635 ad
536 595 764 648 Olympia.
831 595 932 635 Hoc
961 607 1066 635 vero
1095 593 1206 634 nihil
1237 598 1410 650 turpius
1440 614 1548 653 quo-

78 653 148 692 vis
188 653 254 692 rei
291 651 492 704 publicae
535 655 756 704 tempore:
804 650 885 692 sed
921 649 1032 700 hoc,
1078 648 1381 700 ἀναπολόγητον.
1449 657 1548 709 Ego

77 719 183 747 vero
212 713 363 747 austro
391 707 559 761 gratias
589 708 750 758 miras,
791 706 870 760 qui
905 719 974 746 me
1003 718 1030 746 a
1058 710 1179 747 tanta
1210 704 1396 748 infamia
1424 723 1549 751 aver-

76 763 195 802 terit.
252 762 543 804 Reversionis
573 762 654 802 has
684 763 909 817 speciosas
938 774 1092 802 causas
1122 760 1279 814 habes,
1320 762 1457 804 iustas
1498 767 1550 808 il-

75 818 141 858 las
170 818 351 872 quidem
381 823 425 859 et
462 832 665 873 magnas:
702 817 779 858 sed
820 817 938 858 nulla
966 817 1150 870 iustior,
1190 831 1322 871 quam
1352 821 1468 873 quod
1502 827 1551 862 tu

76 873 195 913 idem
226 875 329 915 aliis
359 874 527 915 literis:
566 873 785 930 provide,
823 874 867 915 si
896 873 972 914 cui
1002 872 1116 926 quid
1145 871 1366 931 debetur,
1404 879 1459 917 ul
1487 878 1554 918 sic

73 930 203 971 unde
229 943 318 983 pm·
344 930 451 983 pari
477 928 838 982 respondeatur.
904 926 1111 981 Mirifiea
1148 930 1270 971 enim
1307 933 1552 981 δυσχρηστιά

76 987 153 1025 est
177 987 372 1038 propter
398 987 564 1026 metum
593 996 833 1026 armorum.
900 984 955 1026 In
995 984 1113 1025 freto
1141 984 1288 1026 medio
1317 985 1431 1027 hanc
1460 989 1553 1041 epi-

76 1040 235 1080 stolam
265 1041 379 1094 legi,
408 1045 482 1091 ut,
511 1039 620 1095 quid
647 1053 823 1094 possem
850 1041 1115 1095 providere,
1145 1041 1191 1080 in
1221 1046 1413 1083 mentem
1442 1043 1554 1084 mihi

76 1108 165 1136 non
195 1097 388 1148 veniret,
425 1096 514 1137 nisi
552 1100 602 1136 ut
639 1109 846 1150 praesens
884 1109 953 1136 me
981 1096 1075 1149 ipse
1103 1096 1402 1140 defenderem.
1461 1099 1552 1140 Sed

76 1150 188 1192 haec
225 1151 451 1194 hactenus.
518 1151 711 1205 Reliqua
760 1165 924 1194 coram.
998 1151 1183 1192 Antonii
1222 1153 1417 1194 edictum
1459 1156 1553 1209 legi

78 1221 105 1248 a
124 1206 289 1259 Bruto,
319 1212 363 1249 et
393 1207 552 1249 horum
581 1213 759 1260 contra,
790 1207 1004 1263 scriptum
1033 1208 1277 1263 praeclare.
1335 1210 1425 1252 Sed
1445 1211 1552 1264 quid

77 1369 192 1403 gegen
214 1368 381 1403 gewesen
407 1361 523 1400 ware,
552 1358 634 1392 eine
652 1359 908 1404 erfolgreiche
926 1358 1084 1393 Session.
1135 1360 1242 1395 Denn
1268 1359 1310 1394 L.
1326 1359 1553 1405 Calpurnius

77 1408 162 1440 Piso
191 1409 432 1450 Caesoninus,
461 1409 592 1442 essars
614 1407 966 1453 Schwiegervater,
992 1409 1084 1441 aber
1109 1409 1285 1453 parteilos
1311 1409 1362 1441 im
1390 1409 1556 1456 Biirger-

77 1455 203 1500 kriege
228 1455 300 1488 und
324 1457 402 1490 voll
426 1456 533 1490 Eifer
567 1455 640 1488 den
665 1456 826 1489 Frieden
859 1456 926 1490 der
950 1456 1137 1502 Republik
1172 1457 1443 1497 herzustellen,
1478 1463 1556 1490 trat

79 1503 127 1536 da
152 1514 268 1548 gegen
293 1505 478 1537 Antonius
503 1503 574 1537 mit
599 1503 685 1537 dem
711 1504 1030 1537 entschiedensten
1057 1505 1283 1539 Nachdruck
1308 1506 1385 1542 auf.
1433 1505 1554 1538 Allein

79 1551 143 1583 die
168 1552 410 1584 anwesenden
439 1552 673 1587 Consularen
699 1564 825 1585 waren
853 1564 897 1585 zu
922 1553 1094 1586 schweich
1121 1554 1196 1586 und
1220 1552 1453 1596 furchtsam3
1490 1554 1556 1587 da-

81 1600 151 1632 her
176 1599 256 1633 sein
280 1601 424 1645 Anti-ag
448 1599 684 1643 vergeblich.
713 1593 923 1634 GRATER.
948 1601 982 1634 S.
1009 1600 1179 1647 Philipp.
1206 1603 1235 1644 Ι,
1262 1603 1295 1636 4.
1324 1613 1361 1636 u.
1388 1614 1446 1647 ep.
1474 1604 1556 1638 763.

84 1650 120 1681 1.
145 1666 192 1672 —-
216 1648 421 1690 suscipere,
445 1648 526 1681 sich
553 1648 749 1689 zuzielwu,
776 1655 976 1683 aussetzen.
1005 1670 1047 1676 -
1074 1661 1212 1683 ‘tneeum
1237 1661 1351 1695 gegen
1367 1651 1466 1683 mich
1495 1651 1556 1683 bei

81 1696 228 1728 meiner
262 1696 433 1735 Abreise,
477 1696 543 1729 auf
582 1696 726 1729 meiner
765 1696 948 1730 Hinreise.
987 1715 1026 1721 —
1064 1699 1281 1741 probabam,
1321 1699 1556 1743 iiberzeugen

81 1744 241 1785 konnte3
277 1744 411 1788 quibus
437 1755 512 1777 non
550 1744 822 1790 persuadebam
857 1756 920 1777 me
948 1752 1033 1779 ante
1064 1747 1146 1779 Kal.
1175 1748 1321 1783 Ianuar.
1347 1747 1558 1780 rediturum

82 1803 173 1826 esse.
200 1791 308 1824 scu.
335 1811 380 1817 ——
413 1803 469 1825 me
493 1792 695 1826 esistimari
720 1793 769 1826 ad
794 1792 973 1837 Olympio,
1010 1793 1092 1826 dass
1125 1806 1208 1827 man
1242 1795 1406 1839 gemeint
1438 1795 1557 1838 hatte,

83 1840 186 1873 mich
212 1839 318 1873 hfitte
340 1841 440 1873 bloss
467 1842 630 1885 geliistet
656 1841 717 1874 die
749 1841 1016 1886 Olympischen
1048 1841 1173 1887 Spiele
1204 1854 1249 1876 zu
1282 1843 1411 1878 sehon.
1447 1842 1483 1877 S.
1512 1855 1558 1877 zu

83 1899 142 1933 ep.
169 1888 259 1922 742:
298 1888 481 1933 mysteria.
539 1890 615 1922 Das
652 1889 764 1923 Unam
801 1890 876 1923 und
905 1890 1058 1922 alteram
1091 1890 1210 1934 hangt
1241 1903 1309 1925 von
1345 1891 1559 1933 effugissem

81 1937 137 1969 im
169 1936 328 1981 vorigen
361 1939 469 1970 Satze
502 1937 560 1970 ab.
586 1955 632 1961 —
658 1937 796 1981 turpius
829 1949 910 1970 esse
942 1939 1122 1982 potuisset
1157 1939 1239 1972 viro
1279 1940 1476 1974 consulari.
1511 1958 1560 1964 —-

82 1985 149 2017 sed
172 1982 237 2017 hoc
260 1992 452 2030 tempore,
481 1986 571 2018 aber
596 1984 633 2018 in
660 1985 800 2019 diesem
825 1985 964 2019 hsschst
989 1985 1197 2020 kritischen
1223 1987 1559 2025 Zeitverhiiltuisse,

82 2051 130 2058 -·
154 2028 364 2075 akranam,
395 2033 537 2067 nullam
563 2034 707 2066 habens
744 2034 1042 2078 excusationem,
1075 2045 1144 2079 gar
1168 2035 1276 2070 nicht
1299 2048 1342 2069 zu
1367 2036 1558 2069 entschul-

81 2080 214 2124 digeri,
242 2093 289 2114 zu
314 2082 604 2128 rechtfertigen.
630 2101 675 2106 —
701 2084 763 2125 qui
787 2096 837 2114 z
863 2082 963 2128 quod
989 2083 1020 2116 is
1046 2108 1055 2116 .
1081 2107 1091 2117 .
1118 2105 1131 2117 .
1157 2084 1354 2124 averterit,
1380 2091 1427 2119 st.
1453 2096 1475 2117 a
1498 2096 1560 2118 me

80 2135 224 2162 tantam
248 2129 444 2163 infamiam
470 2130 663 2166 averterit.

179 2179 214 2212 6.
246 2178 446 2221 speciosas,
481 2177 786 2219 einleuchtende,
824 2177 865 2212 in
898 2178 958 2212 die
995 2178 1126 2224 Augen
1159 2179 1347 2223 fallende3
1386 2180 1446 2215 die
1477 2181 1559 2215 sich

81 2224 228 2258 kannei]
263 2226 382 2260 sehen
413 2227 555 2269 lausen3
587 2225 842 2260 ansehnliche.
876 2245 920 2252 —
956 2226 1045 2261 illas
1085 2227 1236 2271 quidem.
1270 2230 1307 2263 S.
1345 2230 1494 2264 Ramsh.
1529 2233 1559 2273 ξ.

83 2274 163 2314 158,
199 2275 234 2311 2,
266 2273 294 2307 f.
331 2293 375 2299 -
409 2274 521 2317 idem,
555 2274 779 2318 gleichfalls.
808 2294 854 2301 ·—
887 2274 977 2309 aliis
1002 2276 1120 2309 literis
1144 2277 1326 2318 attulisti,
1365 2278 1560 2311 monuisti.

83 2339 128 2345 -—
159 2323 250 2353 unde
279 2332 354 2365 par
385 2324 470 2365 pari
502 2324 786 2366 respondeatur,
821 2324 948 2357 woher
982 2335 1069 2358 man
1101 2325 1260 2359 nehmen
1292 2325 1431 2367 Ῑῑόηηο,
1458 2327 1560 2359 Glei-

83 2368 170 2400 ches
196 2369 266 2402 mit
304 2370 503 2404 Gleichem
537 2383 582 2404 zu
619 2371 810 2415 vergelten
844 2373 880 2405 d.
911 2372 936 2405 i.
971 2384 1010 2405 so
1043 2372 1187 2418 richtig
1223 2373 1360 2407 wieder
1393 2385 1435 2408 zu
1471 2374 1560 2406 zah-

83 2417 166 2456 len,
200 2417 251 2449 als
276 2429 361 2451 man
386 2419 558 2452 erhalten
585 2418 662 2453 hat.
720 2420 893 2462 Ernesti,
928 2419 1090 2463 Schi'm,
1126 2423 1344 2457 Liinemanu
1369 2422 1560 2455 erkliirten

84 2474 156 2507 par
179 2464 264 2506 pari
287 2466 352 2499 fiir
378 2467 438 2500 ein
463 2467 734 2501 Einschiebsel.
760 2486 806 2493 —-
838 2466 1138 2515 ὁυσχρηστία,
1175 2471 1457 2512 Geldklemme,
1485 2470 1560 2504 dir-

84 2512 238 2544 ficultas
272 2515 450 2556 pecuniae
484 2522 640 2549 mutuae
671 2515 867 2550 sumendae
901 2529 927 2550 s.
956 2529 1141 2555 versurae.
1169 2519 1276 2553 SCJI.
1313 2536 1356 2544 —
1392 2519 1559 2560 Infrelo

83 2559 227 2593 Siculo.
254 2579 298 2584 —
321 2564 532 2606 providere,
559 2564 623 2596 fiir
647 2564 768 2597 moine
791 2564 981 2598 Schulden
1007 2566 1091 2599 hier
1115 2567 1250 2599 mitten
1266 2567 1335 2599 auf
1349 2565 1434 2599 dem
1453 2568 1559 2599 was-

84 2617 146 2640 ser
183 2619 331 2651 sorgen.
381 2628 427 2636 --
476 2622 650 2655 praesens
682 2612 706 2644 i.
743 2624 772 2645 e.
805 2613 970 2648 Romam
1012 2614 1161 2648 rediens
1201 2615 1330 2660 ibique
1371 2625 1559 2660 praesens.

83 2655 353 2703 Brachylogia.

183 2706 216 2738 7.
244 2716 267 2737 a
292 2706 412 2738 Bruto
437 2708 721 2752 suppeditatum.
747 2725 789 2733 ·-
817 2708 957 2748 horum,
980 2710 1090 2744 Bruti
1116 2716 1154 2743 ct
1180 2709 1305 2744 Cassii.
1331 2709 1366 2744 S.
1394 2710 1472 2744 hui.
1498 2724 1557 2757 ep.

86 2751 120 2793 ᾖ.
149 2754 182 2787 1.
210 2771 252 2778 -
280 2753 367 2797 qaid
390 2778 403 2790 .
431 2777 441 2787 .
470 2756 630 2799 valeant,
658 2758 746 2791 Wos
773 2757 826 2791 sie
844 2758 984 2793 wirken
1003 2758 1135 2796 sollen.
1163 2778 1205 2785 -
1233 2760 1281 2793 ad
1306 2769 1381 2793 rem
1405 2771 1441 2804 p.
1466 2770 1559 2804 cap„
