1795 3086
0 847 7 928 ιἶ

5 917 7 932 ι

4 980 7 1003 l

3 1007 6 1091 ἕ

3 1096 5 1146 ἓ

2 1152 6 1203 !

2 1213 5 1242 Ι

2 1263 5 1290 i

593 86 908 130 EPISTOLA
948 91 1136 134 Dccx.
1514 94 1596 140 101

130 199 236 253 quin
266 201 309 238 et
338 199 507 240 maiora
528 199 860 241 contemnimus.
918 202 1083 244 Calvae
1105 205 1410 246 testamentum
1432 218 1596 260 cogno-

129 255 189 299 vi,
228 253 420 296 hominis
459 256 601 309 turpis
644 270 696 297 ac
735 254 920 296 sordidi.
987 258 1163 299 Tabula
1200 259 1436 302 Demonici
1476 262 1594 315 quod

129 309 212 350 tibi
251 323 383 351 curae
421 315 510 357 est,
547 315 734 364 gratum.
805 311 875 351 De
914 311 1060 353 Mario
1101 314 1260 370 scripsi
1297 317 1384 356 iam
1422 316 1593 371 pridem

129 364 185 404 ad
214 364 497 408 Dolabellam
526 367 879 408 accuratissime:
909 366 1040 407 modo
1072 368 1272 412 redditae
1301 371 1458 413 literae
1487 371 1589 412 sint.

128 419 239 461 Eius
279 435 412 463 causa
448 425 493 462 et
528 422 658 476 cupio
709 427 753 463 et
794 422 948 462 debeo.
1017 420 1166 464 Venio
1216 427 1273 467 ad
1323 428 1588 482 propiorem.

129 476 332 530 Cognovi
372 477 427 518 de
466 477 706 529 Alexione,
756 491 869 532 quae
916 477 1230 520 desiderabam.
1305 482 1484 524 Hirtius
1524 487 1593 524 est

128 537 240 572 tuus.
299 534 508 578 Antonio,
537 545 665 587 quam
703 538 782 579 est,
819 533 920 574 volo
962 533 1088 587 peius
1127 546 1236 574 esse.
1294 536 1364 578 De
1394 538 1448 587 Q.
1480 538 1594 584 filio,

127 592 175 627 ut
204 587 365 629 scribis
394 587 438 629 Λ
476 587 537 629 Μ.
577 588 626 628 C.
686 588 757 629 De
798 594 924 643 patre
962 601 1112 630 coram
1156 601 1346 643 agemus.
1404 593 1594 634 Brutum

126 642 246 681 omni
276 657 334 689 re,
365 656 452 698 qua
481 657 670 697 possum,
699 644 829 698 cupio
859 644 1038 686 iuvare:
1080 643 1205 685 cuius
1234 644 1290 686 de
1319 648 1594 689 oratiuncula

126 697 243 738 idem
273 703 336 744 te,
376 699 495 753 quod
534 712 628 743 me,
666 700 831 740 sentire
870 700 1016 741 video.
1074 698 1162 740 Sed
1191 713 1347 754 parum
1376 701 1594 757 intelligo,

125 754 233 806 quid
273 767 342 794 me
382 755 495 796 velis
536 753 745 801 scribere,
782 755 909 809 quasi
949 768 974 795 a
1013 754 1155 796 Bruto
1195 755 1350 798 habita
1378 759 1594 805 oratione,

125 923 191 956 707
219 927 256 955 et
283 922 362 956 724.
388 921 469 963 684,
495 923 526 956 2.
555 939 597 945 --
624 920 684 964 [si]
712 920 775 954 Sic
800 920 888 961 Md„
916 922 955 954 in
982 933 1056 966 quo
1082 921 1116 955 si
1141 929 1265 956 ortum
1281 921 1433 956 videtur
1459 933 1503 955 ex
1529 933 1594 970 ge-

124 969 252 1002 minat.
283 969 480 1003 literarum
515 979 619 1012 seqq.
657 969 701 1001 is.
752 969 936 1011 Quocirca
962 970 975 1012 [
1023 970 1048 1012 ].
1075 970 1138 1003 sed
1160 971 1234 1003 sint
1259 970 1330 1003 ista
1351 970 1462 1013 parvi
1500 971 1594 1003 Vict.

125 1017 218 1049 Man.
240 1016 368 1051 Lamb.
395 1017 477 1050 Bos.
506 1016 642 1050 Graev.
669 1017 735 1050 sed
757 1021 840 1050 sunt
864 1018 969 1052 Rom.
996 1020 1125 1065 Margo
1153 1019 1255 1053 1584.
1281 1017 1374 1051 Ern.
1398 1017 1483 1051 sch.
1501 1018 1594 1051 Liin.

122 1065 186 1097 sed
207 1064 240 1097 si
265 1065 338 1098 ista
360 1065 668 1107 parvipendimus,
701 1069 800 1098 certe
832 1070 866 1098 et
899 1066 1042 1099 maiora
1080 1070 1170 1099 cont.
1207 1076 1253 1098 ex
1285 1065 1462 1110 inter-pol.
1497 1066 1592 1099 lens.

121 1112 204 1145 Asc.
232 1114 261 1146 1.
298 1114 396 1148 Crat.
448 1111 643 1145 ORELLI.
694 1113 827 1154 „Doch
860 1113 1021 1146 dai-iiber
1052 1125 1151 1146 muss
1184 1125 1269 1146 man
1305 1113 1388 1147 sich
1420 1112 1595 1161 hinweg-

122 1167 266 1203 setzen;
292 1160 498 1194 verachten
524 1159 617 1195 Wir
642 1159 741 1193 doch
767 1160 866 1193 noch
892 1161 983 1194 weit
1009 1161 1247 1194 Gffisseresf‘
1283 1179 1323 1184 —
1363 1161 1507 1194 Calvae.
1558 1162 1593 1194 Is

122 1208 275 1241 videtur
300 1208 414 1241 fuisse
443 1208 562 1241 cliens
591 1208 741 1251 quidam
770 1208 976 1249 Ciceronis,
1005 1209 1068 1253 qui
1094 1219 1166 1241 non
1191 1215 1300 1255 grate
1322 1209 1457 1253 pieque
1484 1215 1594 1242 testa-

122 1262 249 1288 mento
277 1267 360 1288 eum
388 1262 636 1300 prosequutus
663 1261 753 1293 erat,
780 1262 820 1288 ut
847 1255 1017 1300 loquitur
1042 1255 1240 1289 Suetonius
1267 1256 1306 1288 in
1332 1256 1456 1288 Octav.
1486 1268 1518 1290 0.
1536 1258 1592 1291 66.

123 1302 308 1337 GRAEV.
335 1322 376 1326 -
404 1303 570 1344 cognovi,
598 1302 680 1335 hab’
707 1301 772 1336 ich
800 1302 1037 1347 eingesehen‚
1064 1303 1227 1347 gelesen.
1257 1322 1298 1327 —
1329 1303 1505 1336 Tabula..
1527 1309 1590 1343 est.

120 1355 283 1393 gratum,
321 1351 412 1389 „fiir
436 1351 554 1384 Deine
580 1350 807 1397 Bemiihung·
828 1361 963 1397 wegen
990 1350 1054 1384 des
1081 1350 1269 1384 Verkaufs
1292 1350 1360 1383 der
1385 1350 1506 1383 Giiter
1530 1351 1594 1384 des

121 1398 353 1433 Demonikus
381 1397 492 1431 dank'
519 1397 581 1431 ich
609 1398 719 1431 Dir.“
771 1397 947 1445 intellige
980 1399 1026 1431 de
1060 1398 1232 1431 auctione
1264 1398 1421 1431 alicuius
1448 1398 1595 1432 obscuri

119 1446 283 1480 hominis
317 1446 524 1480 Demonici.
577 1445 807 1480 ERNESTI.
859 1445 916 1479 De
943 1447 1080 1489 tabula,
1114 1445 1160 1479 de
1192 1446 1327 1480 Manut.
1363 1458 1462 1491 susp.
1488 1446 1595 1491 prob.

120 1495 253 1527 Graev.
282 1493 368 1527 Sch.
395 1495 433 1526 in
459 1493 528 1526 Ed.
556 1493 642 1527 mai.
669 1494 763 1527 Liin.
790 1493 983 1527 ORELLI.
1018 1513 1054 1519 —
1085 1494 1142 1527 De
1166 1494 1309 1527 Ilffario.
1335 1494 1494 1527 Videtur
1519 1505 1596 1527 esse

120 1542 333 1582 M.Marius‚
360 1542 404 1573 ad
423 1552 534 1585 quem
560 1546 645 1574 sunt
665 1541 845 1586 epistolae
870 1541 950 1574 hui.
979 1541 1034 1575 ed.
1062 1544 1138 1577 126.
1165 1544 1243 1576 182.
1272 1543 1351 1576 452.
1377 1542 1458 1576 458.
1486 1541 1594 1576 SCH.

122 1607 162 1612 -—
191 1589 282 1622 Eius
306 1599 417 1622 causa
443 1593 475 1621 et
501 1590 607 1632 cupio
635 1593 667 1621 et
692 1589 812 1630 debeo,
850 1589 949 1622 denn
974 1589 1039 1623 ich
1068 1590 1130 1622 bin
1156 1588 1344 1624 wirklich
1367 1601 1430 1622 um
1457 1589 1527 1622 ihu
1553 1600 1593 1623 so

119 1637 283 1684 besorgt,
311 1638 363 1670 als
392 1648 428 1670 es
455 1636 580 1670 meine
607 1636 745 1670 Pflicht
771 1636 829 1670 ist.

214 1687 248 1719 2.
272 1684 478 1728 propiorem
504 1684 699 1730 epistolam
726 1684 777 1717 im
805 1685 965 1732 Gegens.
996 1695 1069 1718 von
1094 1685 1315 1729 superiorem
1341 1684 1365 1726 §.
1397 1687 1428 1719 l.
1469 1688 1593 1727 poste-

119 1732 251 1766 riorem
276 1732 349 1765 Md.
377 1745 407 1766 a.
434 1743 506 1765 sec.
533 1745 582 1765 m.
613 1738 650 1765 et
678 1732 819 1766 Mureti
845 1743 959 1776 susp.,
986 1738 1028 1765 ut
1054 1739 1110 1766 est
1136 1745 1168 1766 v.
1197 1744 1228 1766 c.
1256 1733 1334 1766 Lib.
1364 1734 1418 1767 16.
1447 1732 1517 1776 Ep.
1537 1735 1593 1766 11.

119 1779 190 1814 Sed
215 1780 296 1813 Lib.
325 1782 378 1816 16.
405 1780 472 1823 Ep.
500 1781 553 1815 13.
582 1780 744 1813 breviori
762 1780 1011 1824 propiorique.
1044 1780 1116 1813 ΟΕ.
1154 1798 1195 1804 -
1248 1781 1290 1813 de
1314 1780 1506 1813 Alexione.
1556 1779 1593 1814 S.

119 1840 176 1873 ep.
204 1830 283 1868 709,
311 1830 343 1862 Δ.
372 1847 413 1852 —-
443 1828 592 1861 Hirtius
618 1832 668 1861 est
695 1832 787 1869 tuus,
815 1829 881 1860 auf
901 1827 1050 1861 Hirtius
1076 1827 1213 1861 kannst
1228 1829 1286 1862 Du
1313 1827 1462 1869 z'zihlen,
1488 1830 1594 1860 nam-

116 1876 200 1910 lich
237 1877 275 1909 in
312 1875 493 1909 Hinsicht
524 1876 593 1909 der
626 1875 922 1910 Buthrotisehen
956 1874 1085 1909 Sache.
1133 1875 1169 1909 S.
1200 1886 1256 1920 ep.
1284 1878 1366 1919 692,
1394 1879 1424 1910 1.
1453 1877 1534 1914 694,
1559 1877 1593 1910 6.

117 1926 200 1964 697,
227 1926 260 1959 2.
314 1942 355 1947 -
402 1924 507 1967 peius
539 1934 636 1966 esse,
677 1923 791 1967 „dem
819 1923 1001 1957 Antonius
1040 1924 1150 1971 miige
1188 1935 1226 1957 es
1252 1923 1463 1957 immerhin
1497 1922 1595 1957 noch

119 1971 344 2006 schlimmer
369 1971 508 2018 gehen,
543 1973 596 2004 als
623 1983 661 2004 es
687 1970 769 2004 ihm
798 1970 973 2018 ergeht.“
1030 1971 1207 2005 Octavius
1234 1983 1394 2019 gewann
1419 1972 1502 2005 eine
1528 1982 1594 2003 an-

119 2019 320 2053 sehnliche
354 2020 497 2062 Partei;
537 2019 599 2052 die
626 2019 842 2064 Optimaten
866 2019 1109 2052 versteckten
1145 2018 1228 2052 sich
1263 2019 1395 2052 hinter
1423 2019 1496 2052 ibn
1519 2018 1596 2052 und

116 2067 275 2102 suchten
301 2067 367 2100 ihn
393 2080 440 2101 zu
465 2067 673 2102 benutzen:
710 2078 825 2114 yyenn
859 2078 902 2100 er
937 2078 1011 2099 nur
1038 2066 1148 2101 nicht
1179 2079 1226 2101 zu
1261 2067 1393 2100 schlau
1420 2071 1597 2114 gewese'n

116 2118 230 2149 w'aire.
259 2135 296 2141 —
350 2115 405 2148 De
432 2116 470 2150 Q.
491 2115 578 2156 filio
604 2121 676 2148 cet.
704 2115 809 2150 Uber
833 2115 905 2148 den
932 2114 1071 2148 Neffen
1097 2114 1251 2157 Quintus
1280 2115 1345 2148 bin
1368 2115 1434 2148 ich
1454 2115 1597 2149 Deiner·

116 2163 307 2211 Meinung.
359 2163 395 2197 S.
425 2175 482 2208 ep.
509 2164 590 2204 699,
617 2164 650 2198 3.
678 2164 761 2204 704,
786 2163 819 2197 5.
849 2164 931 2203 707,
958 2165 992 2197 Δ.
1021 2163 1103 2205 709,
1129 2163 1160 2197 2.
1192 2182 1234 2189 --
1286 2164 1331 2196 Λ.
1357 2163 1412 2196 M.
1442 2163 1483 2196 C.
1529 2161 1593 2195 Sic

117 2211 190 2245 Md.
217 2212 314 2245 Vict.
343 2213 374 2246 2.
428 2211 524 2245 Sunt
547 2211 640 2244 haec
667 2211 746 2243 scil.
774 2210 933 2257 vestigia
960 2217 1149 2251 notarum,
1176 2211 1309 2255 quibus
1337 2211 1376 2243 in
1396 2210 1505 2244 rebus
1532 2221 1591 2243 oc-

118 2259 339 2293 cultioribus
375 2259 563 2293 interdum
600 2258 772 2292 utebatur
805 2259 948 2293 Cicero.
1000 2258 1080 2292 Del.
1121 2257 1188 2292 has
1230 2266 1334 2292 notas
1375 2257 1468 2291 Ern.
1503 2256 1590 2291 sch.

119 2307 210 2340 Liin.
238 2306 432 2340 ORELLI.
484 2307 617 2340 Bosius
645 2318 664 2340 e
691 2306 864 2354 vestigiis
893 2306 980 2340 cod.
1008 2305 1170 2341 Crusell.
1199 2306 1295 2343 coni,
1324 2306 1420 2351 quod
1442 2305 1590 2346 scribis,

111 2351 223 2394 Ἰλιὰς
254 2355 334 2390 scil.
360 2352 476 2388 κακῶν
500 2355 591 2397 (wie
619 2366 675 2399 ep.
702 2355 784 2395 334,
812 2357 872 2395 3);
911 2354 1104 2389 Gronovio
1129 2354 1319 2399 placebat:
1357 2354 1399 2386 de
1433 2354 1474 2388 Q.
1505 2352 1590 2392 filio

118 2398 214 2441 ἅλις;
243 2402 340 2435 mihi
365 2403 420 2436 M.
448 2403 600 2436 Antonii
625 2402 797 2435 Dextella
820 2402 897 2435 scil.
926 2409 991 2436 est.
1042 2401 1137 2436 Wir
1160 2402 1312 2436 kb'nnen
1332 2401 1402 2434 ihn
1428 2401 1505 2433 also
1527 2401 1590 2433 be-

118 2456 267 2483 nutzen.
293 2468 340 2475 —
390 2450 445 2484 De
469 2455 577 2494 patre
601 2450 692 2484 eius.
719 2451 797 2483 Der
822 2448 925 2484 hatte
951 2449 1156 2488 Schufflen,
1185 2450 1269 2483 sich
1295 2460 1369 2482 von
1393 2448 1462 2482 der
1483 2449 1593 2482 Pom-

120 2498 231 2542 ponia
258 2497 495 2544 geschieden‚
527 2504 667 2531 musste
692 2497 752 2530 die
778 2498 926 2544 Mitgift
950 2497 1209 2545 herausgeben
1236 2510 1270 2529 u.
1298 2509 1324 2530 s.
1353 2508 1402 2530 w.
1455 2515 1498 2521 —-
1552 2495 1594 2528 de

119 2549 213 2578 orat.
242 2544 276 2578 S.
305 2555 361 2589 ep.
386 2548 467 2586 708,
493 2548 525 2582 2.
546 2567 586 2572 -
615 2546 700 2590 quid
722 2556 778 2578 me
803 2546 889 2578 velis
916 2571 922 2578 .
952 2571 960 2579 .
986 2547 1168 2586 oratione,
1195 2545 1316 2585 „was
1343 2543 1407 2576 ich
1432 2544 1592 2578 Deinem

119 2593 334 2640 Verlangen
362 2596 502 2636 gem'a'ss
530 2605 568 2627 so
596 2596 787 2627 aufsetzen
815 2594 925 2633 sone,
962 2594 1016 2626 als
1043 2593 1087 2626 ob
1113 2605 1151 2626 es
1178 2592 1238 2624 die
1264 2602 1336 2624 von
1362 2591 1500 2625 Brutus
1525 2602 1591 2639 ge-

121 2641 273 2674 haltene
307 2640 406 2674 Rede
430 2643 573 2675 w'zire.“
617 2641 775 2676 habitam
808 2643 1012 2674 orationem
1044 2641 1088 2674 de
1122 2641 1149 2673 1.
1186 2640 1225 2671 F.
1260 2639 1444 2673 Gronovii
1491 2651 1588 2684 susp.

121 2688 208 2722 Sch.
236 2689 327 2721 Liin.
381 2687 453 2721 Sed
477 2689 567 2724 edd.
596 2690 708 2724 lectio
733 2689 814 2733 ipsa
842 2689 1050 2735 significat:
1078 2687 1198 2730 „quid
1224 2698 1283 2720 me
1306 2687 1401 2721 velis
1427 2687 1591 2721 scribere

121 2737 337 2777 orationem,
362 2747 453 2780 quae
481 2738 584 2781 quasi
611 2750 630 2771 a
656 2739 771 2771 Bruto
798 2737 855 2778 (iri
884 2734 1090 2781 Capitolio)
1116 2734 1241 2769 habita
1269 2736 1355 2769 siff*
1397 2735 1578 2769 ORELLI
