1795 3086
260 59 345 106 148
538 59 601 102 Μ.
632 58 687 100 Τ.
718 55 1056 101 CICERONIS
1085 55 1453 100 EPISTOLAE.

254 172 357 214 Fuit
385 175 503 213 certe
530 171 702 223 dignus.
761 169 831 211 De
847 167 1106 211 Menedemo
1135 172 1223 221 est,
1253 173 1300 209 ut
1329 169 1499 210 scribis.
1559 171 1715 213 Facies

253 228 397 270 omnia
425 226 534 268 mihi
561 230 679 268 nota.

390 438 704 484 EPISTOLA
740 437 1071 480 DCCXXXII.
1128 438 1203 489 (ad
1233 440 1324 480 Att.
1355 437 1462 481 XV.
1493 438 1581 488 20.)

321 518 401 550 Scr.
427 517 466 550 in
490 516 702 550 Tusculano
729 514 791 547 ΧῘ.
818 513 898 546 Kal.
926 512 1053 555 Quint.
1078 512 1120 547 Α.
1146 515 1191 550 U.
1218 514 1260 549 C.
1288 515 1368 548 71⁰.
1420 515 1473 556 (a.
1501 515 1542 549 C.
1567 513 1646 565 442)

252 585 309 617 De
329 582 510 629 periculis
543 582 600 617 rei
625 581 797 628 publicae
821 579 866 613 ab
889 579 1052 614 Antonio
1080 579 1382 624 imminentibus;
1420 586 1458 614 et
1488 580 1533 614 ‹le
1564 580 1636 614 suis
1660 589 1719 613 rav

687 628 851 662 tionibus
891 628 1146 673 expediendis.
1189 630 1279 667 1-4.

753 713 933 749 CICERO
967 713 1151 747 ATTICO
1176 712 1213 747 S.

360 784 450 838 Egi
480 783 648 838 gratias
682 781 919 824 Vettieno:
962 780 1080 822 nihil
1120 781 1238 822 enim
1276 782 1423 834 potuit
1467 782 1714 824 humanius,

251 841 518 882 Dolabellae
556 837 764 879 mandata
802 839 892 879 sint
941 837 1187 891 quaelibet,
1236 837 1350 877 mihi
1393 838 1590 892 aliquid,
1642 839 1716 879 vel
1775 837 1777 840 ’

251 896 370 950 quod
434 895 593 936 Niciae
623 893 829 936 nuntiem.
898 892 1011 942 Quis
1048 894 1168 933 enim
1206 891 1343 943 haec,
1383 897 1434 932 ut
1473 893 1656 945 scribis,
1686 892 1716 944 †

252 952 439 992 anteno?
476 951 606 992 Nunc
635 949 837 990 dubitare
865 961 1125 1003 quemquam
1154 948 1437 1002 prudentem,
1466 949 1572 1003 quin
1593 962 1716 989 meus

254 1008 476 1048 discessus
518 1006 843 1059 desperationis
891 1005 972 1056 sit,
1013 1018 1102 1044 non
1143 1003 1411 1058 legationis?
1456 1005 1588 1054 Quod
1632 1005 1715 1056 ais,
1738 1030 1753 1038 x-
1794 1031 1795 1034 =

253 1068 456 1104 extrema
492 1061 707 1115 quaedam
745 1061 832 1100 iam
871 1058 1074 1100 homines
1112 1059 1168 1099 de
1214 1072 1261 1100 re
1298 1059 1474 1113 publica
1512 1061 1633 1114 loqui
1672 1064 1717 1100 et
1764 1067 1795 1117 sp

253 1131 329 1159 eos
359 1117 537 1170 quidem
565 1117 688 1157 viros
718 1117 876 1156 bonos:
917 1128 1022 1167 ego,
1066 1128 1152 1168 quo
1182 1113 1256 1154 die
1294 1115 1448 1155 audivi
1481 1116 1612 1155 illum
1640 1119 1714 1170 ty·
1794 1124 1795 1133 ¹

253 1186 435 1214 rannum
470 1172 515 1210 in
539 1171 752 1211 concione
783 1168 1212 1212 CLARlsSIMUM
1241 1169 1452 1210 VIRUM
1481 1170 1716 1224 appellari,

252 1226 544 1269 subdiffidere
573 1227 724 1279 coepi:
767 1231 921 1280 postca
948 1238 1055 1268 vero
1085 1239 1216 1279 quam
1234 1229 1381 1266 tecum
1397 1225 1591 1267 Lanuvii
1619 1226 1717 1267 vidi

251 1288 425 1325 nostros
454 1285 625 1325 tantum
653 1282 748 1336 spei
780 1281 943 1322 habere
973 1281 1031 1323 ad
1059 1281 1322 1332 vivendum,
1351 1284 1560 1336 quantum
1589 1294 1715 1323 acce=n

249 1455 283 1475 z.
311 1441 346 1475 d.
373 1442 424 1474 St.
451 1461 492 1466 —
518 1440 601 1481 suit
628 1453 676 1470 z
701 1438 830 1472 fuerit.
859 1457 899 1463 —
934 1438 991 1471 De
1021 1437 1230 1472 sssfenedemo
1265 1437 1455 1471 Graeculo
1487 1435 1716 1482 nequissi‘mo

248 1490 400 1524 civitate
426 1489 561 1521 donato
587 1487 769 1531 (Philipp.
796 1487 903 1528 XllI,
930 1487 1000 1527 15).
1050 1486 1255 1519 Dicebatur
1279 1485 1422 1519 occisus
1446 1495 1522 1518 esse
1546 1497 1608 1530 ep,
1634 1487 1715 1527 709,
1790 1512 1791 1531 3

248 1539 293 1579 23
318 1537 357 1570 id
382 1536 515 1570 deinde
540 1536 678 1568 falsum
703 1541 757 1567 est
781 1540 976 1579 repertum
1001 1544 1058 1578 ep.
1085 1535 1165 1572 711,
1190 1535 1224 1567 Δ.
1265 1530 1326 1566 Sic
1351 1533 1454 1565 vict.
1480 1533 1577 1567 coni.
1602 1534 1715 1576 Seqq.
1778 1536 1792 1580 s}

249 1586 291 1618 de
314 1596 392 1617 meo
417 1583 509 1617 domi
534 1587 586 1616 est
612 1583 690 1616 Md.
717 1582 853 1614 Demea
885 1581 977 1614 domi
1011 1585 1064 1614 est
1095 1581 1161 1616 ed.
1195 1580 1393 1624 Graeteri,
1430 1580 1511 1614 Asc.
1544 1583 1580 1619 1,
1614 1581 1715 1616 Crat.
1778 1608 1791 1637 '·

250 1632 327 1668 ΟΕ.
378 1633 539 1670 Demea,
565 1631 625 1665 ein
652 1631 762 1664 Sclav
787 1631 958 1665 Cicero's.
984 1628 1019 1663 S.
1046 1640 1104 1674 ep.
1128 1631 1210 1672 590,
1235 1630 1268 1664 2.
1777 1670 1789 1673 .,

346 1702 377 1734 1.
398 1698 580 1733 Vettieno.
604 1697 666 1731 Sic
682 1696 827 1741 scripsi.
858 1696 1004 1730 Veneno
1023 1696 1088 1731 ed.
1105 1696 1144 1728 in
1162 1696 1327 1731 m.1584.'
1358 1696 1516 1731 Vecteno
1536 1698 1628 1730 Cett.
1643 1696 1715 1729 ΟΒ.

249 1748 483 1795 argentario,
509 1745 575 1790 qui
600 1746 640 1778 in
666 1755 707 1778 re
729 1744 949 1789 pecuniaria
973 1744 1135 1778 studium
1161 1755 1268 1778 suum
1295 1750 1333 1778 et
1357 1744 1523 1778 officium
1544 1743 1718 1777 Ciceroni
1776 1744 1789 1777 ³:

1786 1796 1789 1809 l

249 1796 489 1841 probaverat.
517 1794 575 1829 cf.
603 1804 660 1838 ep.
687 1793 771 1829 381.
798 1791 905 1826 SC'H.
931 1811 975 1816 —-
1009 1791 1144 1829 Dolab,
1170 1792 1282 1824 mand.
1318 1791 1354 1826 S.
1379 1804 1465 1825 zum
1491 1802 1568 1825 vor.
1594 1793 1660 1829 Br.
1685 1791 1715 1832 ἓ.

249 1847 281 1878 2.
311 1862 352 1866 -
387 1842 525 1886 aliquid
560 1840 752 1874 mandabit
783 1841 848 1873 vel
881 1839 1046 1876 mandet.
1079 1858 1126 1864 —
1167 1839 1226 1873 vel
1257 1840 1352 1884 quod
1379 1839 1510 1874 Niciae
1540 1839 1714 1879 nuntiem,
1774 1825 1789 1878 Ξ

248 1892 348 1924 w‘are
373 1901 410 1923 es
436 1890 530 1922 auch
555 1900 625 1922 nur
651 1888 733 1921 eine
759 1886 933 1934 gelehrte
964 1887 1167 1934 Neuigkeit
1199 1888 1263 1920 fiir
1296 1887 1421 1920 seinen
1452 1887 1599 1930 Nicias3
1633 1887 1658 1920 i.
1684 1897 1715 1920 e.
1773 1905 1776 1914 ·

247 1938 477 1972 levissimum
505 1938 614 1981 quid,
652 1936 751 1980 quod
777 1946 850 1969 non
876 1936 1062 1981 pertineat
1086 1936 1132 1969 ad
1155 1946 1237 1968 rem
1272 1935 1475 1979 publicam.
1526 1935 1720 1969 Dolabella
1785 1951 1788 1968 ι

248 1986 352 2019 hatte
377 1985 500 2019 diesen
528 1984 739 2024 Griechen‚
765 1983 874 2015 einen
899 1982 1052 2016 homme
1078 1983 1122 2016 de
1147 1983 1262 2016 belles
1288 1984 1435 2025 lettres,
1461 1994 1549 2016 zum
1574 1983 1720 2017 Gesell-
1772 1998 1787 2028 'f

249 2032 415 2067 schafter
441 2033 480 2066 in
506 2033 606 2066 seine
633 2031 792 2065 Provinz
817 2030 1159 2077 vorausgeschickt.
1207 2030 1336 2065 Nicias
1352 2030 1490 2065 befand
1509 2031 1593 2064 sich
1618 2030 1716 2064 dess-
1771 2033 1786 2055 ²=

249 2081 338 2114 halb
365 2081 458 2113 eben
484 2081 523 2112 in
547 2080 683 2114 Athen.
710 2080 743 2113 S.
772 2090 829 2122 ep.
857 2080 938 2119 689,
964 2080 996 2112 3.
1023 2079 1104 2120 588,
1129 2079 1162 2113 3.
1189 2079 1270 2119 544,
1296 2080 1328 2113 2.
1354 2097 1401 2104 —
1431 2086 1455 2122 †
1480 2083 1621 2112 anieno.
1653 2077 1715 2112 sic
1771 2090 1787 2111 ,τ

249 2134 428 2173 corrupte
454 2127 532 2161 Md.
551 2128 668 2161 Oxon.
691 2130 722 2161 l.
739 2128 770 2162 2.
794 2128 875 2159 Asc.
906 2129 937 2160 1.
964 2126 1062 2160 Crat.
1090 2126 1226 2160 Graev.
1243 2127 1395 2164 Ernest.
1421 2130 1522 2160 ante:
1547 2137 1591 2160 ne
1615 2125 1714 2160 Vict.
1770 2142 1785 2160 a

248 2178 351 2210 Man.
377 2175 470 2209 Lall.
497 2180 616 2208 eneeno
644 2176 732 2208 Cod.
768 2174 923 2207 Crusell.
956 2173 1000 2206 ἐν
1033 2172 1139 2218 κενῷ
1176 2175 1259 2208 Βοε.
1292 2174 1388 2208 coni.
1425 2171 1635 2208 λεπτύνει
1669 2174 1714 2207 de
1768 2190 1771 2201 τ

249 2226 278 2258 1.
305 2225 348 2258 F.
378 2224 544 2258 Gronov.
570 2234 664 2267 susp.
690 2221 775 2256 Sch.
804 2223 900 2258 Liin,
926 2225 1007 2254 ante
1029 2232 1092 2255 nos
1117 2223 1243 2255 hamb.
1272 2221 1465 2255 ORELLI.
1492 2218 1714 2256 λεπτύνει.
1767 2231 1783 2256 ὲ,

248 2271 401 2305 Sensus:
441 2270 524 2317 quis
549 2270 643 2304 haec
669 2269 854 2304 subtiliter
885 2275 1109 2313 exsequetur
1141 2277 1204 2303 aut
1237 2269 1439 2313 disquiret,
1475 2281 1570 2313 quae
1602 2279 1669 2314 ego
1693 2280 1715 2302 a
1781 2284 1783 2303 !

247 2319 442 2354 Dolabella
467 2325 508 2351 ut
531 2319 673 2364 legatus
698 2318 776 2351 eius
801 2316 973 2350 mandata
992 2318 1224 2362 acceperim?
1249 2316 1357 2351 SCH.
1407 2317 1616 2352 Vielleieht
1633 2319 1715 2350 ante
1767 2326 1783 2339 ’ἵ

247 2371 393 2406 noscet,
421 2367 525 2400 Wer
551 2366 648 2399 wird
672 2364 816 2400 vorher
840 2364 980 2399 danach
1008 2366 1164 2413 fragen?
1198 2383 1241 2389 —
1282 2365 1386 2398 Nunc
1412 2390 1420 2399 .
1448 2391 1455 2398 .
1481 2390 1489 2398 .
1515 2376 1585 2398 non
1609 2366 1714 2407 lega-

247 2414 383 2448 tionis?
431 2414 553 2448 Wie?
604 2414 692 2447 ietzt
738 2413 846 2446 sollte
886 2410 984 2446 noch
1018 2412 1080 2446 ein
1110 2413 1376 2459 verniinftiger
1408 2413 1566 2447 Mensch
1599 2413 1714 2447 daran

247 2462 423 2496 zweifeln
439 2460 609 2504 konnen,
636 2462 715 2495 dass
729 2459 792 2493 ich
811 2459 915 2493 mich
930 2459 1036 2493 nicht
1053 2461 1157 2495 einer
1172 2461 1356 2507 Legation
1380 2472 1513 2508 weg-en
1537 2473 1600 2496 aus
1611 2462 1714 2494 Rom
1762 2473 1765 2487 1

248 2512 440 2551 entierne‚
467 2509 626 2543 sondern
650 2509 737 2542 weil
761 2507 827 2540 ich
851 2508 952 2541 Alles
970 2508 1156 2555 aufgebe?
1189 2509 1330 2542 infinit.
1347 2509 1663 2557 interrogationis.

340 2559 374 2592 2.
403 2560 564 2590 extrema
590 2557 613 2592 i.
631 2567 661 2591 e.
681 2567 718 2590 se
743 2555 955 2601 desperasse
980 2557 1026 2589 de
1050 2567 1092 2590 re
1117 2556 1278 2602 publica.
1328 2557 1410 2590 Vor
1434 2567 1505 2598 ego
1531 2567 1608 2604 erg.
1634 2565 1712 2588 me-

245 2611 393 2645 mento,
431 2606 535 2639 scito.
569 2622 616 2629 —
648 2616 715 2648 quo
742 2604 814 2639 die.
847 2604 884 2637 S.
911 2604 1058 2637 Ramsh.
1086 2606 1115 2648 §.
1143 2605 1223 2645 159,
1247 2606 1282 2643 3,
1308 2605 1342 2638 d.
1374 2622 1418 2628 -
1452 2604 1556 2637 illum
1589 2607 1711 2648 tyran·
1760 2610 1763 2625 ¹

243 2664 344 2693 num,
378 2653 587 2688 Caesarem.
623 2670 666 2677 —
704 2652 888 2695 appellari
912 2652 958 2685 ab
982 2652 1154 2685 Antonio.
1186 2652 1221 2685 S.
1249 2662 1307 2697 ep.
1333 2653 1416 2694 691,
1445 2654 1474 2686 1.
1502 2652 1581 2689 706,
1608 2654 1638 2685 l.
1667 2669 1708 2675 -

244 2705 406 2739 nostros.
432 2701 484 2735 Μ.
511 2702 670 2736 Brutum
696 2706 733 2735 et
759 2700 941 2738 cassium.
968 2718 1012 2725 -—
1032 2700 1214 2743 j'ortiter,
1241 2701 1308 2734 mit
1335 2700 1427 2734 eben
1447 2699 1530 2733 dem
1546 2699 1710 2734 Helden—
