1795 3086
201 95 294 143 226
482 96 543 138 M.
575 97 630 140 ΤΓ
664 93 1002 140 CICERONIS
1034 96 1404 142 EPISTOLAE

203 222 321 254 rem,
385 209 546 248 iterum
598 219 691 247 rem
740 206 958 261 publicam
1009 221 1246 261 servarem,
1288 208 1477 250 Romam
1524 210 1677 265 utique

204 264 366 305 statim

402 342 415 346 -
445 319 633 357 αἴδεσθεν
657 317 728 365 μὲν
754 316 994 367 ἀνήνασθαι,
1023 321 1157 360 δεῖσαν
1185 319 1220 358 δ’
1247 317 1485 366 ὑποδέχθαι.

201 375 248 415 Is
280 377 423 413 tamen
454 372 546 426 egit
584 384 688 414 sane
725 376 901 414 strenue
940 378 984 414 et
1022 375 1128 428 agit.
1186 374 1375 416 Romam
1403 375 1550 417 veniet
1578 389 1677 417 cum

203 441 331 469 manu
362 441 544 481 magna:
573 429 648 468 sed
677 433 744 469 est
773 429 905 481 plane
933 442 1055 483 puer.
1114 430 1253 471 Putat
1283 433 1481 471 senatum
1510 432 1673 471 statim.

202 483 317 533 Quis
354 483 532 524 veniet?
586 482 635 523 Si
675 483 864 529 venerit,
903 484 1019 537 quis,
1058 485 1244 527 incertis
1285 487 1429 536 rebus,
1480 487 1678 526 offendet

200 538 468 580 Antonium?
517 536 620 579 Kal.
651 538 743 579 Ian.
776 538 864 579 erit
893 538 1085 581 fortasse
1114 541 1364 596 praesidio:
1396 542 1470 581 aut
1499 541 1677 595 quidem

202 599 305 636 ante
347 594 686 648 depugnabitur.
744 594 895 635 Puero
933 596 1176 650 municipia
1215 596 1328 637 mire
1357 595 1524 638 favent.
1584 596 1678 637 Iter

202 651 319 691 enim
358 649 526 690 faciens
566 650 611 689 in
658 649 883 689 Samnium
934 653 1058 691 venit
1104 652 1263 704 Cales,
1312 652 1476 692 mansit
1519 652 1676 692 Teani.

201 704 399 746 Mirifica
436 704 656 755 οἷπάντησις
703 709 747 745 et
787 704 1055 746 cohortatioe
1114 707 1216 746 Hoc
1255 711 1303 747 tu
1345 708 1548 761 putares?
1606 707 1677 748 Ob

202 760 290 801 hoc
333 773 416 815 ego
456 759 589 800 citius
630 758 841 802 Romam,
890 774 1021 816 quam
1063 763 1391 803 constitueram.
1450 760 1589 802 Simul
1634 768 1678 802 et

203 816 494 866 constituero,
523 815 729 856 scribam.
788 815 888 856 Etsi
919 816 1115 856 nondum
1142 817 1452 870 stipulationes
1483 818 1677 871 legeram

204 893 255 900 —
284 886 366 912 nec
395 872 514 912 enim
544 870 660 911 Eros
689 875 873 912 venerat
903 894 953 901 -
994 875 1137 912 tamen
1169 885 1261 912 reni
1291 872 1438 926 pridie
1468 872 1575 912 Idus
1604 886 1678 913 ve-

202 928 283 968 lim
313 926 541 968 conficias
602 927 831 980 Epistolas
872 926 1091 983 Catinam,
1132 927 1497 976 Tauromenium,
1539 928 1677 983 Syra-

203 996 330 1024 cusas
369 981 645 1023 commodius
683 983 860 1022 mittere
899 988 1080 1036 potero,
1124 984 1161 1022 si
1203 982 1416 1024 Valerius
1456 984 1675 1036 interpres

204 1038 262 1079 ad
302 1052 372 1078 me
410 1038 589 1076 nomina
629 1039 927 1091 gratiosorum
965 1038 1211 1091 scripserit
1288 1037 1382 1077 Alii
1420 1039 1537 1077 enim
1576 1043 1674 1077 sunt

202 1094 338 1134 alias:
368 1092 597 1144 nostrique
629 1092 876 1131 familiares
898 1091 1000 1132 sere
1022 1093 1254 1133 demortui.
1310 1093 1500 1133 Publice
1529 1096 1676 1134 tamen

204 1148 379 1203 scripsi2
421 1148 458 1188 si
489 1146 553 1187 uti
584 1147 722 1188 vellet
753 1146 817 1188 eis
848 1146 1085 1189 Valerius.-
1127 1152 1199 1189 aut
1230 1147 1341 1189 mihi
1372 1149 1545 1190 nomina
1576 1148 1676 1188 mit-

208 1323 243 1351 ul
254 1327 452 1359 neg-susc,
464 1317 527 1349 ich
545 1316 696 1350 mb'chte
710 1317 812 1350 mich
822 1317 889 1349 der
900 1316 1021 1350 Sache
1037 1316 1261 1349 annehmen.
1275 1336 1315 1341 —-
1333 1317 1458 1350 statim
1470 1317 1675 1362 properabo

205 1366 268 1398 vel
289 1362 840 1409 properamin—ai'dwffev
861 1362 1206 1407 ,..ΰποόε’χθαι,
1233 1364 1309 1397 wie
1336 1366 1480 1410 ep-252.
1508 1371 1547 1398 ut
1561 1365 1677 1398 Grae-

206 1424 268 1447 cos
303 1413 467 1449 Hectore
500 1419 730 1457 provocante
770 1412 932 1457 pudebat
963 1412 1116 1456 quidem
1154 1423 1342 1451 recusare,
1386 1413 1451 1445 sed
1484 1419 1676 1446 certamen

207 1462 395 1504 suscipere
421 1461 670 1502 verebantur3
707 1460 760 1493 sic
797 1472 856 1493 ine
893 1461 936 1493 ab
963 1461 1163 1494 Octaviano
1198 1460 1243 1492 ad
1278 1471 1357 1492 rem
1383 1460 1572 1504 publicam
1598 1471 1675 1493 ser-

206 1508 363 1542 vandam
390 1508 592 1541 invitatum
618 1507 733 1552 pudet
759 1507 912 1551 quidem
934 1518 1120 1549 recusare,
1159 1507 1223 1540 sed
1247 1513 1373 1541 tamen
1400 1518 1536 1542 vereor
1561 1518 1676 1552 nego-

205 1557 302 1591 tium
330 1556 529 1599 suscipere.
559 1555 776 1589 GORRAD.
807 1555 865 1588 Ex
885 1556 1042 1588 Homeri
1055 1554 1257 1595 Iliad.V11‚
1270 1556 1327 1589 93.
1355 1573 1401 1580 --
1426 1555 1481 1597 Is,
1508 1555 1678 1589 Octavia*-

207 1617 339 1638 nus.-
357 1604 478 1636 statim.
506 1616 526 1637 a
551 1615 589 1637 se
615 1604 702 1650 cogi
727 1613 846 1648 posse.
874 1603 951 1637 cfr:
966 1614 1023 1648 ep.
1037 1603 1230 1638 7691—525
1255 1603 1338 1647 quis
1363 1603 1503 1636 venerit
1517 1603 1555 1635 in
1573 1613 1678 1636 sena-

206 1659 299 1686 tum.
318 1670 360 1676 -—-
388 1651 515 1684 incert.
543 1652 629 1690 reb,
656 1651 715 1684 bei
743 1651 866 1685 dieser
892 1650 1253 1699 ungewissenLage.
1284 1667 1325 1673 «-
1354 1650 1678 1693 Kal...praesidz‘o

207 1700 363 1741 senatui,
398 1711 456 1732 am
494 1702 523 1733 1.
550 1699 687 1733 Ianuar
720 1699 821 1732 kann
855 1710 896 1732 er
930 1699 1016 1732 dem
1052 1699 1164 1732 Senat
1190 1697 1390 1732 vielleicht
1424 1698 1496 1731 den
1523 1697 1677 1731 Riicken

206 1748 360 1781 ‹lecken
388 1766 429 1771 ..„
456 1748 626 1790 depugn.‚
654 1747 745 1780 oder
771 1759 808 1781 es
834 1747 934 1781 wird
961 1746 1058 1780 noch
1085 1757 1205 1780 zuvor
1230 1746 1292 1779 ein
1305 1745 1588 1793 Hauptgefecht
1614 1745 1678 1777 ab·

206 1803 344 1830 setzen-
373 1814 414 1819 -
444 1794 567 1837 cales,
593 1795 686 1828 ietzt
713 1795 831 1829 Calvi.
867 1813 912 1819 -
949 1794 1074 1836 Teani,
1101 1795 1193 1828 ietzt
1219 1793 1337 1827 Tiano
1366 1794 1405 1826 in
1433 1793 1672 1838 Campanien.

210 1863 251 1869 —
277 1839 368 1876 ἇπά
380 1854 513 1885 ντησι
529 1855 563 1882 ς,
590 1843 738 1876 obviam
754 1843 868 1884 -itio,
903 1842 1050 1876 iiberall
1075 1843 1137 1876 ein
1162 1841 1463 1888 Entgegeneilen
1484 1841 1558 1874 und
1586 1841 1677 1873 Auf-

208 1892 363 1925 fordern
390 1903 459 1924 zur
484 1890 807 1934 Verwunderung.
836 1909 882 1914 —
908 1891 1028 1924 Simul
1051 1894 1096 1924 et.
1122 1889 1185 1923 Sic
1212 1890 1283 1923 Md.
1302 1901 1351 1918 Ξ
1376 1890 1485 1921 simul
1510 1900 1553 1922 as
1579 1889 1674 1923 Cett-

208 1946 361 1984 praeter
388 1939 527 1977 hamb,
555 1939 639 1982 qui:
668 1951 715 1968 Ξ
742 1940 849 1972 simul
872 1943 992 1982 atque.
1040 1937 1136 1971 Aliis
1162 1936 1348 1982 placebit:
1376 1937 1483 1969 simul
1506 1940 1564 1977 ut,
1590 1935 1675 1969 aliis

207 1987 452 2032 simpliciter:
480 2001 528 2017 z
554 1986 666 2019 simuL
694 1986 769 2020 ΟΒ.
805 1986 839 2019 S.
868 1986 1017 2019 Ramsh.
1047 1986 1073 2026 §.
1103 1987 1182 2026 179,
1207 1986 1246 2023 B.
1273 1996 1304 2023 a,
1331 1985 1366 2018 4.
1391 1986 1474 2019 Not.
1501 1986 1533 2019 2.

303 2037 333 2069 7.
384 2035 650 2078 stipulatione-9,
675 2034 748 2067 den
775 2034 928 2074 Revers,
963 2033 1048 2067 scil„
1075 2043 1295 2077 sponsorum
1320 2031 1547 2073 Dolabellae,
1574 2030 1675 2063 ‹lebi-
1733 2034 1738 2043 ‘

209 2083 302 2117 toris
328 2082 417 2121 mei,
444 2082 576 2125 quibus
602 2094 638 2116 se
663 2082 788 2115 Idibus
814 2083 978 2115 solutum
1003 2081 1267 2125 promiserant.
1297 2079 1510 2113 CORRAR
1562 2077 1597 2111 S„
1619 2089 1674 2123 ep.

209 2133 289 2169 767,
314 2132 346 2165 5.
375 2131 456 2168 755,
482 2131 514 2164 5.
544 2150 585 2156 —-
609 2131 707 2172 prid.
735 2130 788 2162 Id„
815 2128 1028 2168 Novembr.‚
1057 2130 1111 2162 12.
1138 2127 1358 2162 Novembern
1386 2145 1428 2150 -—
1455 2126 1590 2169 Epist„
1616 2125 1676 2157 die

208 2176 713 2223 Empfehlungsschreibem
741 2177 802 2210 die
829 2187 870 2210 er
894 2177 960 2210 auf
982 2176 1107 2209 Bitten
1132 2175 1194 2208 des
1219 2174 1371 2207 Attikus
1396 2184 1466 2207 zur
1490 2173 1677 2217 Empfehv

209 2227 302 2269 lung
328 2225 391 2259 des
417 2225 587 2257 Valerius
615 2225 810 2269 Interpres
836 2225 1026 2257 aussetzen
1047 2222 1173 2256 sollte.
1224 2221 1395 2255 Valerius
1421 2221 1609 2265 interpres
1637 2223 1674 2252 C,

208 2273 362 2308 Antonii
398 2272 437 2305 in
463 2272 688 2315 Macedonia,
726 2272 799 2305 nisi
832 2272 932 2304 forte
970 2271 1106 2303 Romae
1136 2270 1285 2314 inipso
1320 2276 1459 2303 senatu„
1511 2268 1605 2312 Vide
1632 2268 1676 2300 ad

209 2321 321 2356 Attio.
350 2320 379 2359 Ι,
405 2321 461 2362 12,
487 2321 509 2356 2
534 2321 624 2363 (16).
659 2339 704 2344 -
740 2319 884 2359 catina,
911 2318 1070 2352 Catanea
1095 2318 1134 2350 in
1161 2316 1334 2357 Sicilien,
1361 2316 1456 2349 nahe
1482 2327 1540 2348 am
1566 2317 1674 2348 Atua-

213 2389 253 2394 --
294 2369 480 2406 Taurom,
516 2366 578 2401 das
611 2367 748 2412 ietzige
774 2366 976 2399 Taormina
1013 2366 1052 2397 in
1085 2364 1251 2398 Sicilien.
1305 2384 1345 2389 -
1397 2364 1579 2402 commod„
1607 2363 1678 2396 mit

211 2416 368 2449 mehrer
392 2414 551 2455 Frucht,
575 2414 645 2448 mit
670 2414 783 2448 mehr
807 2414 958 2460 Ersolg„
990 2434 1030 2439 —-—
1064 2413 1316 2455 gratiosorum
1341 2412 1381 2445 in
1408 2412 1486 2445 istis
1509 2411 1674 2444 civitati-

211 2465 291 2505 bus,
317 2463 450 2508 quibus
475 2473 560 2497 eum
586 2461 857 2495 commendasse
885 2461 1017 2506 prosit.
1046 2461 1159 2494 ERN.
1191 2460 1286 2502 „der
1311 2462 1478 2499 MEnner,
1505 2459 1566 2491 die
1586 2459 1676 2491 ietzt

211 2513 299 2545 dort
323 2511 450 2545 vielen
475 2509 641 2545 Einfluss
666 2509 793 2542 haben.
842 2526 881 2532 -=-
933 2509 1016 2542 Alii
1040 2509 1131 2541 enim
1155 2512 1236 2541 sun!
1260 2508 1356 2541 alias
1380 2507 1553 2555 gratiosi,
1578 2505 1674 2538 denn

212 2560 275 2593 das
299 2559 433 2592 {index-t
458 2558 540 2592 sich
565 2557 722 2603 tssdglich.
776 2575 816 2579 —
866 2556 1058 2598 demortui,
1086 2556 1167 2589 sind
1193 2554 1571 2603 hinweggestorben;
1605 2553 1675 2585 seit

211 2607 279 2640 der
304 2607 402 2645 Zeu,
431 2617 490 2640 wo
516 2605 580 2638 ich
604 2606 669 2638 auf
691 2604 849 2638 Sicilien
875 2616 966 2638 war.
1002 2604 1039 2637 S.
1068 2605 1184 2638 Oratt.
1214 2604 1318 2636 Verr.
1349 2623 1391 2629 —
1423 2601 1562 2645 publice
1589 2601 1611 2631 i„
1641 2611 1671 2631 e„

213 2655 255 2687 ad
281 2655 475 2689 universas
499 2653 668 2687 civitates
695 2665 719 2685 s.
748 2663 876 2685 earum
892 2652 1142 2699 magistratus.
1172 2669 1213 2674 -
1240 2651 1388 2684 nomina
1409 2650 1670 2697 gratiosorum.

211 2703 320 2736 Denn
347 2712 419 2735 von
445 2701 598 2734 Briefen
623 2712 668 2734 an
693 2699 793 2734 diese
819 2699 1027 2745 versprach
1066 2710 1107 2734 er
1138 2698 1221 2732 sich
1257 2697 1367 2732 mehr
1393 2696 1599 2741 VVirkung.
1631 2713 1672 2718 -

215 2751 381 2791 mitteret,
409 2749 492 2781 scil.
520 2748 592 2783 dic.
