1795 3086
496 115 807 159 EPISTOLA
846 114 1144 157 DCCLVIII.
1467 111 1554 160 197

90 234 286 284 questum
327 243 422 270 esse
461 240 618 282 negas3
665 239 744 267 nos
783 226 960 280 quidem
1000 227 1088 268 tibi
1121 226 1343 268 credimus
1383 226 1554 280 optimo

92 286 236 326 animo
268 290 311 326 te
341 285 524 326 secisse:
564 283 644 324 sed
674 287 820 323 tamen
851 296 991 335 neque
1013 284 1289 337 agnoscimus
1318 281 1556 338 quidquam

90 355 238 382 eorum
270 347 312 382 et
342 346 384 382 te
414 340 649 390 miramur,
678 351 810 391 quum
832 337 942 377 hacc
967 340 1220 392 reticueris,
1249 349 1335 386 non
1358 337 1556 392 potuisse

90 399 317 438 continere
348 395 619 437 iracundiam
647 398 791 446 tuam,
823 394 930 447 quin
959 393 1083 433 nobis
1111 395 1165 435 de
1185 398 1327 437 morte
1348 392 1557 435 Caesaris

90 454 318 495 obiiceres.
374 452 494 492 Illud
524 464 628 492 vero
666 449 1036 503 quemadmodum
1075 449 1301 491 ferendum
1340 450 1424 501 sit,
1467 451 1559 489 tute
1597 450 1605 467 ‘⁷

92 509 259 561 cogita:
309 522 393 548 non
434 507 568 547 licere
608 506 886 559 praetoribus
926 504 1193 546 concordiae
1240 518 1293 545 ac
1338 504 1559 546 libertatis

91 578 224 605 causa
253 577 333 618 per
360 562 553 604 edictum
584 562 639 602 do
668 575 749 602 suo
779 562 877 604 iure
904 560 1146 611 decedere,
1176 560 1284 614 quin
1313 561 1463 601 consul
1495 572 1561 599 arm

91 634 162 660 ma
191 621 395 661 minetur.
450 618 652 668 Quorum
680 616 846 657 fiducia
873 617 988 658 nihil
1010 620 1101 667 est,
1131 615 1252 670 quod
1272 629 1352 656 nos
1374 620 1561 656 terreasz

91 690 229 729 neque
259 675 371 716 enim
402 674 527 715 decet
556 678 632 714 aut
654 674 864 714 convenit
892 673 1018 715 nobis
1047 671 1248 727 periculo
1279 671 1355 712 ulli
1385 671 1563 711 submit=

91 737 183 771 tere
213 731 404 771 animum
435 734 634 770 nostrum
664 742 806 783 neque
837 734 905 770 est
936 727 1127 769 Antonio
1156 726 1489 782 postulandum,
1518 729 1566 767 ut

91 787 147 827 iis
178 786 389 842 imperet,
419 799 604 839 quorum
636 798 770 838 opera
799 784 914 825 liber
943 789 1023 825 est.
1090 783 1184 825 Nos
1223 783 1263 824 si
1292 782 1384 824 alia
1414 781 1567 822 horta-

92 848 263 894 rentur,
304 846 352 882 ut
380 842 542 882 bellum
572 840 707 881 civile
736 841 951 882 suscitare
993 839 1224 892 vellemus,
1265 839 1426 880 literae
1465 841 1566 878 tuae

91 897 202 938 nihil
241 896 521 952 proficerent.
588 895 721 936 Nulla
760 896 876 937 enim
913 895 1127 937 minantis
1166 894 1411 936 auctoritrs
1449 892 1564 946 apud

91 954 256 994 liberos
286 958 363 993 est.
435 952 525 994 Sed
561 949 746 1005 pulchre
784 951 1000 1005 intelligis
1039 965 1127 992 non
1167 964 1295 1006 posse
1339 962 1419 990 nos
1458 963 1564 1002 quo-⁷

91 1022 221 1063 quam
251 1007 443 1062 impelli:
485 1012 527 1048 et
556 1006 760 1048 fortassis
791 1021 843 1049 ea
872 1021 920 1049 re
950 1007 1187 1049 minaciter
1214 1007 1333 1061 agis,
1374 1010 1422 1046 ut
1451 1003 1565 1044 iudi—

91 1065 207 1104 cium
235 1069 433 1105 nostrum
463 1067 603 1105 metus
632 1063 848 1105 videatur.
915 1063 1011 1105 Nos
1049 1064 1096 1104 in
1133 1063 1220 1103 hac
1247 1061 1467 1104 sententia
1495 1073 1563 1100 su-

91 1133 210 1171 mus,
255 1125 305 1161 ut
332 1124 376 1160 te
407 1120 635 1174 cupiamus
664 1120 710 1159 in
739 1119 880 1160 libera
909 1133 956 1161 re
984 1120 1164 1173 publica
1191 1131 1395 1173 magnum
1433 1120 1567 1170 atque

93 1175 326 1216 honestum
357 1188 479 1223 esse3
509 1188 713 1216 vocemus
743 1179 785 1215 te
814 1174 869 1216 ad
900 1175 1043 1216 nullas
1072 1174 1351 1215 inimicitias=
1393 1172 1473 1213 sed
1501 1176 1568 1213 ta-

92 1245 192 1271 men
231 1231 374 1284 pluris
415 1235 609 1271 nostram
649 1230 924 1283 libertatem,
977 1243 1108 1285 quam
1153 1234 1274 1271 tuam
1325 1227 1567 1269 amicitiam

93 1287 385 1327 aestimemus.
446 1287 518 1328 Tu
549 1288 682 1328 etiam
711 1291 845 1340 atque
873 1288 1007 1327 etiam
1036 1285 1165 1338 vide,
1193 1285 1304 1339 quid
1333 1282 1568 1338 suscipias,

92 1342 196 1396 quid
235 1342 449 1382 sustinere
494 1343 659 1396 possis:
701 1355 866 1396 neque,
904 1356 1034 1396 quam
1074 1341 1151 1382 diu
1189 1340 1353 1382 vixerit
1388 1340 1570 1391 Caesar,

91 1398 170 1439 sed
198 1411 328 1452 quam
358 1411 445 1438 non
471 1397 546 1438 diu
567 1397 787 1452 regnarit,
818 1398 891 1439 sac
911 1399 1092 1453 cogites.
1149 1396 1274 1438 Deos
1292 1407 1570 1450 quaesumus,

91 1530 223 1575 quibus
250 1530 304 1562 uti
334 1531 468 1562 Caesar
494 1529 530 1562 in
556 1529 738 1563 Parthico
762 1530 865 1563 bello
892 1528 1133 1574 cogitaverat.
1160 1526 1366 1563 MANUT.
1394 1545 1438 1550 -
1464 1536 1572 1569 neque

93 1577 325 1620 agnoscimus
351 1577 536 1621 qetidquam
562 1589 702 1619 eorum,
739 1577 847 1611 allein
874 1578 941 1610 wir
975 1576 1160 1610 erkennen
1197 1574 1307 1609 keine
1339 1574 1460 1607 dieser
1490 1573 1569 1606 Au-

95 1626 214 1669 gaben
240 1626 294 1657 als
321 1625 421 1658 wahr
447 1637 507 1659 an.
534 1636 731 1668 agnoscere
756 1633 810 1659 est
837 1626 971 1667 fateri,
997 1635 1068 1658 nen
1093 1634 1299 1667 agnoscere
1323 1633 1463 1669 negare
1489 1624 1567 1668 (ep.

93 1674 128 1707 11.
156 1673 211 1706 cd.
238 1674 334 1714 650).
362 1673 563 1709 MANUT.
592 1693 638 1698 --
665 1679 697 1707 et
722 1689 770 1705 Ξ
797 1675 861 1707 sed
886 1673 982 1707 nach
1008 1683 1129 1716 neque.

188 1722 221 1756 3.
250 1722 349 1754 Illud
375 1722 501 1754 weiset
526 1722 590 1754 auf
615 1722 684 1754 den
718 1722 920 1767 folgenden
948 1719 1233 1755 Obiectsinsmit.
1260 1730 1327 1752 uon
1355 1719 1470 1752 licere
1493 1724 1569 1752 cet.

98 1770 178 1803 hin:
212 1770 320 1810 „dass
345 1780 381 1802 es
409 1781 474 1802 uns
501 1771 680 1803 Pratoren
707 1771 812 1803 nicht
840 1771 987 1804 erlaubt
1012 1769 1091 1802 sein
1115 1764 1239 1809 “solle‚
1272 1779 1336 1800 um
1370 1767 1437 1800 der
1463 1766 1567 1800 inne-

95 1828 159 1850 ren
186 1817 293 1849 Ruhe
319 1817 392 1849 und
419 1818 584 1851 Freiheit
609 1819 732 1851 willeu
760 1819 853 1852 iiber
879 1819 938 1851 die
957 1815 1300 1863 Verzichtleistung
1315 1814 1418 1848 ihtes
1430 1815 1571 1850 Rechts

92 1867 145 1905 (in
170 1865 235 1898 der
262 1866 486 1910 Hauptstadt
517 1879 564 1899 zu
599 1866 777 1910 wohnen)
812 1866 927 1899 durch
962 1866 1070 1898 einen
1101 1864 1348 1897 effentlichen
1381 1863 1571 1906 Anschlag

93 1925 135 1947 zu
171 1914 484 1948 unterhandelu.“
518 1915 561 1947 de
593 1925 658 1947 suo
692 1915 774 1947 iure
805 1914 969 1948 decidere
996 1927 1044 1945 z
1070 1912 1296 1959 transigere,
1332 1912 1499 1957 pacisci,
1532 1917 1571 1944 ut

94 1962 242 2006 legibus
276 1962 504 1995 solverentur
536 1969 574 1995 et
607 1963 652 1995 iis
682 1963 913 1996 concordiae
948 1973 1060 1995 causa
1086 1961 1133 1994 ab
1158 1961 1249 1994 urbe
1272 1960 1400 1993 abesse
1424 1959 1569 1994 liceret.

96 2011 123 2042 A
152 2010 305 2043 consule
330 2017 454 2043 autem
481 2011 741 2055 postulabant,
774 2018 814 2044 ut
840 2011 885 2044 de
910 2022 952 2043 ea
979 2022 1019 2043 re
1045 2010 1092 2043 ad
1117 2015 1286 2042 senatum
1311 2009 1496 2049 referret,
1530 2014 1570 2042 ut

96 2058 174 2091 scil.
202 2059 516 2092 senatusconsulto
543 2059 685 2104 legibus
710 2059 961 2092 solverentur:
995 2059 1031 2091 id
1057 2057 1155 2103 quod
1182 2057 1295 2090 etiam
1318 2058 1487 2090 Antonio
1512 2057 1569 2090 fe·

94 2113 200 2138 rente
227 2107 369 2140 factum
394 2114 461 2140 cst.
498 2107 580 2144 vid.
608 2107 776 2152 Philipp.
813 2108 863 2150 11,
897 2109 952 2142 13.
984 2107 1092 2141 SCH.
1128 2105 1298 2139 decidere
1331 2106 1378 2138 de
1414 2104 1570 2140 Graevii

92 2165 188 2198 susp.
213 2154 300 2188 Sch.
329 2155 365 2186 in
390 2156 459 2188 Ed.
487 2156 573 2188 mai.
599 2157 692 2191 Li'm.
719 2157 910 2189 decernere
938 2155 1000 2189 Cd.
1026 2156 1108 2190 Urs.
1135 2154 1209 2188 Sed
1226 2154 1301 2187 cfr.
1328 2152 1492 2198 Philipp.
1511 2155 1567 2190 1⁰.

94 2203 127 2245 §.
160 2205 191 2236 7.
228 2202 426 2239 ORELLI.
480 2203 596 2248 Vulgo
624 2204 765 2252 legitur
796 2205 973 2237 decedere.
1006 2222 1050 2229 —-
1089 2202 1171 2246 quin
1196 2216 1243 2233 =
1268 2202 1365 2235 ohne
1399 2202 1497 2236 dass.
1525 2220 1566 2226 -—

92 2250 206 2292 peric.
241 2251 307 2284 ull.
337 2251 495 2284 submm.
530 2262 588 2287 an.
615 2263 672 2294 τι,
708 2263 867 2285 unser-en
901 2252 1017 2287 Muth
1052 2263 1123 2284 von
1155 2250 1302 2285 Furcht
1334 2261 1402 2286 vor
1435 2249 1571 2295 irgend

93 2298 194 2330 einer
220 2299 365 2332 Gefahr
391 2300 661 2345 iiber-waltigen
688 2312 733 2334 zu
758 2300 888 2334 lassen.
915 2319 959 2325 —
997 2304 1035 2333 ut
1059 2298 1128 2343 iis,
1162 2299 1245 2335 Md.
1271 2299 1392 2344 Neap.
1419 2299 1502 2333 Asc.
1530 2300 1564 2334 1.

94 2345 187 2377 Vict.
214 2347 249 2381 2,
278 2345 346 2379 Itis.
371 2366 414 2372 —-
441 2347 536 2380 liber
562 2352 635 2390 est,
664 2350 818 2382 Caesare
843 2349 922 2384 scil.
941 2372 951 2389 ,
978 2355 1020 2382 ut
1044 2354 1226 2393 tyranno,
1252 2347 1496 2393 interempto.
1521 2363 1567 2370 --

93 2393 223 2425 literae
248 2398 329 2427 tuae
355 2394 445 2428 nihil
470 2394 623 2439 profic.,
649 2409 688 2430 eo
714 2398 845 2430 wi'irde
871 2397 1037 2430 ohnehin
1066 2396 1126 2430 ein
1150 2396 1378 2438 Schreiben,
1404 2395 1478 2428 wie
1504 2394 1567 2427 das

93 2440 276 2487 Deinige,
303 2442 437 2476 Nichts
464 2444 627 2488 dagegeu
654 2445 884 2479 ausrichten.
912 2464 955 2470 —
984 2443 1156 2489 pulchre,
1182 2456 1250 2489 gar
1275 2443 1448 2485 hUbsch,
1474 2442 1566 2475 mei-

93 2488 264 2520 sternam.
300 2507 342 2514 —
377 2502 446 2524 non
473 2517 480 2523 .
508 2517 517 2525 .
545 2518 552 2525 .
578 2492 738 2536 impelli,
783 2494 866 2527 dass
898 2505 982 2528 man
1019 2505 1083 2527 uus
1115 2494 1222 2527 nicht
1257 2492 1352 2525 nach
1387 2490 1562 2524 Belieben

91 2535 225 2579 irgeud
252 2547 357 2570 wozu
382 2540 527 2572 treiben
555 2540 662 2574 kann.
699 2559 739 2565 —-
776 2552 820 2574 ea
844 2553 903 2583 re,
931 2543 1161 2591 desswegen.
1189 2558 1229 2566 --
1268 2545 1306 2574 ul
1330 2540 1401 2573 iud.
1426 2549 1459 2573 n.
1485 2541 1565 2571 met.

94 2584 183 2624 viel„
221 2583 340 2617 damit
367 2587 461 2626 Das,
499 2600 569 2621 was
595 2589 655 2622 bei
682 2600 749 2622 uns
774 2590 999 2624 Entschluss
1026 2590 1094 2624 der
1128 2584 1366 2633 Uberlegung
1391 2587 1461 2628 ist,
1498 2597 1565 2619 vor

94 2633 158 2663 der
183 2632 284 2664 Welt
308 2633 359 2664 als
386 2635 530 2668 Furcht
555 2637 764 2673 erscheine,
814 2638 960 2671 Iudicio
987 2646 1138 2678 nostro,
1164 2649 1236 2672 non
1262 2646 1451 2669 urniorum
1477 2640 1565 2668 tuo-

92 2691 172 2712 rum
198 2682 336 2713 timore
362 2682 455 2714 nihil
483 2686 564 2717 novi
593 2686 809 2729 cogitamus.
836 2686 1037 2724 MANUT.

187 2729 218 2761 4.
248 2729 375 2762 libera.
426 2731 583 2765 Hier-auf
618 2735 729 2767 ruhet
756 2734 821 2766 der
848 2736 997 2768 Acceut.
1024 2754 1066 2761 -
1103 2734 1298 2771 sustinere,
1323 2732 1392 2766 auf
1416 2731 1564 2767 Deiuen

93 2776 289 2810 Schultcru
314 2784 462 2823 tragon,
496 2781 710 2821 ausf'uhren.
738 2801 780 2808 —
813 2792 914 2826 quam
951 2794 1019 2817 non
1059 2782 1128 2816 diu.
1178 2781 1359 2826 Regnavit
1395 2780 1564 2815 absoluta
