1795 3086
301 58 618 104 EPISTOLA
648 59 999 105 DCCXCVIII.
1028 62 1330 107 DCCXCIX.
1474 62 1568 112 273

84 186 171 215 una
200 171 449 214 fortissimo
493 171 640 212 animo
683 185 776 213 rem
805 173 1033 227 publicam
1062 175 1393 218 administrant.
1452 176 1565 218 Item

83 230 321 283 legionem,
363 242 494 284 quam
531 227 589 277 Q.
621 226 853 269 Caecilius
891 229 1057 272 Bassus
1087 231 1258 285 habuit,
1295 233 1353 273 ad
1389 245 1459 273 me
1489 246 1565 274 ve—

82 285 203 326 nisse
244 284 385 326 scito:
426 287 704 338 quatuorque
744 284 972 337 legiones,
1016 300 1124 340 quas
1163 290 1218 330 A.
1255 287 1461 329 Allienus
1505 301 1565 329 ex

81 342 296 397 Aegypto
337 339 514 391 eduxit,
551 339 744 380 traditas
785 341 840 381 ab
878 354 931 381 eo
970 342 1085 382 mihi
1123 357 1220 385 esse
1247 344 1376 386 scito.
1433 343 1564 385 Nunc

81 400 127 437 te
156 396 468 438 cohortatione
497 407 587 435 non
615 400 724 449 puto
751 394 972 451 indigere,
1010 402 1060 438 ut
1097 410 1178 438 nos
1208 401 1412 442 absentes
1450 413 1564 442 rem-

81 466 167 507 que
205 452 449 507 publicam,
488 456 702 504 quantum
744 456 813 492 est
849 453 896 493 in
937 457 1003 503 te,
1053 452 1279 496 defendas.
1353 455 1482 497 Scite
1520 460 1566 497 te

80 509 201 558 volo,
246 507 377 548 firma
414 505 643 560 praesidia
670 507 818 549 ·vobis
858 508 1121 563 senatuique
1163 520 1261 552 non
1300 512 1469 565 deesse,
1516 515 1567 553 ut

82 564 252 617 optima
300 576 378 617 spe
419 565 465 603 et
503 562 709 604 maximo
745 564 894 605 animo
936 577 1028 605 rem
1066 565 1287 618 publicam
1334 567 1563 609 defendas.

82 618 277 674 Reliqua
305 623 453 659 tecum
485 622 588 672 aget
615 618 670 659 L.
701 618 926 673 Carteius,
970 619 1211 662 familiaris
1240 635 1375 664 meus.
1434 623 1564 665 Vale.

82 676 202 717 Data
230 674 375 716 Nonis
404 673 603 727 Martiis,
634 688 693 715 ex
724 676 886 722 castris
916 674 1174 719 Taricheis.

260 863 583 914 EPISTOLA
611 862 912 913 DCCXCIX.
972 865 1048 917 (ad
1078 866 1185 921 Div.
1216 866 1274 909 X.
1305 869 1394 920 31.)

177 939 259 974 Ser.
286 940 483 975 Cordubae
510 940 626 974 xvn.
654 939 737 973 Kal.
765 938 888 984 April.
916 938 959 973 A.
988 941 1034 987 u.
1061 940 1103 976 c,
1130 943 1211 977 7-11.
1255 942 1301 984 (a.
1331 945 1371 977 c.
1398 943 1474 983 43.)

23 987 25 998 ³
81 1006 247 1041 Excusat
279 1017 341 1047 se,
378 1006 480 1050 quod
513 1006 685 1045 studium
718 1017 811 1054 erga
835 1017 917 1041 rem
942 1007 1142 1053 publicam
1174 1021 1284 1043 suum
1309 1010 1478 1046 nondum
1503 1010 1567 1046 de=

18 1061 23 1073 ¹
128 1054 347 1097 clar-averit,
381 1065 496 1100 seque
521 1055 709 1094 libertatis
744 1056 1025 1140 ricupgrandae
1058 1057 1313 1103 percupidum
1342 1059 1519 1099 ostendit.

386 1174 429 1209 C.
457 1172 657 1211 ASINIUS
684 1173 860 1210 POLLm
896 1175 1133 1212 CICERONI
1159 1176 1195 1212 S.
1223 1178 1270 1213 D.

193 1241 384 1283 Minime
414 1241 576 1282 mirum
615 1241 699 1282 tibi
738 1241 869 1282 debet
896 1241 1045 1283 videri
1085 1242 1203 1285 nihil
1233 1258 1303 1287 me
1332 1247 1569 1302 scripsisse

20 1424 22 1434 ¹
83 1410 218 1446 Beider
238 1410 342 1446 Heer
366 1409 522 1445 bestand
548 1410 626 1444 also
654 1421 718 1444 aus
745 1411 881 1453 25,ssssss
903 1413 1026 1446 Mann.
1081 1430 1123 1448 -.-
1174 1423 1249 1447 rem
1272 1414 1470 1459 publicam,
1497 1416 1570 1451 den

20 1463 24 1494 ἑ
84 1459 342 1495 Staatsdienst.
362 1477 409 1485 —
436 1459 477 1494 Q.
508 1458 692 1493 Caecih‘us
717 1459 871 1499 Bassus,
896 1459 994 1493 nach
1020 1460 1088 1493 der
1111 1459 1401 1497 Pharsalischen
1427 1463 1570 1500 Affaire

22 1540 23 1544 ,
83 1519 170 1542 vom
198 1508 310 1542 C'zisar
335 1506 546 1555 begnadigt
569 1506 647 1539 und
672 1505 771 1547 kurz
797 1518 868 1541 vor
893 1507 1025 1542 dessen
1042 1506 1289 1556 Erinordung
1312 1510 1367 1545 als
1392 1512 1569 1547 Besehls-

21 1552 27 1588 *z
84 1556 205 1589 haber
232 1556 340 1589 einer
364 1555 510 1600 Legion
535 1565 622 1587 zum
648 1554 902 1592 Parthisehen
929 1556 1072 1605 Kriege
1097 1557 1445 1606 vorausgeschickt.
1480 1561 1569 1594 Phi-

86 1604 183 1649 lipp.
210 1603 275 1643 xl,
303 1604 358 1638 13.
386 1602 522 1637 Strabo
547 1602 642 1635 XVI.
671 1602 743 1636 Dio
768 1603 916 1642 XLVII.
941 1603 1102 1650 Appian.
1129 1606 1192 1640 IV.
1219 1625 1266 1631 —
1297 1608 1438 1642 venisse
1462 1609 1568 1644 scito.

26 1655 27 1672 ³
85 1652 157 1686 del.
186 1651 279 1685 scito
304 1650 432 1685 Lamb.
459 1649 552 1684 sch.
578 1650 673 1683 Liin.
725 1669 770 1675 —
821 1650 991 1686 Auienus
1023 1653 1170 1700 legatus
1201 1654 1435 1690 Dolabellae.
1485 1657 1569 1690 Vid.

86 1699 254 1744 Philipp.
281 1699 346 1741 XI,
379 1700 432 1734 13.
465 1716 502 1723 -
537 1708 582 1732 ex
606 1699 792 1743 Aegypto,
818 1709 892 1744 quo
916 1699 1050 1735 missus
1076 1708 1156 1736 erat
1179 1713 1201 1736 a
1226 1703 1430 1747 Dolabella,
1455 1711 1498 1740 ut
1521 1705 1569 1741 ad

9 1738 30 1782 'i
85 1759 124 1782 se
151 1753 312 1793 quatuor
337 1747 426 1781 illas
453 1746 625 1793 legiones
652 1746 870 1783 adducerer.
896 1748 1100 1791 MANUT.

180 1797 212 1838 2.
240 1799 410 1839 quantum
435 1818 444 1828 .
473 1820 482 1828 .
509 1793 546 1827 in
572 1798 618 1828 te.
669 1793 734 1828 Sic
758 1795 833 1829 Md.
870 1805 915 1838 ex
950 1807 1032 1830 mea
1057 1802 1160 1831 certe
1186 1797 1406 1840 collatione,
1434 1801 1567 1848 Margo

28 1877 29 1886 ¹
85 1843 186 1877 Crat.
213 1843 312 1877 Vict.
329 1846 359 1878 l.
387 1843 523 1877 Graev.
550 1842 642 1876 Ern.
670 1841 757 1876 Sch.
783 1843 878 1876 Liin.
904 1848 1075 1888 quantum
1100 1856 1188 1889 opus
1212 1850 1265 1879 est.
1290 1847 1409 1893 Neap.
1430 1848 1516 1883 Asc.
1534 1851 1567 1882 1.

27 1891 30 1919 ἕ
87 1892 187 1926 Crat.
215 1890 311 1925 Vict.
337 1893 368 1932 2.
396 1891 523 1933 Lamb.
549 1890 687 1925 Bened.
716 1891 790 1925 ΟΒ.
840 1909 888 1916 —-
935 1893 1136 1936 praesidia,
1173 1892 1495 1942 Schutztruppen.
1523 1913 1566 1920 -—

28 1947 29 1953 ¹
86 1938 296 1982 senatuique
322 1950 404 1972 non.
449 1939 531 1972 Hoc
567 1949 639 1972 non
674 1949 694 1973 e
720 1940 927 1973 necessario
963 1947 1019 1974 est
1051 1941 1175 1986 suppl.
1210 1952 1283 1976 om.
1310 1938 1382 1977 Md.
1421 1944 1497 1978 ΟΒ.
1522 1962 1570 1969 -

87 1987 278 2030 defendas,
307 1986 514 2020 defendere
540 1987 671 2031 possis.
691 2005 734 2010 —
764 1991 879 2020 tecum
904 1993 1007 2030 aget,
1032 1989 1135 2022 wird
1161 1989 1232 2023 mit
1256 1991 1327 2024 Dir
1350 1991 1568 2026 abmachen.

87 2035 130 2069 L.
159 2034 330 2068 Carteius
362 2034 509 2079 aliquid
550 2034 719 2070 muneris
752 2034 793 2068 in
827 2036 999 2070 exercitu
1033 2036 1152 2071 Cassii
1183 2037 1224 2070 in
1257 2038 1372 2083 Syria
1404 2040 1569 2075 tenuisse

86 2081 248 2117 videtur.
276 2102 319 2108 —
356 2083 452 2117 Νοη.
479 2082 616 2123 Mart„
640 2094 700 2116 am
726 2084 758 2118 7.
786 2085 901 2117 lll‘arz.
928 2101 970 2106 —
1009 2084 1202 2126 Tarichea,
1232 2087 1295 2119 ein
1319 2088 1437 2122 fester
1462 2088 1568 2121 Platz

88 2131 129 2164 in
154 2130 416 2176 Untergalilaa
439 2142 501 2164 am
527 2130 730 2172 siidlichen
753 2131 862 2166 Ende
888 2131 951 2166 des
978 2131 1066 2169 Sues
1084 2133 1341 2179 Genezareth.
1367 2136 1454 2173 Vid,
1470 2136 1567 2170 Plin.

88 2179 135 2213 H.
161 2179 209 2213 N.
235 2179 278 2220 V,
307 2179 363 2214 15.
399 2177 550 2213 sueton.
578 2178 654 2213 Tit.
679 2180 714 2215 4.
751 2179 873 2214 strab.
898 2180 994 2213 XVI.

187 2243 229 2278 C.
264 2244 474 2280 ASINIUS
504 2244 698 2280 POLLIO.
763 2245 900 2280 Caesar
940 2245 1156 2281 Parthicum
1203 2248 1348 2282 bellum
1397 2249 1568 2297 cogitans

90 2292 283 2337 Hispaniis
308 2303 453 2339 quoque
476 2293 614 2327 duabus
631 2293 736 2335 duos,
761 2291 949 2340 Lepidum
969 2295 1156 2338 citeriori,
1182 2294 1569 2341 Asinium¹ulteriori,

90 2347 259 2374 rectores
295 2340 412 2376 dedit.
470 2341 621 2375 Asinius
656 2342 747 2377 vivo
782 2342 903 2376 adhuc
937 2343 1092 2378 Caesare
1130 2344 1170 2376 in
1204 2345 1442 2390 provinciam
1474 2345 1569 2389 ivit;

92 2387 257 2433 Lepidus
294 2388 339 2422 ad
374 2389 507 2423 urbem
543 2389 694 2424 mansit.
745 2391 831 2425 Post
864 2391 1033 2425 Caesaris
1067 2403 1213 2433 necem,
1251 2392 1315 2426 ubi
1347 2393 1570 2436 Antonium,

92 2435 293 2482 Lepidum,
321 2436 565 2470 Octavianum
593 2437 810 2472 coniunctos
836 2439 947 2482 vidit,
981 2439 1025 2473 ad
1052 2451 1180 2474 eorum
1213 2448 1340 2485 partes
1367 2452 1453 2474 cum
1479 2440 1568 2474 dua-

92 2484 159 2516 bus
185 2484 398 2527 legionibus
423 2497 461 2520 se
487 2485 662 2528 contulit,
687 2486 855 2530 primum
880 2488 1070 2521 fortunam
1091 2495 1249 2526 secutus,
1276 2488 1411 2523 deinde
1437 2488 1568 2522 amici-

91 2530 144 2565 tia
165 2542 315 2576 quoque
338 2539 534 2576 permotus
561 2533 733 2568 Antonii.
758 2530 1032 2580 Triumphasse
1058 2548 1144 2571 eum
1169 2536 1214 2571 de
1240 2535 1444 2576 Parthinis‚
1478 2547 1570 2582 quos

93 2580 133 2611 in
157 2579 374 2613 Macedonia
398 2581 554 2623 Plinius,
581 2582 622 2614 in
639 2581 761 2626 Epiro
778 2581 925 2626 Strabo,
950 2584 991 2617 in
1016 2584 1178 2629 Illyrico
1200 2583 1426 2629 Stephanus,
1452 2584 1569 2618 verbo

91 2627 219 2671 potius
247 2638 360 2672 quam
386 2639 428 2662 re
452 2629 607 2670 diversi,
635 2629 835 2670 collocant,
869 2628 921 2664 ex*
939 2632 1046 2666 fastis
1073 2632 1295 2677 Capitolinis
1321 2631 1571 2680 intelligitur.

92 2674 197 2711 Vixit
222 2675 267 2708 ad
294 2682 506 2710 extremum
531 2688 649 2723 paene
681 2678 841 2724 Augusti
871 2679 1141 2726 principatum,
1177 2687 1214 2714 et
1244 2681 1391 2725 primus
1425 2680 1571 2715 Biblio-

34 2730 36 2735 “
91 2721 242 2757 thecam
269 2723 315 2757 de
341 2724 528 2758 manubiis
554 2726 694 2762 Romae
719 2726 932 2772 publicavit
958 2736 994 2762 et
1020 2729 1060 2762 in
1086 2739 1127 2762 ea
1154 2729 1201 2762 M.
1228 2728 1408 2765 Varronis
1433 2727 1572 2776 imagi⁶

159 2800 221 2828 cie.
244 2802 349 2830 Briefe
368 2812 397 2829 v.
418 2803 543 2831 muerb.
582 2803 631 2829 xv,
1114 2781 1173 2822 18
