1795 3086
449 98 768 143 EPISTOLA
798 98 1121 142 DCCCXLIL
1453 96 1547 144 349

63 226 184 254 eram
214 212 310 254 sine
341 212 586 267 equitibus,
618 211 713 253 sine
743 211 973 254 iumentis:
1016 211 1220 253 Hirtium
1259 211 1430 266 perisse
1471 224 1545 252 ne-

64 271 281 310 sciebam:
313 268 497 310 Caesari
527 280 614 307 non
646 267 884 308 credebam
914 268 1053 322 prius,
1081 281 1212 322 quam
1241 267 1547 308 convenissem

63 330 109 365 et
137 325 388 366 collocutus
417 336 575 365 essem.
633 323 726 363 Hic
755 323 851 364 dies
882 323 969 364 hoc
998 324 1133 364 modo
1163 323 1288 365 abiit.
1347 323 1544 364 Postero

65 381 140 421 die
169 393 296 422 mane
327 393 353 421 a
381 380 530 420 Pansa
566 392 665 419 sum
703 378 946 420 arcessitus
986 378 1247 420 Bononiam.
1318 378 1467 429 Quum
1495 377 1546 418 in

65 436 225 477 itinere
266 449 433 483 essem,
485 434 737 475 nuntiatum
774 434 892 475 mihi
932 439 1001 476 est
1037 448 1136 475 eum
1174 439 1395 477 mortuum
1433 446 1547 475 esse.

64 491 258 533 Recurri
299 492 354 531 ad
392 503 513 531 meas
555 491 783 545 copiolas;
823 490 892 532 sic
933 492 1052 532 enim
1081 503 1186 531 vere
1216 503 1291 531 eas
1321 489 1545 545 appellare

67 561 260 601 possum.
321 547 436 587 Sunt
464 546 856 587 extenuatissimae
895 550 941 587 ct
978 545 1131 600 inopia
1168 547 1365 586 omnium
1396 558 1546 586 rerum

65 604 250 657 pessime
280 607 506 656 acceptae.
564 602 714 643 Biduo
743 616 814 643 me
843 602 1082 643 Antonius
1093 602 1348 654 antecessit,
1379 602 1546 643 itinera

65 660 203 699 multo
233 658 404 699 maiora
434 657 625 712 fugiens,
665 670 799 712 quam
839 671 924 713 ego
953 670 1155 722 sequens.
1213 657 1296 698 Ille
1332 658 1451 698 enim
1490 657 1547 697 iit

66 715 245 768 passim,
277 727 358 767 ego
388 714 642 754 ordinatim.
720 713 994 767 Quacunque
1032 713 1101 765 iit,
1143 712 1367 767 ergastula
1395 713 1546 763 solvit,

67 770 265 811 homines
295 770 498 824 arripuit,
530 769 729 810 constitit
758 782 971 824 nusquam
1000 769 1142 822 prius,
1172 782 1305 823 quam
1334 768 1392 810 ad
1413 768 1550 810 Vada

64 826 194 867 venit.
257 825 399 875 Quem
442 827 587 866 locum
624 825 724 867 volo
769 826 851 866 tibi
900 836 996 864 esse
1033 828 1198 865 notum.
1267 824 1394 865 Iacet
1433 825 1549 865 inter

66 882 342 936 Apenninum
386 884 430 921 et
458 881 608 935 Alpes,
652 880 1016 933 impeditissimus
1056 880 1114 921 ad
1151 880 1239 920 iter
1278 879 1545 921 faciendum.

66 938 211 987 Quum
243 938 441 978 abessem
479 938 533 978 ab
565 950 618 977 eo
647 936 786 976 millia
797 949 1023 1000 passuum
1067 935 1255 990 triginta
1292 940 1336 976 et
1374 949 1421 976 se
1458 936 1546 976 iam

66 993 302 1034 Ventidius
332 992 643 1043 coniunxisset,
683 991 839 1033 concio
880 992 973 1032 eius
1011 991 1068 1032 ad
1106 1005 1178 1032 me
1207 995 1274 1032 est
1302 991 1462 1032 allata.
1499 993 1548 1032 in

64 1062 150 1103 qua
180 1052 329 1103 petere
359 1048 508 1101 coepit
538 1061 565 1088 a
593 1048 823 1099 militibus,
854 1052 904 1088 ut
932 1061 979 1089 se
1005 1051 1128 1089 trans
1153 1047 1287 1102 Alpes
1316 1061 1548 1102 sequeren-

63 1111 158 1146 tur:
188 1104 271 1145 sibi
301 1117 401 1144 cum
432 1103 496 1144 M.
521 1103 696 1157 Lepido
727 1104 979 1144 convenire.
1038 1103 1365 1144 Succlamatum
1395 1106 1476 1155 est,
1506 1108 1550 1145 et

70 1162 326 1215 frequenter
363 1172 390 1199 a
428 1159 645 1200 militibus
689 1159 992 1211 Ventidianis,
1032 1182 1085 1189 —
1130 1172 1234 1200 nam
1273 1172 1373 1200 suos
1418 1159 1551 1201 valde

66 1230 197 1270 quam
226 1228 389 1270 paucos
418 1213 550 1255 habet
579 1238 631 1244 --
672 1215 757 1256 sibi
798 1221 873 1256 aut
909 1216 955 1255 in
984 1215 1120 1256 Italia
1158 1215 1426 1268 pereundum
1455 1228 1551 1256 esse

67 1277 144 1314 aut
172 1271 459 1314 wincendum.
491 1274 534 1312 et
563 1283 614 1312 οι
617 1283 692 1312 are
722 1274 977 1327 coeperunt,
1005 1275 1054 1312 ut
1076 1271 1346 1314 Pollentiam
1374 1272 1460 1313 iter
1483 1271 1548 1313 fa-

69 1476 210 1522 poteris
239 1476 472 1524 intellig-ere.
497 1493 543 1500 -
585 1475 661 1508 sine
688 1474 868 1518 iumentis,
896 1474 995 1509 ohne
1021 1474 1224 1509 Packvieh.
1252 1493 1295 1500 --
1339 1475 1549 1510 nesciebam

69 1526 101 1559 E
128 1524 218 1559 cdd.
244 1506 391 1559 Dresd.
406 1529 494 1558 tert.
523 1529 559 1557 et
585 1524 753 1569 Hittorp.
782 1523 942 1556 addunt:
977 1524 1152 1568 Aquilam
1184 1524 1324 1567 perisse
1349 1525 1549 1558 nesciebam

71 1573 244 1609 Weiske
276 1571 410 1606 Bened.
447 1570 536 1604 Sch.
575 1572 614 1604 in
640 1571 711 1604 Ed.
743 1571 831 1604 mai.
864 1571 959 1604 Liin.
1011 1573 1111 1614 Quae
1143 1583 1258 1616 quum
1284 1572 1357 1606 Md.
1384 1573 1550 1620 ignoret,

10 1635 11 1648 π
69 1620 343 1666 interpolatori
375 1618 573 1653 tribuenda
608 1626 730 1653 erunt.
787 1618 884 1653 Sunt
919 1625 1042 1653 autem
1080 1619 1273 1665 desumpta
1306 1632 1350 1655 ex
1384 1621 1464 1654 Lib.
1495 1623 1551 1655 10.

68 1669 138 1715 Ep.
165 1671 223 1704 33.
252 1668 304 1702 ibi
329 1667 492 1701 Hzrtiam
518 1679 653 1712 quoque
676 1678 819 1711 pcnsse
844 1672 877 1700 et
901 1667 1070 1701 Ponlzunz
1095 1669 1281 1713 Aquilam
1333 1669 1390 1702 Ne
1413 1669 1551 1703 Brutus

70 1717 222 1762 quidem
248 1717 302 1750 sic
319 1715 542 1761 scripsisset,
569 1716 653 1749 sed:
681 1715 860 1757 Hvtiam,
886 1715 1062 1759 Aquilam
1085 1716 1223 1760 perisse
1247 1717 1460 1758 nesciebam,
1487 1717 1552 1751 vel

68 1765 235 1800 Hirtium
257 1776 292 1808 p
319 1775 426 1805 nese„
452 1764 636 1807 Aquilam.
667 1763 740 1796 ΟΒ.
767 1781 814 1788 ·-—
850 1763 1017 1803 Caesari,
1043 1764 1254 1798 Octaviano.
1285 1782 1328 1790 —-
1365 1766 1436 1799 Hic
1462 1765 1550 1808 dies,

67 1814 212 1861 primus
239 1812 307 1845 ille
334 1811 424 1850 dies,
453 1830 494 1835 -
535 1812 640 1853 abzit,
666 1812 835 1859 verging
836 1835 846 1853 ,
873 1812 968 1860 ging
992 1812 1167 1846 voriiber.

162 1880 196 1915 2.
222 1878 260 1911 in
285 1878 424 1919 itinere,
449 1879 513 1911 auf
537 1877 621 1911 dem
634 1877 760 1925 W'Vege
787 1890 835 1911 zu
860 1877 958 1920 ihm,
983 1885 1259 1926 unterwegens.
1289 1899 1331 1904 --
1358 1884 1551 1921 extenuat..

69 1930 233 1960 ‘a'usserst
258 1937 474 1959 zusammen
500 1926 791 1974 geschmolzen3
827 1927 923 1959 male
949 1931 1132 1970 acceptae,
1171 1929 1467 1976 ausgemergelt,
1494 1931 1549 1962 af-

71 1976 204 2008 flictae.
215 1992 262 1999 —
288 1974 491 2014 antecessit,
519 1986 582 2008 um
608 1977 630 2010 2
652 1973 755 2019 Tage
780 1985 863 2007 war
880 1974 955 2007 mir
971 1975 1156 2009 Antonius
1183 1987 1330 2011 voraus.
1347 1996 1390 2002 -—
1418 1978 1551 2011 itzffneoa

71 2024 183 2056 multo
220 2022 367 2055 maiora
391 2023 564 2064 fugans,
599 2022 728 2055 indem
762 2033 805 2056 er
838 2023 932 2057 weit
964 2024 1142 2070 griissere
1176 2024 1346 2058 M'arsche
1386 2027 1454 2060 auf
1481 2025 1550 2059 der

16 2071 17 2076 ’
70 2070 212 2105 Flucht
237 2069 399 2106 machte.
449 2071 597 2104 Itinera
613 2071 761 2113 sugere
786 2081 861 2104 non
886 2072 1006 2114 magis
1032 2071 1224 2113 offendit,
1233 2083 1345 2117 quam
1371 2075 1444 2107 iter
1467 2075 1548 2109 ire·

72 2119 250 2164 Scriptor
281 2118 327 2150 de
357 2117 454 2152 Bell.
492 2119 610 2152 Afric.
646 2119 689 2153 6·
726 2119 800 2152 iter
828 2129 998 2162 pergere,
1033 2131 1076 2153 ac
1111 2120 1262 2154 similia.
1294 2122 1432 2156 itinera
1448 2110 1550 2164 fecit

71 2168 183 2201 mallo
208 2177 253 2199 m.
274 2166 433 2208 fugiens
459 2178 503 2200 ex
530 2166 744 2211 interpolat.
773 2166 906 2200 Graev.
932 2166 1019 2202 Sch.
1046 2168 1140 2201 Liin.
1178 2168 1252 2202 GR.
1303 2189 1348 2195 -—
1397 2171 1547 2213 passim,

70 2221 278 2257 zerstreut3
318 2215 528 2254 ordinatim,
564 2215 604 2247 in
629 2214 927 2261 geschlossenen
954 2215 1150 2250 Gliedern.
1199 2218 1340 2261 passim
1364 2218 1388 2251 i.
1418 2230 1448 2252 e.
1477 2229 1551 2252 non

19 2278 20 2284 ¹
72 2263 265 2297 instructis
292 2262 500 2303 ordinibus,
533 2269 574 2295 ut
598 2262 716 2296 libere
743 2269 780 2296 et
805 2263 968 2296 celerius
995 2263 1071 2297 eius
1097 2264 1243 2298 milites
1269 2265 1344 2301 iter
1368 2268 1546 2301 facerent.

19 2327 21 2343 ,ι
76 2310 295 2345 WEISKE.
316 2329 363 2334 —
396 2311 603 2353 ergastula,
632 2322 819 2354 carceres,
847 2311 887 2345 in
912 2311 1046 2356 quibus
1072 2311 1339 2348 detinebantur
1363 2314 1475 2348 servi.
1503 2333 1547 2340 --

21 2400 22 2407 ἵ
71 2360 193 2402 solvit,
220 2358 368 2403 aperuit
395 2359 417 2391 i.
442 2371 474 2392 e.
504 2358 682 2391 liberavit
707 2359 873 2394 servitia.
909 2378 949 2384 ·——
991 2360 1096 2393 Vada
1122 2360 1284 2404 Sabatia,
1312 2361 1547 2395 Sabatiorum

73 2417 222 2451 campos
259 2406 443 2451 palustres
481 2405 822 2447 (Marschla'ndern)
852 2418 976 2452 prope
1012 2408 1196 2453 oppidum
1230 2411 1465 2444 maritimum
1510 2412 1549 2444 in

73 2467 136 2488 ora
162 2454 351 2488 Genucnsi
375 2453 505 2488 Sabata
532 2454 687 2488 dictum.
736 2455 818 2488 Vid.
846 2467 903 2500 ep.
928 2456 1011 2497 814,
1037 2458 1071 2492 3.

168 2523 202 2556 3.
229 2522 350 2554 millia
369 2533 468 2565 pass.
498 2523 591 2564 trig.
620 2535 668 2553 :t
694 2524 715 2556 7
736 2522 792 2556 bis
818 2524 839 2558 S
866 2522 1057 2558 Deutscbe
1082 2524 1234 2558 Meilen.
1268 2542 1306 2547 —
1362 2522 1548 2557 Ventidius

24 2595 25 2598 η
73 2570 313 2603 coniunxisset
339 2581 424 2602 cum
453 2570 626 2604 Antonio.
678 2570 734 2603 Cf.
764 2582 821 2615 ep.
848 2573 931 2613 814,
954 2574 987 2606 3.
1016 2591 1062 2596 —
1112 2572 1236 2605 concio
1262 2573 1350 2612 etas,
1385 2571 1446 2605 die
1472 2572 1547 2605 An—

74 2619 163 2651 rede
189 2617 254 2652 des
280 2618 461 2651 Antonius
488 2630 534 2651 an
560 2617 679 2651 dieses
704 2619 948 2653 verbundene
976 2620 1087 2653 Heer.
1126 2638 1169 2643 ——
1218 2624 1321 2652 trans
1356 2619 1472 2663 Alpes
1502 2621 1548 2653 ad

75 2665 210 2710 Lepidi
235 2671 367 2705 castra,
396 2666 435 2698 in
461 2665 637 2698 Galliam.
665 2684 711 2690 ——
744 2667 817 2699 sibi
841 2678 869 2700 c.
898 2668 936 2700 L.
966 2667 1167 2708 convenire,
1194 2680 1234 2701 cr
1259 2668 1312 2700 sei
1338 2667 1409 2700 mit
1434 2669 1546 2713 Lepi-

74 2714 140 2747 dus
169 2714 304 2747 bereits
331 2714 631 2747 einverstanden.
662 2732 706 2738 -—
744 2716 999 2748 succlamatum
1029 2720 1096 2754 est,
1124 2716 1169 2748 da
1195 2715 1327 2749 wurde
1354 2715 1437 2747 ihm
1466 2723 1548 2749 ent-

76 2773 199 2809 gegen
227 2761 461 2809 geschricen.
492 2781 535 2787 —-
564 2763 717 2806 etsreq.
748 2764 909 2807 quidem.
940 2783 981 2788 «-
1011 2763 1241 2807 Pollentiam,
1269 2763 1351 2796 eine
1376 2763 1484 2797 'Stadr
1509 2766 1548 2796 in
