1795 3086
213 111 529 156 EPISTOLA
561 112 939 158 DCCCXXXV.
968 115 1327 160 DCCCXXXV
1330 120 1365 162 1.
1449 117 1543 166 339

58 227 175 267 istuc
206 238 441 267 recurrere
468 239 557 267 non
586 225 834 279 dubitabit,
872 240 926 268 ne
966 241 1056 281 quo
1098 229 1200 270 loco
1239 230 1306 270 rei
1336 231 1542 285 publicae

57 281 189 324 desit.
255 281 402 323 Meam
452 281 720 337 dignitatem
776 284 1131 324 commendatam
1179 284 1370 336 habeas,
1417 300 1541 342 rogo.

55 338 391 393 Concupiscere
428 351 498 378 me
537 336 656 378 nihil
699 341 901 391 oportet:
939 337 1083 380 habeo
1125 343 1170 381 tc
1209 344 1253 382 et
1291 343 1542 384 amantissi-

54 407 172 434 mum
201 393 291 435 mei
320 398 380 439 et,
420 392 541 448 quod
569 392 737 448 optavi,
778 406 974 434 summae
1017 396 1312 438 auctoritatis.
1370 398 1446 439 Tu
1473 398 1542 440 vi-

54 449 204 503 deris,
246 452 458 503 quantum
497 452 542 490 et
579 448 758 503 quando
797 454 924 490 tuum
960 463 1118 491 munus
1160 452 1278 506 apud
1315 467 1385 495 me
1423 453 1540 498 velis

55 518 167 546 esse.
224 505 424 547 Tantum
451 507 496 545 te
527 517 653 559 rogo,
683 503 731 545 in
761 505 909 546 Hirtii
939 505 1090 546 locum
1118 520 1189 548 mc
1218 509 1379 551 subdas
1409 515 1453 553 et
1481 510 1539 553 ad

55 565 179 603 tuum
207 574 407 604 amorem
437 564 485 601 et
516 560 573 602 ad
601 574 746 602 meam
776 561 1120 604 observantiam.

174 782 496 828 EPISTOLA
524 783 925 826 DCCCXXXVI.
982 783 1061 834 (ad
1091 782 1198 825 Div.
1228 782 1289 826 X.
1320 785 1408 835 26.)

230 861 311 897 scr.
337 863 480 898 Romae
505 873 632 897 mense
658 862 768 896 maio.
795 863 838 896 A.
866 862 912 897 U.
940 860 981 896 c.
1009 863 1090 897 711.
1139 862 1188 903 (a.
1217 862 1257 896 c.
1284 863 1362 906 43.)

54 934 188 968 Furnii
215 946 514 980 praeproperam
538 934 824 969 festinationem
861 934 907 968 ad
933 940 1152 980 praeturam
1178 934 1381 979 petendam
1408 947 1543 981 repre-

100 982 233 1017 hendit
258 989 474 1027 monetque,
509 989 550 1017 ut
575 983 700 1029 potius
736 982 868 1016 absens
903 989 1040 1031 pergat
1071 983 1116 1016 de
1151 993 1194 1016 re
1219 983 1373 1028 publica
1399 984 1493 1019 bene

647 1031 799 1066 mereri.
831 1033 953 1066 1—3.

441 1103 488 1136 M.
515 1100 694 1136 CICERO
722 1101 760 1136 S.
788 1102 833 1139 D.
863 1101 904 1136 C.
932 1101 1132 1136 FURNIO.

160 1169 314 1211 Lectis
345 1170 434 1210 tuis
464 1170 624 1223 literis,
664 1170 824 1223 quibus
863 1169 1125 1211 declarabas
1164 1173 1239 1212 aut
1267 1172 1539 1214 omittendos

51 1224 364 1268 Narbonenses
397 1230 472 1267 aut
500 1240 598 1267 cum
629 1227 829 1279 periculo
860 1226 1190 1279 dimicandum,
1231 1228 1352 1268 illud
1391 1230 1536 1283 magis

52 1282 204 1323 timui:
234 1282 355 1337 quod
384 1282 571 1323 vitatum
599 1295 688 1322 non
718 1282 905 1322 moleste
935 1281 1048 1323 fero.
1117 1282 1253 1332 Quod
1284 1283 1340 1324 de
1370 1284 1536 1325 Planci

53 1343 97 1378 et
125 1337 259 1378 Bruti
289 1338 534 1378 concordia
561 1338 737 1384 scribis,
766 1338 814 1377 in
843 1350 895 1378 eo
924 1337 997 1379 vcl
1017 1337 1259 1379 maximam
1281 1353 1400 1393 spem
1419 1354 1538 1394 pono

51 1392 286 1435 victoriae.
345 1392 417 1434 De
447 1393 686 1435 Gallorum
727 1393 879 1434 studio
909 1406 990 1434 nos
1021 1393 1263 1448 aliquando
1293 1408 1537 1450 cognosce-

49 1463 161 1496 mus,
198 1453 248 1490 ut
287 1450 467 1502 scribis,
512 1448 638 1490 cuius
680 1448 729 1489 id
768 1462 906 1504 opera
942 1449 1138 1490 maxime
1178 1449 1426 1492 excitatum
1456 1453 1533 1492 sit.

50 1505 142 1547 Sed
169 1505 274 1552 iam,
300 1504 416 1546 mihi
446 1505 594 1553 crede,
633 1506 940 1560 cognovimus.
998 1504 1161 1562 Itaque
1199 1506 1537 1550 iucundissimis

49 1675 131 1709 dass
169 1685 214 1709 er
245 1674 338 1709 ietzt
372 1672 484 1707 nicht
518 1673 620 1708 beim
645 1674 792 1718 Heere,
826 1674 991 1710 sondern
1023 1675 1092 1709 der
1128 1675 1365 1712 Gesundheit
1399 1689 1538 1726 wegen

49 1722 148 1757 nach
172 1723 269 1758 Rom
294 1722 504 1767 abgereiset
528 1722 598 1763 ist,
633 1733 696 1757 wo
733 1734 774 1757 er
799 1722 936 1757 iedoch
970 1723 1025 1757 als
1053 1724 1187 1758 Pr'a’tor
1219 1725 1383 1760 urbanus
1409 1726 1537 1775 th'atig·

48 1783 141 1807 war.
176 1789 217 1796 —
265 1771 372 1812 istuc,
399 1768 540 1804 hieher
565 1771 722 1805 zuriick.
760 1791 802 1796 —-
853 1782 898 1805 ne
923 1782 991 1816 quo
1017 1773 1098 1805 loco
1126 1773 1180 1806 rei
1201 1774 1300 1816 publ.
1327 1775 1422 1808 desit
1448 1774 1473 1808 i.
1503 1786 1533 1809 e.

48 1825 185 1854 neutro
212 1819 310 1859 loco,
336 1830 429 1862 „um
455 1829 495 1852 so
515 1819 647 1866 wenig
670 1818 759 1853 hier
783 1818 836 1853 als
861 1820 902 1852 in
917 1819 1013 1854 Rom
1039 1820 1143 1855 seine
1170 1821 1358 1856 Pflichten
1382 1824 1448 1856 fiir
1473 1822 1536 1856 die

47 1866 243 1914 Republik
268 1879 318 1901 zu
349 1868 613 1902 vers'aumenf‘
664 1867 722 1900 Er
746 1879 830 1902 war
857 1866 1108 1913 Stadtpr'aitor.
1139 1888 1183 1893 —
1219 1881 1382 1904 summae
1408 1875 1538 1904 aucto-

14 1932 15 1935 *
48 1916 126 1958 rit„
151 1915 229 1948 und
253 1915 366 1949 einen
391 1916 503 1948 Manu
530 1915 599 1949 der
623 1915 813 1950 hochsten
840 1915 1005 1950 Gewalt.
1034 1935 1076 1942 —
1116 1917 1170 1951 Τιι
1194 1918 1343 1959 videris,
1367 1919 1427 1952 Du
1452 1919 1536 1952 1ηὸ-

47 1970 132 2012 gest
158 1974 362 1997 ermessen.
389 1982 432 1988 —
470 1967 569 1996 tuum
593 1974 730 2006 manua,
757 1964 877 1999 Deine
904 1964 1016 1999 Giite.
1044 1983 1088 1988 —
1124 1966 1165 1999 in
1189 1966 1312 2000 Hirtii
1337 1968 1457 2000 locum
1482 1978 1538 2001 me

45 2011 192 2052 subdas,
219 2013 349 2044 r'aume
374 2011 450 2044 mir
475 2012 515 2044 in
541 2011 723 2046 Hinsicht
748 2012 894 2046 Deiner
910 2012 1028 2046 Liebe
1054 2013 1132 2047 und
1157 2014 1307 2048 meiner
1330 2014 1537 2049 Hochach-

45 2066 144 2108 tung
170 2059 235 2094 des
262 2058 412 2093 Hirtius
438 2058 560 2093 Stelle
592 2059 633 2092 in
665 2060 826 2094 Deinem
863 2061 1018 2094 Herzen
1053 2061 1127 2095 ein.
1163 2062 1188 2100 i,
1217 2074 1247 2096 e.
1281 2063 1403 2096 velim
1436 2063 1536 2097 mihi

8 2115 10 2152 ᾗ
49 2108 212 2142 eundem
236 2107 277 2140 in
303 2118 432 2142 amore
458 2113 522 2142 tuo
548 2108 676 2142 locum
702 2108 858 2149 tribuas,
896 2119 968 2153 quo
994 2107 1144 2143 Hirtius
1177 2110 1275 2156 apud
1301 2117 1339 2145 te
1363 2111 1450 2154 fuit,
1485 2113 1537 2145 ti-

8 2153 10 2190 l
46 2155 160 2200 bique
197 2155 421 2202 persuadeas
456 2167 517 2190 me
553 2156 596 2189 in
634 2156 873 2192 observantia
903 2168 996 2205 erga
1030 2163 1068 2192 te
1100 2157 1206 2192 nihil
1241 2159 1275 2192 ei
1312 2160 1533 2194 concedere.

9 2230 11 2265 ¹
141 2251 349 2287 Ffflzmo.
401 2251 438 2286 s.
467 2264 525 2298 ep.
550 2253 621 2288 827
646 2252 701 2286 im
726 2253 813 2286 Ans.

144 2301 175 2334 1.
211 2301 286 2334 tuis
321 2300 456 2341 literis,
495 2301 564 2334 der
590 2300 703 2334 nicht
728 2300 841 2334 mehr
866 2299 1089 2335 vorhanden
1115 2302 1175 2336 ist.
1228 2323 1273 2328 —-
1325 2308 1388 2337 aut
1414 2304 1531 2337 omitt.

14 2309 226 2389 kNarbon„
263 2347 360 2390 „ihr
390 2351 549 2383 miisstet
583 2349 779 2382 entweder
813 2349 876 2382 das
908 2349 1238 2385 Narbonensische
1271 2352 1425 2385 Gallien
1451 2353 1532 2385 auf-

15 2394 18 2424 ]
77 2395 216 2439 eben;“
242 2406 304 2429 wo
330 2395 415 2429 sich
447 2397 540 2432 ietzt
566 2396 628 2430 die
654 2397 777 2431 Heere
802 2397 865 2431 des
892 2397 1060 2442 Lepidus
1086 2398 1164 2431 und
1189 2400 1376 2433 Antonius
1402 2400 1531 2433 befan-

17 2438 19 2445 '
47 2406 132 2477 ἔθη.
160 2464 203 2470 -—-
231 2444 338 2484 illud,
365 2444 446 2478 scil.
472 2456 520 2479 ne
546 2445 740 2491 cogereris
766 2456 852 2478 cum
878 2445 1053 2490 periculo
1080 2446 1272 2482 dimicare.
1313 2447 1530 2482 GRONOV.

9 2491 21 2578 Γ
48 2491 236 2536 interpr.:
272 2503 320 2526 ne
348 2493 574 2527 omitteretis
600 2492 878 2534 Narbonenses,
912 2493 1013 2538 quod
1038 2505 1112 2528 non
1137 2497 1271 2528 fecisse
1303 2506 1370 2529 vos
1396 2496 1530 2530 laetor.

17 2537 21 2572 ὲ
48 2557 91 2563 —-
130 2539 174 2572 de
197 2539 331 2573 Planci
368 2545 399 2573 et
426 2541 577 2575 Decimi
609 2541 721 2574 Bruti
753 2542 962 2575 concordia.
1013 2543 1101 2590 vgl.
1131 2555 1189 2588 ep.
1217 2545 1298 2586 830,
1325 2546 1359 2578 1.
1386 2545 1470 2587 816,
1498 2546 1529 2577 1.

19 2573 94 2611 ⁸—-
124 2587 256 2629 studio,
292 2587 650 2636 „Anhanglichkeit
684 2588 752 2621 der
786 2589 937 2622 Gallier
977 2601 1024 2622 an
1057 2594 1168 2625 uns.“
1217 2591 1274 2624 Er
1316 2591 1436 2625 meint
1466 2592 1529 2625 die

19 2630 25 2671 l
48 2634 287 2669 Einwohner
312 2636 377 2670 des
404 2635 749 2682 transalpinischen
775 2636 962 2679 Galliens,
988 2639 1028 2670 in
1054 2638 1246 2674 welchem
1272 2639 1435 2674 Furnius
1456 2640 1528 2674 Le-

47 2689 113 2729 gat
139 2683 202 2717 des
229 2683 389 2717 Plancus
415 2697 507 2719 war.
543 2706 586 2711 -—
638 2685 880 2727 cognorimus,
917 2685 981 2718 das
1008 2686 1147 2720 wissen
1172 2687 1248 2721 wir
1272 2687 1412 2730 sch0n;
1447 2688 1528 2721 dass

25 2731 216 2765 ‘n'a'mlich
239 2733 298 2766 Du
324 2732 419 2766 diess
446 2733 611 2768 crwirkt
636 2733 741 2775 hast,
775 2739 838 2765 tua
870 2732 1057 2767 videlicet
1092 2745 1207 2779 opera
1242 2734 1339 2769 illud
1364 2737 1531 2769 studium

47 2780 252 2813 excitatum
279 2792 368 2814 esse.
398 2800 443 2806 -
486 2782 615 2824 ltaque
641 2796 688 2814 z:
715 2780 802 2814 aber
828 2781 921 2814 eben
947 2780 1177 2829 desswegen.
1214 2801 1255 2807 —-
1297 2784 1333 2816 in
1361 2789 1530 2817 extremo.

993 2834 1127 2878 22*

16 2716 27 2814 ,ῳ-ῥ,

7 2925 17 3086 -ψ--ψ-
