1795 3086
217 69 312 119 350
492 69 556 113 M.
589 70 646 112 T.
676 67 1017 112 CICERONIS
1058 68 1435 113 EPISTOLAE.

218 186 384 226 cerent.
444 181 592 232 Quum
621 181 841 222 sustinere
869 195 944 223 eos
967 194 1055 223 non
1077 185 1242 237 posset,
1272 181 1317 221 in
1339 186 1564 236 posterum
1588 184 1708 226 diem

218 243 307 282 iter
336 252 462 281 suum
491 237 694 278 contulit.
752 237 851 278 Hac
880 251 931 279 re
960 238 1073 279 mihi
1091 238 1309 288 nuntiata,
1340 239 1492 279 statim
1521 240 1710 295 quinque

218 296 428 339 cohortes
465 293 736 335 Pollentiam
779 293 990 347 praemisi
1032 307 1263 349 meumque
1303 294 1390 334 iter
1427 308 1481 336 eo
1526 298 1708 337 contuli.

218 354 348 394 Hora
375 353 475 392 ante
502 348 778 404 praesidium
807 362 955 391 meum
975 350 1254 393 Pollentiam
1274 350 1411 403 venit,
1441 364 1573 405 quam
1593 353 1710 394 Tre-

219 408 376 450 bellius
404 419 507 447 cum
537 406 771 461 equitibus.
829 406 944 447 Sane
988 420 1121 461 quam
1156 420 1254 447 sum
1292 406 1496 460 gavisus:
1539 407 1587 449 in
1623 407 1708 450 hoc

218 465 336 506 enim
363 462 603 506 victoriam
632 465 738 516 puto
767 462 1026 503 consistere.
1086 464 1139 504 In
1169 476 1293 517 spem
1322 466 1549 515 venerant,
1590 464 1710 518 quod

219 533 361 575 neque
390 519 555 560 Planci
589 522 798 573 quattuor
826 518 1022 572 legiones
1054 519 1257 560 omnibus
1286 520 1378 561 suis
1409 519 1553 572 copiis
1580 533 1711 574 pares

217 577 549 618 arbitrabantur
576 587 719 629 neque
750 586 805 615 ex
832 573 969 616 Italia
998 578 1089 616 tam
1118 575 1327 617 celeriter
1348 576 1590 617 exercitum
1618 581 1710 617 tra-

217 633 296 674 iici
325 646 454 687 posse
495 631 752 672 credebant.
822 628 948 679 Quos
988 630 1075 684 ipsi
1114 631 1261 672 adhuc
1298 633 1408 674 satis
1446 636 1712 686 arroganter

219 689 495 743 Allobroges
525 688 834 742 equitatusque
863 686 1022 739 omnis,
1060 687 1136 741 qui
1177 700 1231 728 eo
1259 688 1529 742 praemissus
1559 693 1656 730 erat
1684 701 1711 730 a

218 746 371 798 nobis,
417 744 714 795 sustinebant3
757 745 997 798 nostroque
1038 742 1226 784 adventu
1274 744 1482 785 sustineri
1530 743 1709 785 facilius

218 815 349 856 posse
378 799 660 842 confidimus.
721 799 912 845 Tamen,
952 799 993 839 si
1031 813 1117 853 quo
1156 800 1291 840 etiam
1321 812 1428 841 casu
1456 799 1632 841 Isaram
1661 814 1710 842 se

218 858 496 910 traiecerint,
527 869 582 897 ne
611 855 730 911 quod
758 856 1076 896 detrimentum
1116 855 1183 897 rei
1221 856 1426 910 publicae
1464 856 1709 911 iniungant,

215 927 387 956 summa
430 926 458 954 a
497 912 624 954 nobis
665 912 844 953 dabitur
887 924 1035 965 opera.
1113 911 1210 952 Vos
1259 925 1469 967 magnum
1511 912 1709 953 animum

215 971 517 1026 optimamque
545 981 668 1023 spem
699 968 756 1009 de
796 980 967 1008 summa
1010 981 1061 1008 re
1090 968 1268 1023 publica
1298 968 1465 1010 habere
1493 969 1709 1021 volumus,

216 1041 352 1082 quum
381 1030 425 1067 et
452 1037 533 1066 nos
571 1027 615 1064 et
644 1024 864 1065 exercitus
902 1026 1080 1064 nostros
1120 1024 1297 1078 singula
1335 1024 1578 1066 concordia
1606 1038 1709 1066 con-

214 1085 390 1124 iunctos
420 1081 476 1122 ad
507 1080 656 1121 omnia
695 1093 776 1134 pro
805 1080 934 1121 vobis
962 1079 1156 1121 videatis
1185 1084 1378 1134 paratos.
1437 1080 1528 1121 Sed
1558 1085 1710 1123 tamen

216 1139 330 1181 nihil
359 1138 414 1179 de
445 1136 682 1191 diligentia
711 1136 941 1177 remittere
980 1136 1152 1177 debetis
1193 1136 1389 1191 dareque
1418 1148 1618 1190 operam,
1659 1142 1710 1178 ut.

215 1209 349 1251 quam
388 1193 664 1248 paratissimi
707 1196 752 1234 et
790 1193 846 1233 ab
884 1192 1091 1233 exercitu
1127 1192 1402 1247 reliquisque
1449 1193 1578 1234 rebus
1624 1206 1708 1247 pro

214 1256 366 1295 vestra
404 1250 545 1291 salute
585 1252 743 1290 contra
782 1248 1174 1290 sceleratissimam
1214 1249 1586 1304 conspirationem
1627 1249 1707 1290 ho-

215 1310 351 1350 stium
382 1306 694 1359 confligamus,
725 1306 801 1359 qui
830 1305 1011 1359 quidem
1034 1318 1109 1346 eas
1131 1305 1298 1358 copias,
1327 1319 1433 1360 quas
1465 1305 1543 1345 diu
1572 1305 1706 1347 simu-

214 1366 380 1407 latione
411 1363 480 1404 rei
506 1363 709 1416 publicae
737 1362 1067 1416 comparabant,
1108 1361 1253 1402 subito
1294 1362 1352 1402 ad
1388 1361 1560 1415 patriae
1588 1363 1707 1416 peri-

215 1422 365 1464 culum
395 1421 726 1461 converterunt.
1760 1423 1765 1432 ⁴

213 1611 412 1661 Ligurien‚
449 1610 511 1645 das
537 1609 679 1657 ietzige
707 1609 809 1644 Dorf
833 1608 1027 1643 Pollenza.
1078 1627 1126 1633 —-
1174 1609 1249 1641 iter
1265 1607 1447 1650 facerent
1472 1609 1498 1643 i.
1526 1619 1556 1643 e.
1582 1609 1706 1645 facere

212 1662 286 1697 sibi
312 1659 464 1694 liceret.
495 1675 538 1682 —
565 1658 730 1701 contulit,
758 1657 923 1697 distulit,
950 1655 1140 1692 verschob
1168 1667 1224 1691 er.

309 1729 344 1763 4.
372 1739 414 1762 eo
440 1727 590 1772 contuli,
617 1726 785 1760 richtete
811 1725 966 1759 meinen
991 1724 1143 1760 Marsch
1168 1723 1298 1758 dahin.
1315 1742 1357 1748 —-
1387 1724 1602 1767 Trebellius,
1626 1724 1705 1758 An-

213 1777 311 1812 tonii
344 1778 572 1823 praefectus.
634 1775 736 1810 Olim
771 1786 859 1807 cum
896 1774 1099 1808 Dolabella
1133 1773 1307 1807 tribunus
1345 1773 1398 1818 pl.
1436 1774 1571 1806 fuerat.
1622 1773 1705 1806 Vid.

214 1826 382 1872 Philipp.
409 1826 461 1859 VI
489 1830 526 1858 et
550 1825 593 1861 X.
631 1841 673 1846 —
724 1823 820 1857 Sane
846 1833 956 1867 quam
980 1837 1029 1854 z
1054 1821 1181 1856 valde.
1219 1839 1262 1846 —
1313 1821 1360 1854 In
1383 1831 1484 1865 spem
1515 1826 1704 1863 venerant,

212 1876 269 1909 sie
294 1885 426 1909 waren
451 1872 535 1908 voll
561 1871 762 1920 Hoffnung
788 1871 931 1905 hieher
957 1870 1204 1920 gekommen.
1231 1889 1274 1894 —-
1301 1869 1443 1911 traiici,
1472 1869 1613 1903 hieher
1637 1881 1706 1916 ge-

210 1923 325 1957 fiihrt
350 1921 521 1961 werden,
548 1920 710 1954 traduci.
749 1939 796 1945 —
832 1921 925 1955 Quos
949 1926 1079 1953 tamen
1102 1917 1262 1953 Antonii
1288 1917 1435 1952 milites
1467 1923 1513 1952 st.
1542 1928 1704 1963 quorum

212 1973 401 2017 impetum
427 1997 435 2004 .
461 1996 469 2004 .
495 1969 732 2013 sustinebant,
761 1967 939 2002 leisteten
964 1967 1232 2009 Widerstand‚
1262 1966 1535 2012 reprimebant.
1561 1985 1609 1990 —
1642 1977 1703 2000 ar-

210 2024 405 2064 roganter,
433 2018 722 2059 contumaciter,
749 2016 943 2059 audacter,
970 2015 1073 2050 keck
1099 2027 1239 2063 genug.
1266 2032 1307 2039 -—
1350 2014 1591 2058 Allobroges,
1618 2014 1703 2049 Pol-

210 2069 354 2104 lentiae
379 2068 527 2101 incolae
553 2067 640 2112 ipsi.
685 2086 728 2092 -
777 2066 938 2104 Isaram,
975 2065 1124 2099 Galliae
1151 2062 1428 2107 Transalpinae
1453 2064 1611 2105 flumen,
1637 2063 1702 2096 ubi
1748 2068 1752 2070 ’

209 2124 292 2153 erat
317 2116 486 2151 Plancus.

302 2184 337 2219 5.
366 2187 399 2216 et
423 2193 500 2225 nos,
526 2195 587 2218 me
614 2190 652 2218 et
677 2183 869 2218 Plancum.
885 2199 927 2206 -—-
956 2181 1006 2215 ad
1030 2180 1163 2221 omnia,
1189 2192 1237 2213 zu
1263 2179 1387 2214 iedem
1413 2180 1602 2225 Opfer.·—-
1628 2190 1702 2223 que

210 2247 259 2265 z
284 2231 359 2266 sed.
383 2252 424 2257 —
454 2242 561 2275 quam
583 2236 706 2277 parat.
736 2236 771 2265 et
795 2231 840 2265 ab
868 2241 983 2264 exerc.
1009 2229 1231 2273 reliquisque
1252 2229 1370 2268 rebus,
1399 2239 1439 2261 so
1462 2233 1532 2274 gut
1550 2228 1605 2261 als
1627 2240 1702 2262 nur
1766 2255 1767 2258 ,

210 2282 351 2315 immer
372 2279 545 2328 moglich
571 2280 803 2314 inHinsicht
822 2279 892 2313 der
912 2276 1190 2322 Truppeuzahl
1209 2277 1286 2311 wie
1300 2277 1370 2311 der
1388 2268 1533 2310 andern
1544 2276 1701 2324 Kriegs-
1766 2304 1767 2307 ,

208 2329 447 2364 bediirfnisse
471 2330 721 2375 ausgerustet.
750 2349 793 2355 —
829 2327 988 2372 quidem,
1015 2325 1143 2373 grade.
1171 2344 1214 2349 -—-
1250 2336 1339 2370 quas
1367 2351 1375 2360 .
1407 2350 1415 2358 .
1443 2325 1702 2367 comparabant

209 2379 234 2412 i.
259 2390 289 2413 e.
317 2377 539 2412 simulantes
566 2388 604 2410 se
632 2377 876 2411 conscribere
903 2386 962 2408 eas
989 2385 1061 2420 pro
1086 2373 1306 2408 defensione
1335 2373 1394 2407 rei
1421 2373 1610 2418 publicae,
1637 2373 1704 2406 auf

207 2427 329 2461 deren
355 2425 784 2472 Zusammenbringung
809 2430 923 2458 unter
948 2423 1034 2456 dem
1054 2422 1281 2465 Vorwande,
1310 2433 1347 2456 es
1374 2422 1429 2455 sei
1455 2423 1520 2455 fiir
1544 2421 1606 2454 die
1625 2420 1699 2454 Re-

207 2475 360 2520 publik,
388 2475 442 2508 sie
468 2473 701 2508 bedeutende
729 2473 816 2506 Zeit
841 2471 1074 2505 verbraucht
1098 2470 1243 2513 hatten,
1270 2489 1317 2494 ——
1349 2473 1617 2511 converterunt,
1644 2468 1698 2502 sie

207 2535 333 2571 geg-en
359 2523 420 2557 das
446 2522 654 2556 Vaterland
686 2533 734 2555 zu
761 2521 893 2556 dessen
918 2518 1167 2566 Befdhrdung
1199 2518 1379 2553 kehrten.
1430 2519 1512 2553 Hoc
1545 2517 1696 2564 potissi-

209 2584 313 2606 mum
339 2572 384 2605 ad
409 2571 547 2618 Lepidi
574 2570 774 2618 perfidiam
799 2569 999 2615 pertinere
1020 2568 1184 2604 videtur.
1214 2567 1323 2602 SCH.
