1795 3086
262 128 354 176 241
542 129 606 173 M.
638 129 692 171 T.
725 125 1071 172 CICERONIS
1101 98 1475 175 EPISTOLAE.

266 244 378 299 Spes
408 245 555 283 tamen
586 254 674 282 una
703 242 770 281 est
808 239 1048 294 aliquando
1089 241 1298 296 populum
1327 240 1579 284 Romanum
1618 246 1756 286 maios

269 314 365 341 rum
404 298 599 340 similem
644 296 756 338 sore.
814 296 916 349 Ego
958 300 1082 337 certe
1124 296 1191 338 rei
1229 297 1432 352 publicae
1469 312 1556 340 non
1597 299 1755 342 decret

266 360 326 407 et,
366 353 588 409 quithuid
639 351 873 403 acciderit,
923 365 951 393 a
989 365 1079 407 quo
1118 366 1218 394 mea
1256 354 1391 407 culpa
1428 355 1560 408 absit,
1605 355 1757 397 animo

265 410 376 452 sorti
406 409 562 451 seram.
619 407 743 449 Illud
772 407 993 462 profect0‚
1023 409 1170 462 quoad
1200 413 1382 463 potero:
1429 413 1552 452 tuam
1593 409 1758 453 famam

267 470 313 508 et
343 465 604 521 dignitatem
634 465 805 505 tuebor.
863 462 915 503 A.
946 463 989 504 d.
1030 477 1129 505 xm.
1162 464 1392 506 Kalendas
1420 465 1599 509 Ianuar.
1629 479 1756 508 sena‹

267 527 345 564 tus
377 521 590 576 frequens
637 519 751 560 mihi
791 521 858 560 est
903 531 1107 561 assensus
1147 534 1284 576 quum
1324 520 1381 562 de
1420 522 1583 564 ceteris
1623 524 1757 564 rebus

264 578 435 633 magnis
464 582 510 619 et
538 575 820 627 necessariis,
871 576 964 615 tum
994 575 1050 616 de
1078 577 1329 630 provinciis
1359 577 1416 619 ab
1444 578 1519 630 iis,
1558 577 1637 632 qui
1679 579 1756 619 ob-

265 634 471 686 tinerent,
520 631 768 673 retinendis
818 642 962 684 neque
1001 631 1213 686 cuiquam
1250 632 1499 685 tradendis,
1550 633 1639 675 nisi
1680 634 1757 689 qui

263 703 322 731 ex
351 694 532 731 senatus
562 688 768 728 consulto
805 687 1110 729 successisset.
1169 688 1272 729 Hoc
1300 702 1384 744 ego
1414 702 1550 745 quum
1579 689 1646 731 rei
1675 703 1755 744 pu-

262 746 408 787 blicae
439 757 574 786 causa
603 742 773 793 censui,
810 746 919 794 tum,
948 741 1222 794 mehercule,
1253 745 1463 799 inprimis
1493 745 1756 787 retinendae

261 801 495 857 dignitatis
524 805 640 841 tuae.
701 798 1001 848 Quamobrem
1034 801 1078 840 te
1109 799 1274 841 amoris
1304 801 1447 841 nostri
1478 815 1613 843 causa
1632 815 1757 857 rogo,

263 859 330 899 rei
358 858 561 913 publicae
592 868 725 897 causa
765 854 941 907 hortor,
992 857 1038 895 ut
1079 868 1134 895 ne
1175 855 1248 897 cui
1287 856 1527 910 quidquam
1568 857 1680 899 iuris
1707 857 1756 898 in

262 918 338 955 tua
380 913 613 968 provincia
661 924 759 953 esse
808 910 982 965 patiare
1028 913 1162 965 atque
1202 914 1251 952 ut
1290 912 1440 953 omnia
1479 911 1649 954 reseras
1696 913 1756 955 ad

265 970 552 1024 dignitatem5
590 981 678 1023 qua
705 966 818 1008 nihil
849 980 946 1007 esse
977 971 1124 1021 potest
1152 969 1466 1022 praestantius.
1526 969 1649 1011 Vere
1687 973 1755 1011 te=

263 1040 362 1067 cum
393 1039 537 1080 agam,
584 1027 634 1065 ut
673 1022 960 1065 necessitudo
1002 1026 1155 1063 nostra
1192 1024 1405 1078 postulat.
1463 1023 1519 1066 In
1549 1024 1755 1079 Sempro-

262 1083 354 1133 nio,
383 1082 423 1122 si
452 1081 564 1122 meis
594 1080 739 1121 literis
769 1079 1142 1132 obtemperasses,
1182 1079 1425 1121 maximam
1464 1081 1520 1122 ab
1550 1081 1754 1123 omnibus

260 1137 437 1178 laudem
468 1137 654 1190 adeptus
683 1147 819 1176 esses,
888 1132 978 1174 Sed
1015 1134 1130 1174 illud
1170 1139 1215 1176 et
1253 1136 1488 1189 praeteriit
1527 1142 1573 1179 et
1610 1138 1755 1179 levius

262 1197 344 1236 est.
404 1192 531 1233 Haec
560 1204 721 1246 magna
759 1203 832 1231 res
872 1193 961 1231 est:
1010 1188 1099 1239 fac,
1151 1194 1203 1231 ut
1239 1191 1519 1244 provinciam
1560 1193 1754 1235 retineas

260 1250 306 1290 in
353 1252 570 1303 potestate
619 1247 686 1289 rei
737 1245 957 1301 publicae.
1021 1245 1164 1287 Plura
1209 1247 1506 1301 scripsissem,
1553 1248 1643 1290 nisi
1686 1250 1754 1292 tui

260 1305 542 1348 festinarent.
600 1303 760 1359 Itaque
802 1301 1061 1357 Chaerippo
1092 1305 1246 1345 nostro
1284 1316 1354 1345 me
1381 1304 1519 1347 velim
1547 1317 1751 1348 excuses.

259 1473 412 1507 fecerit.
459 1472 543 1505 vid.
571 1471 739 1516 Philipp.
764 1471 794 1514 1,
820 1471 879 1506 37.
906 1470 1004 1512 le,
1034 1471 1089 1506 12.
1124 1470 1332 1506 MANUT.
1370 1488 1412 1495 -—
1451 1471 1545 1515 Spes
1571 1496 1580 1505 .
1606 1494 1616 1503 .
1643 1498 1654 1508 .
1680 1475 1750 1515 est,

260 1521 359 1555 doch
400 1521 449 1554 ist
486 1519 587 1554 noch
627 1520 688 1553 die
727 1519 876 1567 einzige
914 1517 1114 1566 Hoffnung
1148 1518 1272 1567 iibrig.
1350 1537 1395 1544 —
1457 1520 1546 1554 mai.
1591 1519 1753 1554 similem

257 1571 282 1603 i.
311 1580 343 1604 e.
371 1569 608 1602 imitaturum
634 1568 852 1612 exemplum
878 1566 1080 1609 maiorum,
1117 1567 1183 1611 qui
1208 1566 1398 1601 neminem
1423 1567 1564 1602 Romae
1589 1578 1752 1616 regnare

258 1617 510 1663 patiebantur.
547 1616 632 1650 Vid.
657 1615 742 1650 Liv.
771 1615 862 1648 libr.
890 1626 964 1648 sec.
1017 1634 1059 1639 —
1109 1625 1133 1648 a
1159 1626 1227 1659 quo
1251 1626 1333 1649 mea
1358 1617 1466 1660 culpa
1492 1616 1601 1658 absit,
1636 1627 1748 1651 wenn

259 1678 299 1700 es
326 1677 400 1700 nur
425 1664 537 1699 nicht
561 1663 683 1698 durch
709 1663 835 1698 moine
859 1661 1162 1710 Verschuldung
1183 1662 1393 1708 geschieht.
1444 1682 1487 1690 -
1537 1664 1639 1699 Illud
1659 1675 1751 1710 pro=

250 1715 361 1757 secto
386 1725 506 1761 agam.
556 1713 659 1747 Illud
684 1712 819 1748 weiset
843 1713 912 1745 auf
929 1711 1003 1746 den
1028 1711 1236 1757 folgenden
1261 1710 1364 1747 Satz.

354 1782 388 1817 3.
440 1781 555 1817 ΧΙΙΙ.
580 1780 669 1814 Kal.
694 1780 792 1823 Ian„
817 1790 878 1813 am
905 1780 962 1814 20.
991 1778 1211 1815 December.
1256 1799 1299 1806 --
1341 1788 1509 1813 assensus
1535 1779 1559 1812 i.
1588 1790 1620 1814 e.
1647 1790 1748 1814 come

259 1829 436 1876 probavit
461 1840 586 1864 meam
611 1828 848 1871 sententiam,
873 1827 1034 1875 Antrag.
1070 1847 1113 1854 —-
1152 1828 1199 1861 ab
1224 1825 1286 1869 iis,
1313 1827 1383 1860 Md.
1412 1827 1510 1862 vict.
1538 1828 1584 1861 ab
1610 1826 1676 1862 his.
1706 1846 1747 1854 --

258 1879 501 1918 successisset,
537 1888 624 1912 zum
648 1876 894 1924 Nachfolger
931 1882 1093 1910 ernannt
1117 1877 1230 1910 ware.
1282 1875 1374 1909 Also
1412 1886 1458 1909 ex
1483 1881 1630 1910 senatus
1657 1886 1748 1910 con-

259 1927 373 1970 sulto,
418 1926 528 1960 nicht
562 1924 687 1960 durch
722 1925 833 1959 einen
865 1923 1065 1958 Beschluss
1109 1923 1175 1958 des
1200 1923 1406 1968 Antonius.
1476 1925 1585 1958 Denn
1624 1923 1749 1958 dieser

258 1974 362 2009 hatte
389 1987 419 2009 z.
449 1975 488 2009 B.
514 1985 586 2009 vor
607 1973 733 2008 seiner
757 1972 960 2006 schnellen
986 1970 1142 2007 Abreise
1174 1970 1273 2005 nach
1307 1971 1450 2005 Mutina
1487 1972 1562 2006 den
1593 1971 1633 2006 G.
1662 1971 1749 2006 cal-

258 2023 376 2057 visius
402 2029 578 2065 ernannt,
612 2033 677 2055 um
702 2021 789 2055 dem
813 2019 1039 2055 Cornificius
1065 2020 1169 2054 seine
1194 2019 1355 2054 Provinz
1380 2019 1511 2054 Africa
1545 2021 1668 2054 sofort
1699 2032 1749 2054 zu

261 2071 484 2105 entreissen.
513 2090 555 2096 —
583 2070 623 2105 ‘in
645 2069 779 2115 primis
804 2069 911 2102 retin.
938 2069 1039 2111 dign.
1075 2072 1157 2102 tuae
1183 2079 1305 2109 causa,
1337 2067 1436 2101 auch
1470 2067 1547 2101 und
1581 2070 1747 2116 vorziig-

259 2119 341 2154 lich
367 2119 602 2167 desswegen,
629 2130 694 2151 um
718 2118 791 2152 Dir
815 2117 934 2152 Deine
960 2115 1112 2152 Wiirde
1138 2128 1186 2149 zu
1213 2115 1388 2159 sichern;
1416 2126 1463 2148 ne
1489 2115 1530 2149 C.
1558 2111 1758 2149 calvisius'

259 2167 300 2201 in
322 2167 494 2202 Africam
520 2170 595 2201 iret
622 2167 657 2201 ei
680 2166 861 2203 traditam
887 2165 931 2199 ab
957 2164 1122 2198 Antonio
1148 2163 1228 2198 sine
1254 2169 1401 2198 senatus
1427 2163 1611 2200 consulto.
1644 2163 1756 2198 MA-‘

257 2215 378 2252 NUT.
425 2215 505 2249 cfr.
533 2214 703 2260 Philipp.
730 2214 803 2255 111,
830 2215 885 2248 1⁰.
936 2231 981 2237 -—
1030 2216 1071 2245 ut
1094 2222 1138 2245 ne
1162 2236 1171 2243 .
1198 2236 1206 2243 .
1234 2236 1241 2243 .
1266 2211 1426 2255 patiare,
1462 2211 1545 2245 dass
1570 2213 1631 2246 Du
1656 2212 1745 2257 Rei.

258 2275 347 2299 nem
372 2264 446 2298 den
469 2263 683 2297 mindesten
708 2259 1047 2305 Rechtsanspruch
1071 2261 1140 2292 auf
1159 2259 1279 2293 Deine
1305 2259 1468 2293 Provinz
1493 2259 1743 2307 zugestehest.

253 2331 301 2338 —
325 2316 430 2357 atque
455 2325 504 2343 Ξ
529 2311 696 2346 sondern
719 2308 916 2344 vielmehr
940 2307 1054 2350 (nach
1081 2309 1140 2351 ne)
1166 2307 1271 2342 Alles
1297 2307 1363 2341 aus
1385 2307 1640 2356 Behauptung
1654 2308 1743 2343 Dei-

254 2371 325 2395 ner
348 2359 500 2398 Wiirde
524 2358 763 2396 berechnest.
1720 2400 1723 2403 y

350 2428 385 2462 4.
439 2426 538 2462 Vere
563 2431 628 2461 tec.
654 2436 733 2470 ag„
759 2423 974 2471 aufrichtig
1000 2423 1086 2458 will
1122 2422 1189 2457 ich
1215 2422 1286 2456 mit
1311 2422 1384 2457 Dir
1408 2423 1546 2469 reden;
1586 2433 1669 2457 vere
1695 2436 1743 2455 z..-

253 2476 416 2511 sincere.
434 2495 497 2522 Π-
533 2475 577 2509 In
603 2473 830 2518 Sempronio,
865 2472 907 2505 in
932 2472 1001 2506 der
1026 2470 1144 2506 sache
1169 2471 1232 2505 des
1256 2470 1516 2517 Sempronius.
1567 2471 1613 2505 In
1645 2470 1742 2505 wel·-

252 2522 377 2559 cher?
424 2523 529 2558 Uber
553 2523 683 2558 diesen
707 2522 748 2556 C.
775 2520 1022 2565 Sempronius
1047 2520 1166 2555 Rufus
1208 2531 1236 2553 s.
1261 2530 1319 2565 ep.
1345 2519 1391 2554 ad
1417 2519 1551 2554 Famil.
1577 2518 1680 2561 VIII,
1707 2520 1741 2554 8.

251 2572 297 2606 ad
322 2571 438 2607 Attio.
465 2571 531 2616 Vl,
555 2573 589 2608 2.
615 2570 698 2612 ΧΠ,
723 2571 780 2605 25.
805 2568 904 2610 XIV,
932 2570 988 2604 14.
1038 2587 1083 2594 --
1132 2568 1236 2601 Haec
1259 2573 1392 2609 autem,
1434 2579 1482 2602 ne
1521 2566 1582 2600 cui
1617 2566 1750 2600 tradas¹
1778 2555 1791 2588 θ’

250 2621 500 2666 provinciam.
545 2637 588 2646 -—
631 2619 697 2662 tui,
722 2617 843 2665 Deine
868 2617 998 2652 Lente.
1039 2635 1085 2642 -
1125 2615 1345 2662 Chaerippo,
1373 2617 1439 2662 qui
1463 2615 1558 2650 olim
1583 2625 1670 2650 cum
1697 2614 1751 2656 Q.‹
1778 2613 1795 2656 ‘³5

251 2668 434 2704 cicerone
458 2668 499 2702 in
526 2667 613 2703 Asia
637 2667 773 2702 fuerat.
808 2665 844 2700 S.
874 2677 929 2711 ep.
959 2666 1040 2707 548,
1066 2666 1099 2701 3
1777 2657 1795 2683 '¹³³
