1795 3086
204 79 299 127 214
486 83 552 125 M.
584 84 640 127 T.
672 81 1011 128 CICERONIS
1040 85 1412 130 EPISTOLAE.

211 190 267 235 de
298 207 346 236 re
376 195 556 249 publica
585 195 762 249 dicere,
800 196 875 237 ubi
912 210 981 238 me
1017 200 1063 238 et
1101 198 1259 239 melius
1298 202 1344 240 et
1381 200 1564 255 propius
1603 215 1680 243 au·

146 256 175 296 2
208 249 336 290 diant
365 251 547 303 armati,
587 264 716 305 quam
754 256 995 294 senatores.
1082 252 1367 309 Quapropter
1406 255 1452 295 in
1492 257 1681 311 privatis

211 307 339 346 rebus
369 306 542 346 nullum
571 319 709 361 neque
737 307 938 348 officium
976 322 1118 363 neque
1155 310 1354 351 studium
1391 324 1534 352 meum
1563 312 1681 354 desi-

211 360 414 401 derabis:
443 375 498 402 ne
527 361 574 402 in
602 363 796 417 publicis
826 363 1022 418 quidem,
1060 365 1101 405 si
1129 366 1238 420 quid
1268 366 1370 418 erit,
1408 366 1456 408 in
1495 380 1583 422 quo
1611 382 1681 409 me

211 417 428 458 interesse
467 430 648 459 necesse
686 417 769 470 sit,
814 432 1005 473 unquam
1050 420 1207 468 deero,
1246 435 1301 462 ne
1342 434 1442 462 cum
1481 423 1681 476 periculo

212 472 395 525 quidem
422 486 544 520 meo,
587 473 798 527 dignitati
836 478 950 515 tuae.
1019 474 1073 516 In
1103 477 1160 517 iis
1200 481 1349 518 autem
1381 477 1534 528 rebus,
1571 489 1684 530 quae

211 526 516 574 nihilominus,
556 533 606 569 ut
634 542 716 582 ego
746 529 900 582 absim,
930 530 1093 571 confici
1121 536 1321 586 possunt,
1360 536 1463 586 peto
1492 545 1520 572 a
1547 534 1607 583 te,
1634 536 1684 572 ut

212 595 282 623 me
313 583 525 624 rationem
554 583 721 625 habere
751 585 867 626 velis
897 587 943 626 et
970 587 1128 628 salutis
1158 592 1203 628 et
1231 587 1466 642 dignitatis
1494 598 1628 628 meae.

348 782 666 827 EPISTOLA
698 785 1024 830 DCCLXV‘II.
1086 786 1164 839 (ad
1192 789 1288 830 Att.
1317 787 1426 832 XV.
1457 788 1546 836 13.)

297 858 377 893 Ser.
404 859 443 893 in
471 860 674 896 Puteolano
701 861 803 897 v111.
829 861 911 896 Kal.
938 862 1035 896 Nov.
1060 863 1104 895 A.
1131 862 1174 895 U.
1204 861 1244 896 e.
1272 864 1353 899 710.
1385 864 1431 905 (a.
1458 863 1498 898 c.
1526 864 1601 908 44.)

606 929 660 963 De
687 930 800 964 variis
825 930 934 965 rebus
961 929 1142 965 breviter.
1177 931 1290 966 1—-7,

723 1022 902 1057 CICERO
928 1021 1108 1057 ATTICO
1140 1022 1178 1056 S.

319 1099 412 1127 vm.
450 1087 555 1128 Kal.
596 1089 706 1130 duas
746 1102 774 1129 a
812 1093 856 1130 te
899 1089 1054 1143 accepi
1094 1089 1320 1143 epistolas.
1389 1090 1686 1146 Respondebo

211 1139 350 1194 igitur
378 1141 521 1196 priori
550 1143 689 1197 prius.
757 1143 992 1186 Assentior
1025 1143 1134 1190 tibi,
1171 1149 1220 1185 ut
1256 1158 1338 1185 nec
1376 1147 1512 1187 duces
1549 1148 1686 1187 simus

210 1209 294 1236 nec
334 1209 489 1252 agmen
529 1212 764 1253 cogamus;
805 1200 1032 1243 faveamus
1071 1203 1230 1241 tamen.
1300 1200 1564 1243 Orationem
1602 1202 1687 1243 tibi

212 1252 329 1292 misi.
387 1253 500 1295 Eius
531 1255 849 1297 custodjendae
888 1260 934 1297 et
962 1253 1255 1310 proferendae
1285 1257 1521 1299 arbitrium
1550 1261 1686 1299 tuum.

147 1312 176 1351 2
213 1307 303 1348 Sed
333 1309 509 1363 quando
539 1311 668 1351 illum
698 1311 839 1358 diem,
880 1324 1014 1366 quum
1052 1314 1101 1351 tu
1142 1311 1358 1352 edendam
1398 1314 1555 1368 putes?
1613 1312 1688 1353 In-

211 1363 391 1416 ducias,
432 1378 540 1420 quas
578 1366 765 1413 scribis,
804 1381 891 1408 non
928 1366 1136 1421 intelligo
1174 1366 1276 1407 fieri
1314 1381 1459 1422 posse.
1525 1368 1689 1410 Melior

210 1423 279 1459 est
307 1418 646 1471 οὲναντιφωνησιάε
686 1435 773 1476 qua
812 1436 882 1464 me
921 1435 1104 1463 usurum
1142 1421 1351 1464 arbitror.
1411 1423 1547 1473 Quod
1575 1423 1688 1465 scri-

211 1475 280 1514 bis
312 1475 511 1529 legiones
552 1477 662 1517 duas
691 1477 980 1519 Brundisium
1011 1477 1216 1528 venisse5
1255 1491 1335 1520 vos
1371 1479 1521 1520 omnia
1549 1481 1688 1533 prius.

151 1537 178 1577 3
215 1528 395 1572 Scribes
425 1531 580 1588 igitur,
610 1532 831 1587 quidquid
862 1533 1074 1574 audieris.
1132 1533 1353 1575 Varronis
1393 1532 1574 1585 διάλογον
1610 1548 1688 1576 ex-

210 1711 314 1733 arma
340 1706 416 1734 tam
443 1699 597 1745 impune
623 1701 886 1749 grassentur.“
920 1720 961 1725 -
1000 1700 1139 1734 armati
1163 1700 1321 1742 milites,
1350 1701 1481 1746 quibus
1507 1700 1690 1735 Antonius

211 1757 380 1782 senatum
409 1748 735 1794 circumsepserat.
767 1750 878 1784 SCH.

309 1798 342 1831 2.
369 1796 540 1839 desider„
565 1797 790 1832 vei-missen.
828 1814 871 1820 —-
898 1797 936 1830 in
963 1808 1031 1841 quo
1058 1821 1066 1830 .
1094 1821 1103 1829 .
1129 1820 1138 1829 .
1166 1806 1300 1829 necess.
1327 1796 1391 1837 sit,
1415 1796 1539 1831 wobei
1565 1796 1691 1830 meine

213 1843 447 1891 Gegenwart
471 1844 771 1879 unentbehrlich
798 1845 879 1879 sein
904 1845 1043 1881 diirfte.
1074 1863 1116 1868 —
1142 1849 1179 1878 ut
1206 1855 1275 1887 ego
1301 1845 1430 1887 absim,
1455 1850 1600 1891 gesetzt
1624 1843 1689 1877 ich

214 1894 318 1925 ware
351 1892 448 1925 auch
481 1892 592 1926 nicht
618 1893 883 1940 gegenw‘zirtig
916 1907 965 1924 z
1003 1892 1103 1926 ohne
1135 1891 1251 1925 mich.
1304 1910 1345 1917 -
1396 1894 1577 1926 rationem
1604 1917 1614 1927 .
1641 1917 1652 1928 .
1681 1915 1690 1924 .

215 1950 331 1981 meae,
367 1940 447 1973 dass
485 1941 544 1975 Du
579 1933 656 1974 mir
689 1941 869 1975 erlauben
902 1942 1071 1988 mog-est,
1105 1941 1170 1973 auf
1204 1939 1328 1974 meine
1361 1939 1583 1975 Sicherheit
1615 1938 1692 1972 und

215 1987 365 2022 Wiirde
391 1987 603 2022 Riicksicht
627 1988 790 2022 nehmen
816 2001 863 2022 zu
888 1989 1037 2022 diirfen.

311 2057 345 2089 1.
399 2066 482 2089 vm.
510 2056 600 2090 Kal.
625 2056 875 2099 Novembres,
903 2068 962 2090 am
988 2057 1045 2091 25.
1073 2055 1242 2090 October.
1280 2074 1322 2080 -
1355 2060 1395 2089 nt
1419 2066 1484 2090 nec
1507 2055 1615 2089 duces
1639 2055 1693 2088 si·-

215 2113 295 2135 mus
318 2103 358 2136 in
385 2103 578 2137 Octaviani
614 2104 794 2149 partibus.
847 2123 890 2128 —
941 2115 1004 2137 nec
1035 2114 1168 2146 agmen
1202 2114 1393 2146 cogamus,
1426 2103 1527 2138 noch
1562 2102 1693 2137 hinter

215 2150 326 2184 drein
352 2150 502 2185 ziehen.
531 2171 575 2176 —
602 2153 812 2186 Orationem
838 2151 1096 2197 Philippicam
1122 2152 1335 2185 secundam.
1363 2171 1407 2177 -
1435 2152 1525 2185 Eius
1545 2175 1553 2183 .
1573 2177 1580 2185 .
1601 2151 1691 2184 'av-b.

214 2202 239 2230 t.
267 2199 349 2232 scil.
376 2199 437 2239 sit,
464 2199 517 2233 sie
543 2199 699 2248 geheim
725 2211 771 2234 zn
797 2199 929 2233 halten
957 2199 1049 2233 oder
1074 2198 1238 2233 bekannt
1262 2211 1310 2232 zu
1335 2198 1510 2239 macheu,
1538 2200 1609 2233 Das
1637 2199 1693 2232 sei

213 2246 284 2281 Dix·
309 2247 536 2281 iiberlassen.
584 2248 714 2283 Fort.:
740 2249 831 2281 Eius
857 2252 889 2281 et
915 2251 1004 2281 cust.
1030 2247 1106 2282 ΟΒ.

309 2309 345 2344 2.
395 2309 567 2343 Inducias
592 2320 676 2343 cum
702 2308 878 2344 Antonio.
907 2325 949 2330 —
975 2303 1147 2352 ἄντιφ.,
1174 2307 1440 2350 „taciturnitas
1468 2307 1508 2340 in
1534 2317 1693 2353 respon-

215 2356 352 2399 dendo,
377 2356 459 2390 sich
488 2357 733 2404 schweigend
761 2369 808 2390 zu
833 2355 1058 2399 verhalten3
1093 2362 1135 2389 ut
1160 2356 1326 2391 Antonio
1352 2355 1455 2389 nihil
1479 2355 1606 2401 palam
1631 2366 1694 2390 re-

215 2403 459 2450 spondeamus
484 2404 531 2438 ad
557 2406 767 2439 orationem
782 2404 984 2441 xl11.Ka1.
1002 2404 1082 2438 Oct.
1106 2410 1240 2438 contra
1266 2415 1326 2438 me
1351 2403 1559 2438 habitam.“
1594 2405 1692 2437 Nam

217 2464 443 2498 quamquam
467 2452 724 2498 Philippicam
751 2452 964 2494 secundam,
997 2452 1176 2497 scriptam
1202 2452 1314 2485 illam
1349 2452 1500 2497 quidem
1527 2450 1593 2485 sed
1617 2461 1693 2484 non

216 2500 396 2543 habitam,
424 2500 460 2534 ei
486 2501 675 2546 opposuit,
703 2500 827 2535 noluit
852 2506 980 2534 tamen
1007 2510 1085 2534 eam
1111 2501 1213 2534 foras
1239 2500 1407 2546 prodire.
1433 2499 1542 2534 SCH.
1569 2515 1612 2524 -
1639 2499 1693 2531 le-

217 2548 352 2590 giones
377 2550 467 2582 duas
492 2549 560 2582 Br.
587 2549 727 2582 venisse
752 2559 771 2581 e
797 2548 1024 2582 Macedonia.
1075 2548 1145 2581 His
1171 2548 1387 2596 legionibus
1424 2558 1539 2592 quum
1574 2546 1694 2579 Anto-

218 2596 302 2629 nius
327 2607 403 2631 non
429 2596 536 2642 prius
567 2607 679 2640 quam
706 2596 789 2630 VII.
816 2596 872 2631 Id.
900 2597 979 2630 Oct.
1014 2595 1163 2630 obviam
1190 2596 1291 2637 ierit,
1326 2606 1476 2630 necesse
1510 2600 1564 2628 est
1599 2593 1694 2627 haec

218 2644 382 2688 epistola
406 2645 550 2690 scripta
575 2645 694 2678 fuerit
719 2651 851 2678 octavo
878 2645 960 2678 Kal.
980 2644 1228 2686 Novembres,
1255 2655 1343 2686 non,
1369 2650 1412 2677 ut
1435 2642 1515 2682 alii,
1539 2647 1694 2685 pertur-

218 2692 302 2725 bato
329 2692 367 2725 in
395 2693 478 2727 edd.
505 2693 637 2727 ordine
665 2692 911 2738 epistolarum
932 2692 1098 2737 decepti,
1123 2693 1248 2726 Iunias
1275 2693 1337 2727 vel
1362 2690 1560 2734 Quintiles.
1587 2688 1693 2724 SCH.

219 2739 301 2772 Vid.
331 2751 388 2785 ep.
418 2741 500 2782 765,
527 2742 550 2777 2
575 2741 640 2775 sub
666 2741 731 2774 fin.
762 2759 802 2766 —
829 2740 935 2784 prius
961 2740 1107 2774 auditis.
