1795 3086
193 91 224 137 2
480 91 542 134 M.
575 92 630 135 T.
663 90 1006 135 CICERONIS
1037 92 1409 138 EPISTOLAE.

195 204 315 246 butis
357 207 476 246 esset
513 203 796 258 auspicatus,
844 204 1097 245 centuriata
1133 203 1314 246 habuit:
1364 205 1591 248 consulem
1622 205 1683 247 H.

197 277 269 304 vn.
304 261 596 311 renuntiavit,
626 261 705 313 qui
736 273 874 313 usque
905 260 963 301 ad
993 260 1226 302 Kalendas
1256 262 1351 303 Ian.
1383 267 1524 312 esset3
1570 276 1684 317 quae

192 322 323 358 erant
352 317 529 358 suturae
558 328 686 356 mane
716 315 951 370 postridie.
1010 315 1097 369 Ita,
1128 317 1321 358 Caninio
1346 318 1538 369 consule,
1568 319 1685 359 scito

193 374 416 415 neminem
446 371 693 426 prandisse.
752 370 883 412 Nihil
915 376 1065 412 tamen
1095 386 1147 413 eo
1179 374 1360 414 consule
1381 373 1489 414 mali
1515 373 1684 414 sactum

195 434 291 471 est:
322 429 412 469 suit
443 428 561 468 enim
591 425 788 468 mirifica
815 427 1072 481 vigilantia,
1103 429 1181 482 qui
1211 443 1292 470 suo
1323 433 1419 470 toto
1450 430 1683 470 consulatu

127 486 156 526 2
193 498 398 527 somnum
428 497 517 525 non
546 483 729 525 viderit.
789 483 915 524 Haec
944 484 1028 524 tibi
1059 484 1256 525 ridicula
1274 485 1485 526 videntur
1512 489 1571 513 —''
1595 497 1686 525 non

191 542 315 582 enim
355 539 462 581 ades
501 562 556 567 —
608 552 721 594 quae
759 539 798 579 si
841 539 1041 593 videres,
1098 541 1309 581 lacrimas
1354 553 1443 581 non
1491 544 1684 581 teneres.

191 596 334 648 Quid,
363 596 403 636 si
434 598 588 636 cetera
618 595 838 636 scribam?
897 595 1011 637 Sunt
1040 596 1159 636 enirn
1180 595 1528 637 innumerabilia
1550 609 1685 649 gene-

190 654 256 694 ris
300 651 526 693 eiusdem:
585 665 697 706 quae
739 651 922 705 quidem
953 665 1036 706 ego
1066 666 1153 692 non
1183 651 1376 704 ferrem,
1418 652 1507 692 nisi
1537 665 1608 691 me
1638 652 1686 691 in

190 707 508 764 philosophiae
538 712 716 760 portum
747 708 1039 748 contulissem
1077 712 1124 748 et
1152 709 1241 748 nisi
1272 708 1484 749 haberem
1514 708 1687 748 socium

191 765 446 806 studiorum
476 777 675 804 meorum
706 763 905 804 Atticum
937 768 1162 804 nostrum:
1194 764 1319 804 cuius
1342 764 1554 818 quoniam
1584 776 1687 818 pro-

190 822 340 876 prium
370 824 416 861 te
447 833 544 861 esse
574 820 735 860 scribis
766 820 992 874 mancipio
1024 824 1069 860 et
1098 833 1232 871 nexo,
1262 833 1407 860 meum
1427 824 1576 860 autem
1606 831 1689 859 usu

191 881 238 918 et
267 876 435 928 fructu,
467 879 703 917 contentus
732 875 821 916 isto
852 889 964 917 sum.
1023 874 1080 915 Id
1110 876 1230 916 enim
1260 878 1330 916 est
1353 876 1566 929 cuiusque
1585 888 1688 928 pro-

191 934 353 988 prium,
384 945 472 987 quo
503 932 693 986 quisque
722 930 892 972 fruitur
921 935 1055 985 atque
1085 933 1243 973 utitur.
1313 930 1403 971 Sed
1435 930 1547 971 haec
1576 930 1690 970 alias

124 991 153 1032 3
189 989 409 1044 pluribus.
469 989 671 1041 Acilius,
702 988 779 1042 qui
812 988 858 1027 in
891 988 1134 1028 Graeciam
1164 1001 1266 1027 cum
1297 987 1551 1041 legionibus
1581 987 1689 1026 mis-

189 1058 265 1086 sus
307 1049 400 1094 est,
446 1045 647 1085 maximo
687 1057 787 1084 meo
830 1043 1053 1084 beneficio
1084 1047 1176 1085 est:
1221 1045 1289 1084 bis
1321 1044 1438 1084 enim
1468 1047 1537 1083 est
1566 1055 1592 1083 a
1621 1055 1693 1082 me

191 1231 293 1264 cusp.
336 1225 421 1253 ante
455 1219 583 1252 lucem
609 1218 770 1252 scilicet.
827 1218 926 1252 Nam
951 1223 1038 1264 post
1063 1217 1227 1252 mediam
1255 1225 1408 1253 noctem
1433 1218 1621 1264 auspicari
1647 1220 1695 1253 li-

192 1271 318 1303 cebat.
373 1270 514 1302 Exorto
551 1273 680 1301 autem
716 1267 795 1300 sole
829 1267 869 1300 id
904 1267 1081 1311 agebant,
1127 1278 1241 1312 super
1266 1279 1340 1312 quo
1366 1268 1545 1312 auspicati
1574 1275 1695 1310 erant,

192 1317 453 1362 auspicatique
487 1328 566 1349 esse
598 1321 637 1348 et
671 1316 792 1359 egisse
820 1315 956 1347 eodem
982 1315 1044 1348 die
1071 1314 1306 1348 dicebantur.
1333 1316 1544 1353 MANUT.
1597 1317 1698 1359 „der

191 1377 309 1400 zuvor
343 1365 403 1398 die
437 1364 639 1410 Auspicien
673 1364 736 1398 fur
771 1363 833 1396 die
868 1362 1180 1405 Qui-istorwahlen
1212 1374 1508 1408 vorgenomnien
1540 1364 1695 1406 hatte“;

193 1416 235 1448 in
263 1414 434 1447 welchen
462 1413 521 1446 die
547 1412 702 1446 niedern
730 1413 989 1457 magistratus,
1023 1412 1093 1446 der
1117 1411 1258 1445 Aedilis
1283 1413 1425 1457 plebis,
1452 1412 1635 1454 Quaestor
1660 1425 1696 1446 u.

193 1461 337 1496 Aedilis
374 1463 515 1495 curulis
551 1459 720 1505 gewiihlt
755 1460 924 1494 wurden.
958 1478 1004 1484 —
1036 1460 1245 1494 centuriata
1269 1459 1414 1501 habuit,
1440 1462 1507 1494 auf
1530 1461 1695 1495 oium-ahl

194 1511 268 1545 und
303 1510 593 1555 eigenmiichtig
627 1509 690 1542 die
721 1509 878 1543 comitia
912 1508 1056 1542 tributa
1092 1509 1134 1541 in
1170 1509 1330 1542 comitia
1360 1510 1572 1543 centuriata
1606 1522 1697 1544 ver-

195 1559 398 1593 wandelte.
447 1559 519 1602 „ln
557 1558 684 1590 diesen
720 1558 886 1590 stimmte
918 1556 981 1590 das
1008 1556 1101 1590 volk
1133 1557 1233 1590 nach
1268 1557 1341 1590 den
1379 1558 1447 1592 193
1473 1557 1697 1601 centurien,

195 1609 237 1642 in
268 1607 381 1640 ienen
407 1606 511 1640 nach
536 1605 610 1639 den
636 1606 683 1640 35
709 1607 873 1645 Tribus3
908 1605 946 1638 in
974 1604 1047 1638 den
1074 1605 1296 1639 centuriatis
1323 1604 1466 1639 wahlte
1491 1617 1580 1639 man
1604 1607 1697 1640 aber

197 1657 258 1689 die
284 1656 433 1692 hohern
458 1655 696 1699 Magistrate‚
721 1656 796 1687 den
822 1656 979 1696 prator,
1009 1653 1142 1687 Consul
1167 1653 1244 1687 und
1271 1656 1430 1698 Censor,
1472 1654 1551 1688 und
1586 1655 1698 1688 beide

198 1704 363 1739 Wahten
400 1704 564 1748 pssegten
602 1713 674 1736 von
710 1703 834 1736 einem
864 1702 1000 1736 Consul
1026 1702 1225 1747 angestellt
1249 1701 1415 1746 (haberi)
1438 1713 1482 1735 zu
1507 1702 1698 1736 werden.“

197 1753 235 1788 S.
262 1764 320 1798 ep.
345 1751 550 1786 LXXXIX.
583 1769 632 1775 ——
665 1751 712 1784 H.
741 1763 827 1793 νη,
854 1751 948 1784 hora
973 1751 1148 1797 septima,
1175 1762 1238 1784 um
1263 1752 1285 1785 2
1312 1750 1394 1784 Uhr
1417 1751 1695 1796 Nachmittags.

199 1820 248 1828 -—
274 1799 520 1841 renuntiavit,
555 1798 722 1844 erkliirte
748 1811 789 1832 er
817 1800 1029 1839 offentlich,
1053 1800 1135 1832 dass
1161 1799 1203 1833 C.
1230 1798 1410 1833 Caninius
1436 1800 1605 1841 Rebilus,
1628 1802 1702 1833 czi-

201 1861 282 1885 sars
308 1848 565 1893 vormahliger
592 1849 712 1893 Legat
736 1848 790 1882 im
818 1848 1039 1881 Gallischen
1063 1847 1216 1892 Kriege,
1240 1847 1306 1880 fiir
1332 1847 1404 1880 den
1429 1847 1700 1892 abgeschiede-

202 1910 279 1932 nen
316 1898 357 1939 Q.
393 1898 530 1931 Fabius
564 1896 622 1930 bis
655 1908 741 1930 zum
782 1899 813 1930 1.
839 1898 978 1930 Ianuar
1010 1895 1148 1929 Consul
1182 1895 1256 1928 sein
1290 1895 1411 1929 sollte.
1461 1896 1598 1929 Dieser
1623 1907 1701 1929 war

203 1947 281 1981 also
316 1957 390 1980 nur
426 1946 491 1979 fiir
525 1945 585 1978 die
619 1945 719 1978 noch
757 1945 918 1989 iibrigen
943 1944 1106 1977 Stunden
1132 1943 1195 1976 des
1222 1941 1332 1976 Iahrs
1357 1945 1426 1979 709
1453 1956 1539 1978 zum
1567 1944 1703 1978 Consul

205 2001 379 2028 ernannt.
406 2013 451 2019 —-
488 1993 661 2026 neminem
683 1993 885 2037 prandisse.
944 1993 1029 2026 Non
1056 1992 1151 2025 dicit
1175 2001 1335 2032 cenasse,
1361 2003 1446 2026 nam
1473 1993 1591 2026 semel
1617 1993 1702 2039 qui-

206 2044 292 2076 dem
319 2053 363 2076 eo
391 2042 542 2075 consule
568 2048 744 2075 cenatum
772 2048 849 2081 est;
877 2040 940 2073 sed
965 2040 1171 2085 prandisse,
1198 2040 1286 2085 quia
1312 2047 1399 2085 post
1415 2041 1617 2074 meridiem
1636 2040 1702 2073 de-

206 2103 314 2125 mum
339 2091 579 2124 renuntiatus
607 2096 675 2124 est.
703 2089 941 2123 ERNESTI.
968 2107 1011 2113 —-
1049 2088 1109 2132 qui
1134 2101 1180 2118 ε·-
1204 2094 1246 2121 ut
1270 2088 1302 2121 is
1330 2113 1338 2122 .
1367 2113 1376 2122 .
1405 2113 1414 2122 .
1442 2099 1608 2123 sorianum
1633 2099 1703 2122 non

207 2139 368 2180 viderit,
405 2139 511 2182 „dass
537 2138 620 2171 ihm
648 2163 657 2172 .
685 2162 692 2170 .
721 2138 808 2170 keiu
835 2137 966 2171 Schlaf
992 2138 1032 2170 in
1060 2137 1121 2170 die
1147 2137 1276 2184 Augen
1303 2135 1443 2175 kam.“
1500 2138 1607 2172 Denn
1635 2149 1704 2170 nur

210 2189 270 2222 die
294 2194 417 2221 ersten
445 2186 615 2220 Stunden
642 2186 711 2219 der
730 2186 861 2219 Nacht
887 2186 1066 2231 gehfirten
1091 2184 1193 2219 noch
1219 2196 1302 2218 zum
1315 2185 1456 2219 letzten
1473 2185 1702 2225 December,

210 2236 378 2271 welcher
404 2235 469 2268 der
497 2235 611 2268 letzte
634 2236 713 2278 Tag
738 2234 801 2267 des
829 2234 1025 2267 Consulats
1053 2245 1149 2274 war;
1192 2233 1253 2266 die
1287 2233 1396 2267 sechs
1421 2234 1584 2269 Ietztern
1611 2234 1706 2267 aber

212 2284 334 2320 sehon
367 2296 453 2318 zum
486 2290 611 2317 ersten
644 2283 789 2316 Ianuar.
844 2283 1015 2316 Perbelle
1048 2283 1186 2315 Cicero
1217 2282 1346 2315 iocum
1372 2293 1552 2328 quaerens
1578 2281 1707 2315 brevi-

212 2340 333 2367 tatem
368 2332 581 2366 consulatus
614 2331 661 2364 ad
698 2332 918 2376 vigilantiae
952 2330 1100 2364 laudem
1135 2331 1338 2364 convertit.
1405 2330 1496 2365 Vid.
1529 2330 1705 2366 Macrob,

212 2382 282 2416 lib.
306 2381 351 2424 ,11
375 2381 582 2419 saturnal„
621 2379 810 2414 Plutarch.
836 2380 876 2412 in
904 2381 1082 2422 Caesare,
1114 2379 1279 2413 Dionem
1305 2379 1369 2413 lib.
1403 2379 1546 2423 XLIII,
1583 2377 1707 2412 Tacit.

213 2430 281 2465 lib.
308 2429 402 2463 XIX.
429 2428 635 2463 MANUT.

312 2480 347 2514 2.
374 2477 561 2521 quoniam,
596 2477 668 2510 wie
701 2487 762 2522 ep.
796 2476 895 2515 LIX,
936 2478 967 2511 1.
1003 2494 1049 2501 —
1098 2474 1282 2519 naancipio
1316 2478 1349 2508 et
1381 2484 1486 2509 nexo,
1529 2473 1593 2508 Sic
1628 2473 1710 2507 Md.

217 2527 335 2571 Beng.
361 2525 500 2559 Bened.
527 2535 619 2559 nexu
652 2527 751 2559 Cett.
776 2523 975 2560 ORELLI.
1008 2542 1056 2549 —
1090 2523 1234 2560 scribi&
1280 2523 1316 2557 S.
1344 2534 1393 2558 zu
1417 2534 1477 2570 ep.
1503 2523 1584 2562 648,
1610 2533 1713 2556 wor-

218 2575 287 2609 auf
312 2574 435 2608 dieser
460 2573 568 2608 Brief
590 2573 653 2607 die
676 2574 852 2607 Antwort
875 2574 938 2606 ist.
1338 2590 1344 2593 -

315 2624 351 2658 3.
376 2621 532 2656 maximo
558 2632 640 2656 meo
665 2620 852 2663 beneficio.
894 2621 967 2655 Die
993 2619 1197 2656 Cratandr.
1225 2626 1318 2654 setzt
1342 2619 1442 2654 noch
1467 2619 1624 2662 affectus
1647 2629 1715 2652 vor

221 2674 276 2705 est
301 2670 434 2710 hinzu,
461 2682 519 2705 wo
547 2670 614 2705 der
637 2670 727 2704 Sinn
752 2672 874 2705 w'are:
903 2681 945 2704 er
968 2669 1018 2702 ist
1044 2669 1117 2702 mir
1129 2669 1224 2703 viele
1242 2668 1571 2702 Vei-bindlichkeit
1588 2666 1714 2700 schul-

223 2720 308 2764 dig;
350 2719 444 2753 wird
476 2720 554 2753 also
591 2720 718 2753 meine
743 2719 845 2752 Bitte
875 2719 941 2752 fiir
967 2717 1068 2751 Dich
1093 2729 1158 2751 um
1184 2729 1224 2751 so
1251 2717 1537 2761 bereitwilliger
1560 2715 1716 2761 gewah-

222 2779 304 2802 ren.
353 2766 478 2802 Allein
508 2767 644 2803 cicero
670 2767 808 2802 driickt
834 2766 908 2802 den
935 2765 1143 2802 Gedanken
1168 2766 1272 2801 noch
1297 2765 1482 2811 kreftiger
1506 2775 1584 2808 aus,
1611 2765 1717 2798 n’aeim-
