1795 3086
209 73 306 121 342
493 74 556 116 Μ.
587 75 644 118 Τ.
677 73 1020 119 CICERONIS
1051 74 1428 120 EPISTOLAE.

213 188 306 229 sint
353 198 564 241 meaeque
613 186 724 226 illae
777 185 1064 230 vehementes
1116 187 1426 230 contentiones
1477 190 1703 244 tamquam

213 244 448 293 σκιαμαχιάι
475 256 573 283 esse
601 242 854 284 videantur.
913 243 1018 291 Sed,
1047 246 1096 284 ut
1126 243 1181 284 ad
1213 257 1307 284 rem
1331 245 1527 296 redeam,
1559 246 1702 300 legio-

213 313 314 340 nem
346 297 565 339 Martiam
594 301 639 338 et
668 302 872 352 quartam
910 304 1091 356 negant,
1132 300 1210 354 qui
1249 300 1355 342 illas
1395 304 1573 353 norunt,
1610 302 1704 342 ulla

213 353 473 396 conditione
503 354 561 394 ad
590 358 636 394 te
666 367 796 408 posse
825 356 1028 410 perduci.
1087 355 1332 407 Pecuniae,
1363 370 1495 410 quam
1525 357 1702 398 deside-
1748 369 1758 401 j

212 424 303 462 ras,
334 411 450 451 ratio
480 413 628 465 potest
657 409 814 451 haberi
846 425 985 466 eaque
1015 412 1267 453 habebitur.
1337 411 1409 453 De
1447 412 1591 461 Bruto
1634 425 1704 452 ar·

213 465 430 507 cessendo
461 467 746 520 Caesareque
776 467 832 507 ad
865 468 1030 509 Italiae
1060 468 1337 521 praesidium
1358 468 1551 509 tenendo
1568 468 1705 510 valde

213 522 298 563 tibi
330 523 563 563 assentior.
623 521 726 568 Sed,
755 526 806 562 ut
834 523 1011 577 scribis⁷
1042 522 1182 564 habes
1212 525 1562 573 obtrectatores5
1594 537 1705 578 quos

215 576 422 631 equidem
464 577 684 620 facillime
725 578 944 620 sustineo:
995 579 1075 620 sed
1113 579 1363 632 impediunt
1400 585 1562 621 tamen.
1630 579 1705 620 Ex

214 633 377 674 Africa
405 634 605 688 legiones
635 638 971 687 exspectantur.
1031 634 1120 676 Sed
1160 636 1325 676 bellum
1354 636 1474 677 istuc
1503 638 1706 676 renatum
1734 630 1742 645 's

215 690 439 730 mirantur
485 689 702 730 homines.
780 688 910 730 Nihil
960 694 1051 731 tam
1102 694 1281 744 praeter
1325 705 1448 746 spem
1496 704 1705 746 unquam.

216 745 333 786 Nam
374 745 450 786 die
489 748 568 787 tuo
606 745 747 787 natali
787 746 984 787 victoria
1023 747 1241 797 nuntiata,
1280 747 1328 787 in
1357 749 1498 789 multa
1527 748 1708 789 saecula

216 801 480 843 videbamus
512 814 605 842 rem
635 801 863 857 publicam
893 803 1141 843 liberatam.
1201 801 1323 844 Novi
1361 803 1548 844 timores
1593 807 1707 844 rete-

216 860 334 898 xunt
361 858 609 912 superiora.
668 858 904 912 Scripsisti
934 861 1080 899 autem
1112 858 1170 898 ad
1199 872 1270 899 me
1298 857 1371 911 iis,
1416 872 1527 913 quas
1549 857 1708 900 Idibus
1752 878 1779 901 ss

221 912 358 954 Maiis
398 913 582 965 dedisti,
620 914 755 955 modo
796 920 841 954 te
881 915 1107 969 accepisse
1150 927 1176 954 a
1205 913 1381 956 Planco
1421 911 1577 956 literas
1616 928 1705 955 non

216 968 361 1023 recipi
391 968 637 1010 Antonium
677 983 703 1010 a
748 967 939 1024 Lepido.
1005 969 1060 1010 Id
1100 969 1139 1010 si
1179 970 1243 1011 ita
1282 975 1366 1022 est,
1406 971 1558 1011 omnia
1594 969 1708 1012 faci-

216 1024 358 1066 liora:
411 1024 482 1065 sin
512 1025 668 1072 aliter,
706 1039 913 1078 magnum
953 1026 1206 1080 negotium:
1258 1027 1383 1067 cuius
1414 1027 1589 1068 exitum
1617 1040 1707 1067 non

216 1080 492 1130 extimesco3
542 1084 644 1120 tuae
684 1085 834 1136 partes
875 1085 993 1122 sunt.
1051 1081 1152 1135 Ego
1182 1083 1298 1136 plus,
1333 1095 1466 1137 quam
1495 1082 1601 1135 feci,
1639 1081 1707 1123 sa-

217 1149 317 1177 cere
356 1150 445 1177 non
480 1148 672 1190 possum.
732 1136 804 1177 Te
844 1139 1018 1188 tamen,
1064 1137 1114 1178 id
1155 1138 1277 1191 quod
1315 1151 1471 1193 spero,
1512 1136 1709 1179 omnium

216 1192 465 1234 maximum
495 1195 541 1233 et
570 1191 872 1234 clarissimum
902 1193 1062 1236 videre
1092 1193 1240 1248 cupio.

218 1371 465 1420 abgespannt.
501 1392 545 1398 --
590 1372 849 1416 contentiones,
876 1372 1137 1419 Kampfreden
1162 1382 1234 1407 vor
1258 1371 1375 1407 Senat
1398 1372 1476 1407 und
1500 1371 1620 1417 Volk3
1647 1372 1711 1408 die

216 1420 472 1466 Philippicae.
501 1440 542 1446 —
571 1433 624 1455 σκ
640 1433 746 1466 ιαμ.,
771 1433 922 1468 pugnae
948 1433 1035 1456 cum
1061 1421 1223 1466 umbris,
1248 1433 1464 1470 pugnarum
1490 1422 1709 1466 simulacra,

218 1468 596 1514 Schattengefechte.

313 1518 346 1552 2.
373 1517 534 1561 perduci.
571 1517 608 1553 S.
637 1529 696 1564 ep.
724 1518 807 1560 825,
836 1520 924 1553 1.—
952 1517 1131 1552 Pecuniae
1151 1543 1159 1550 .
1181 1543 1189 1550 .
1207 1516 1307 1551 ratio
1331 1520 1406 1561 pot.
1433 1516 1530 1560 hab„
1556 1519 1623 1551 fiir
1647 1517 1709 1552 die
1770 1523 1775 1567 ᾖ

217 1563 466 1599 Geldsumme
494 1592 502 1598 .
529 1591 535 1598 .
563 1566 665 1601 kann
691 1573 846 1615 gesorgt
871 1565 1040 1601 werden.
1067 1585 1111 1591 -
1148 1565 1202 1599 De
1226 1567 1353 1600 Marco
1378 1566 1500 1600 Bruto
1524 1577 1710 1600 arces-sen·
1766 1570 1772 1611 ,¹

217 1613 263 1646 do
292 1624 337 1647 ex
362 1613 591 1649 Macedonia.
628 1633 672 1639 —-
726 1615 877 1656 tenend„
910 1625 988 1650 was
1023 1614 1085 1649 die
1113 1613 1483 1662 Zuriickbehaltung
1509 1614 1573 1649 des
1599 1614 1708 1648 Octa·
1766 1639 1767 1642 η

218 1661 349 1695 vianus
375 1674 448 1695 zur
472 1662 701 1712 Bedeckung·
731 1674 806 1697 von
832 1663 972 1697 Italien
998 1661 1160 1696 betrifft.
1192 1681 1239 1688 ——
1275 1662 1443 1703 sustineo,
1476 1662 1543 1696 ich
1567 1668 1707 1703 neure,
1769 1678 1770 1682 ¹

216 1709 357 1744 nehme
386 1722 422 1744 es
449 1713 515 1744 auf
538 1712 619 1746 mit.
646 1730 689 1735 —
725 1711 904 1755 legiones,
930 1711 1103 1745 n'amlich
1131 1711 1260 1759 einige
1287 1711 1356 1745 der
1380 1711 1608 1752 Veteranen‚
1646 1711 1709 1745 die
1769 1733 1770 1743 1

216 1764 332 1793 unter
358 1758 472 1792 C'asar
496 1760 652 1808 gedient
677 1759 823 1794 hatten.
1622 1787 1625 1788 γ

312 1808 348 1842 3.
383 1807 490 1841 istuc.
536 1808 601 1842 Sic
626 1808 699 1842 Md.
726 1807 861 1842 Bened.
895 1808 979 1842 istic
1015 1808 1060 1850 (i.
1084 1818 1115 1842 e.
1132 1807 1183 1842 ‘in
1219 1807 1345 1841 Gallia
1375 1806 1556 1842 adversus
1588 1807 1709 1847 Anto-

217 1853 343 1898 nium)
369 1855 509 1890 Ceteri.
535 1857 635 1890 Vere
660 1858 841 1899 fortasse3
876 1868 950 1891 non
985 1863 1113 1890 tamen
1139 1856 1407 1889 necessarium.
1444 1856 1576 1889 bellum
1612 1856 1712 1890 istud
1768 1851 1770 1885 ’-

218 1909 275 1937 est
300 1903 379 1948 ‚‚id,
406 1904 507 1949 quod
531 1905 631 1950 apud
654 1916 721 1939 vos
748 1906 941 1953 gersturf‘
969 1905 1045 1939 OR.
1084 1924 1125 1930 —
1179 1908 1307 1946 renat„
1334 1904 1483 1938 wieder
1507 1905 1709 1953 ausgebro-
1767 1918 1769 1924 ’

218 1950 329 1985 chen.
364 1972 412 1978 -—
457 1958 608 1996 praeter
631 1964 744 1998 spem,
771 1965 891 1999 gegen
917 1953 995 1987 alle
1021 1953 1271 2000 Erwartung.
1309 1971 1353 1977 —
1404 1953 1464 1986 die
1488 1956 1549 1986 tuo
1576 1953 1708 1987 natali.
1757 1978 1768 1993 ,2

216 1999 316 2033 Eine
342 2007 434 2048 gute
460 2001 776 2050 Vorbedeutung3
816 2001 938 2036 daher
963 2001 1061 2035 auch
1082 2001 1218 2036 Cicero
1247 2001 1299 2034 im
1322 1999 1458 2035 Senate
1484 2000 1619 2034 darauf
1642 2013 1709 2034 an-

216 2053 334 2095 nug,
372 2060 418 2082 an
444 2049 589 2084 diesem
615 2050 721 2098 Tage
748 2050 821 2084 den
849 2051 995 2084 Namen
1021 2049 1084 2083 des
1117 2050 1164 2086 D.
1192 2050 1332 2083 Brutus
1364 2050 1405 2082 in
1430 2049 1492 2082 die
1520 2049 1707 2083 Calenda-

217 2095 302 2129 rien
329 2096 590 2145 einzutragen.
619 2117 661 2122 --
697 2099 915 2141 υἰάεόαηηιε,
940 2098 1174 2144 putabamus.
1202 2116 1245 2122 —
1297 2097 1404 2132 Novi.
1431 2097 1528 2130 Lall.
1557 2108 1577 2130 e
1603 2097 1708 2131 codd.
1766 2095 1768 2110 ³

217 2144 272 2178 Hi·
295 2145 392 2178 novi.
443 2144 517 2179 Sed
543 2144 582 2179 1ιὶ
606 2145 760 2180 facilius
786 2147 928 2181 excidit
952 2152 1035 2193 post
1062 2146 1204 2190 syllab.-
1223 2145 1272 2188 vi,
1298 2151 1340 2178 ut
1366 2145 1504 2179 fuerit:
1538 2145 1636 2179 Novi
1660 2144 1708 2178 hi.

219 2193 294 2228 OR.
322 2193 438 2234 „aber
462 2204 555 2227 noue
583 2195 828 2243 Besorgnisse
866 2195 971 2229 lo‘sen
999 2195 1103 2227 ienes
1129 2193 1430 2241 Traumgewebe
1469 2193 1536 2226 der
1560 2193 1708 2227 Frende
1754 2203 1766 2235 ἢ

158 2282 164 2288 .
218 2240 365 2274 wieder
388 2242 487 2274 auf“
528 2242 562 2275 d.
590 2243 614 2275 i.
653 2243 737 2278 iene
773 2244 909 2277 frohen
945 2243 1232 2289 Erwartungen
1264 2243 1329 2274 fiir
1362 2242 1424 2275 die
1450 2241 1636 2276 zukunft.
1664 2259 1707 2267 —

217 2289 275 2322 Id.
302 2289 415 2329 Mai„
442 2301 501 2323 am
530 2290 585 2324 15.
613 2291 699 2324 Mai.
726 2311 774 2316 —
805 2291 999 2335 faciliora
1025 2297 1126 2332 sunt,
1154 2296 1276 2324 erunt.
1313 2308 1356 2314 -
1407 2289 1597 2332 negotium
1622 2289 1646 2323 i.
1674 2300 1708 2324 e.
1763 2305 1765 2308 ⁴

220 2348 280 2371 res
307 2348 466 2385 magnae
492 2337 735 2373 difficultatis
763 2341 850 2374 erit.
890 2358 933 2364 -
969 2339 1071 2372 caius
1096 2344 1238 2372 tamen.
1274 2359 1318 2365 —
1356 2338 1562 2372 extimesco.
1587 2338 1710 2382 Neap.
1764 2363 1766 2368 ,

218 2385 349 2419 Lamb.
377 2396 421 2419 ue
447 2387 735 2421 extz'mescamus.
762 2389 866 2424 Crat.
895 2398 938 2420 ne
963 2387 1202 2420 extimescam.
1241 2387 1316 2420 ΟΕ.
1368 2407 1411 2413 -
1464 2390 1548 2421 tuae
1583 2390 1710 2430 partes
1762 2408 1764 2410 v

217 2438 299 2467 sunt
325 2433 349 2466 i.
376 2445 406 2467 e.
436 2441 478 2468 tu
499 2434 601 2471 vide,
629 2442 672 2469 ut
697 2447 763 2470 nos
790 2447 942 2469 securos
968 2442 1005 2469 et
1030 2442 1130 2469 tutos
1157 2442 1340 2481 praestes.
1374 2452 1413 2458 —-
1441 2435 1490 2468 Te
1515 2460 1523 2467 .
1551 2458 1560 2467 .
1587 2434 1710 2467 videre

218 2482 345 2526 cupio,
382 2482 422 2515 in
448 2482 521 2517 Dir
545 2483 733 2517 wiinsche
769 2483 835 2518 ich
862 2484 1001 2518 iedoch
1026 2485 1100 2518 den
1127 2512 1135 2520 .
1164 2509 1173 2518 .
1202 2508 1211 2517 .
1237 2484 1458 2518 Feldherrn
1494 2495 1543 2517 zu
1567 2481 1710 2523 sehen3
1762 2523 1765 2529 Ἴ

218 2531 302 2566 scil.
331 2531 396 2575 qui
423 2543 504 2564 rem
531 2532 675 2577 optime
703 2533 923 2566 confecerit.

777 2688 882 2693 ,κω-Δ.
886 2688 924 2693 ψ»
928 2686 1178 2693 ammas-amq
