1795 3086
216 67 303 114 186
491 71 548 111 Μ.
582 72 634 112 Τ.
667 70 1004 113 CICERONIS
1034 71 1400 115 EPISTOLAE.

209 182 286 235 qui
323 195 535 235 apparere
575 181 795 222 dicuntur.
869 180 1040 223 Sestius
1080 195 1138 222 vi.
1169 182 1277 223 Idus
1321 185 1676 239 exspectabatur,

209 237 286 277 sed
327 250 412 276 non
453 241 647 289 venerat,
693 237 811 291 quod
849 236 999 277 sciam.
1077 238 1257 279 Cassius
1299 252 1398 278 cum
1444 239 1679 281 classicula

208 305 286 332 sua
315 298 505 331 venerat.
572 292 684 345 Ego,
722 307 851 346 quum
894 307 990 332 cum
1019 293 1248 344 vidissem,
1287 307 1328 334 v.
1361 295 1428 335 ld.
1469 295 1512 335 in
1544 295 1677 336 Pom-

208 347 410 401 peianum
440 347 701 399 cogitabam,
732 349 834 388 inde
863 348 1146 390 Aeculanum.
1204 349 1338 390 Nosti
1369 350 1553 404 reliqua.
1605 351 1675 392 De

143 411 169 451 5
207 402 345 443 Tutia
376 403 438 442 ita
467 409 684 456 putaram.
743 404 814 444 De
844 403 1034 444 Aebutio
1074 418 1160 444 non
1202 405 1361 446 credo:
1414 419 1494 445 nec
1532 411 1676 446 tamen

204 471 312 498 curo
355 458 452 510 plus
493 471 621 511 quam
651 464 710 499 iu.
781 460 952 499 Planco
991 464 1036 500 et
1074 460 1221 514 Oppio
1257 461 1418 514 scripsi
1458 462 1677 515 equidem,

203 514 411 568 quoniam
442 526 644 566 rogaras:
691 514 782 559 sed,
812 513 851 554 si
882 515 964 554 tibi
1002 515 1242 568 videbitur,
1282 530 1336 556 ne
1377 529 1555 558 necesse
1598 516 1675 557 ha-

203 570 348 609 bueris
388 569 588 609 reddere.
649 570 795 618 Quum
839 571 956 610 enim
996 575 1070 611 tua
1107 584 1241 612 causa
1284 571 1474 613 fecerint
1515 573 1676 615 omnia,

202 638 376 676 vereor,
406 638 460 664 ne
489 639 607 666 meas
639 625 794 666 literas
824 639 1174 678 supervacaneas
1195 627 1481 667 arbitrentur.
1526 627 1673 682 Oppio

200 681 379 734 quidem
410 680 584 733 utique:
616 694 745 734 quem
776 679 860 720 tibi
892 681 1207 721 amicissimum
1237 684 1439 736 cognovi.
1490 682 1675 733 verum,

201 740 250 777 ut
276 737 412 776 voles.
473 736 561 788 Tu,
592 736 801 790 quoniam
831 736 993 776 scribis
1023 735 1317 778 hiematurum
1364 743 1406 778 te
1437 738 1482 778 in
1512 738 1671 792 EpirO,

198 791 359 832 seceris
387 791 499 832 mihi
530 796 719 845 gratum,
759 791 800 832 si
838 795 939 832 ante
979 805 1030 832 eo
1068 792 1259 839 veneris,
1305 806 1433 847 quam
1472 793 1586 833 mihi
1628 793 1673 832 in

198 847 378 888 Italiam
411 851 452 887 te
483 852 662 888 auctore
692 847 959 889 veniendum
989 851 1068 888 est.
1127 847 1307 889 Literas
1347 849 1403 888 ad
1443 862 1511 888 me
1542 861 1672 902 quam

197 903 475 957 saepissime:
531 903 571 943 si
623 903 678 944 de
720 904 850 943 rebus
889 903 1031 943 minus
1061 903 1339 955 necessariis,
1380 903 1569 957 aliquem
1597 916 1673 943 na-

195 965 313 1007 ctus-3
344 959 412 999 sin
432 960 681 1000 antemerit
698 959 808 1014 quid
832 959 988 1010 maius,
1019 959 1151 999 domo
1174 960 1356 1000 mittito.
1387 957 1673 1008 Ἡρακλειδεῖον,

193 1014 232 1055 si
272 1014 562 1055 Brundisium
602 1016 733 1066 salvi,
779 1014 1045 1055 adoriemur.
1111 1014 1182 1055 De
1222 1015 1384 1056 Gloria
1420 1013 1523 1054 misi
1572 1013 1669 1053 tibi.

195 1069 434 1111 Custodies
464 1070 618 1124 igitur,
646 1076 695 1110 ut
722 1070 861 1111 soles:
908 1069 990 1111 sed
1028 1073 1238 1111 notentur
1278 1070 1513 1123 eclogarii,
1562 1082 1671 1123 quos

190 1186 252 1219 die
276 1184 480 1219 Seer‘aiuber
506 1196 564 1229 ep.
590 1185 673 1224 748,
698 1185 734 1220 3.
764 1202 805 1210 —
832 1195 1028 1229 apparere,
1055 1184 1138 1219 sich
1166 1185 1314 1232 zeigen,
1341 1185 1457 1220 seben
1482 1185 1669 1218 lassem—

190 1234 329 1268 Sestius
353 1235 398 1273 (s.
427 1245 485 1278 ep.
513 1235 594 1274 750,
621 1235 672 1275 4.)
697 1257 706 1266 .
733 1257 742 1266 .
769 1256 779 1266 .
804 1234 1082 1276 exspectabatur
1118 1246 1137 1267 a
1170 1235 1300 1276 Bruto,
1340 1241 1381 1268 ut
1407 1246 1479 1268 una
1505 1232 1669 1267 discede-

190 1288 287 1316 rent.
342 1282 407 1315 VI.
432 1282 502 1322 ld„
527 1281 593 1314 auf
615 1280 689 1314 den
717 1282 771 1317 lo.
799 1281 924 1314 Iulius.
966 1300 1013 1307 —
1050 1283 1147 1326 qnod
1167 1296 1215 1313 Ξ
1241 1294 1281 1315 so
1307 1282 1397 1316 viel.
1433 1300 1477 1306 —
1511 1281 1669 1315 Aecula-

187 1341 285 1370 num,
313 1329 397 1363 eine
423 1328 530 1362 stadt
555 1327 624 1362 der
649 1328 820 1373 Hirpini,
860 1329 952 1362 ietzt
990 1329 1172 1372 Fricenti‚
1215 1331 1282 1362 auf
1310 1330 1396 1362 dem
1432 1329 1561 1376 Wege
1594 1339 1669 1362 von

189 1376 359 1422 Pompeii
384 1376 481 1409 nach
507 1376 759 1409 Brundisium.
806 1376 871 1410 Sic
897 1375 987 1411 Cid.
1013 1377 1167 1422 Malasp.
1192 1377 1292 1411 Crat.
1319 1377 1446 1412 Recte.
1471 1388 1506 1410 v.
1532 1377 1668 1410 Roma»

189 1426 286 1459 nelli
313 1423 541 1467 Topografia
567 1424 626 1458 del
653 1435 770 1468 regno
796 1425 833 1458 di
857 1424 1000 1469 Napoli
1023 1424 1067 1459 Τ.
1092 1427 1124 1461 2.
1151 1437 1187 1471 p.
1214 1426 1297 1462 523.
1333 1425 1541 1459 Aenianum
1567 1424 1666 1458 Cett.

282 1523 316 1556 5.
365 1520 421 1554 De
448 1519 566 1562 Tutia,
602 1519 754 1555 Coi-rad.
793 1530 894 1565 susp.
932 1519 1044 1554 Iulia.
1091 1519 1128 1554 S.
1161 1532 1208 1553 zu
1243 1531 1301 1564 ep.
1328 1520 1408 1562 746,
1435 1521 1468 1555 2.
1520 1539 1563 1545 —
1612 1519 1669 1553 ila

186 1568 269 1603 scil.
295 1575 337 1602 ut
362 1574 403 1601 tu
429 1568 628 1614 scripsisti.
654 1587 702 1594 —-·
727 1568 866 1614 Ρζᾳηεο
891 1578 1027 1614 weg-en
1052 1566 1121 1601 der
1145 1567 1439 1602 Buthrotischen
1463 1566 1596 1601 sache.
1630 1566 1667 1601 S.

186 1629 244 1662 cp.
271 1619 354 1654 750.
380 1618 414 1650 3.
443 1619 512 1652 752
537 1630 573 1655 u,
601 1629 629 1650 s.
653 1627 702 1650 w.
754 1616 858 1650 Uber
883 1616 1023 1660 Oppius
1047 1627 1075 1649 s.
1104 1627 1161 1662 ep.
1182 1618 1263 1652 747.
1291 1634 1334 1640 -
1361 1626 1405 1648 ue
1430 1641 1438 1648 .
1465 1640 1474 1649 .
1501 1615 1668 1656 reddere,

186 1676 227 1699 so
253 1664 440 1698 mochtest
464 1666 521 1699 Du
549 1665 627 1699 wol
653 1664 764 1697 nicht
789 1659 921 1708 nothig
954 1663 1091 1706 haben,
1128 1664 1188 1697 die
1213 1664 1339 1697 Briefe
1374 1662 1665 1696 abzuschicken.

187 1733 229 1739 -—
270 1713 382 1756 Oppio
421 1713 556 1756 quidem
596 1712 719 1756 utique
753 1723 798 1745 ne
835 1712 980 1756 putaris
1014 1711 1271 1746 necessarium
1306 1711 1476 1745 reddere.
1545 1709 1669 1744 Sollte

185 1760 292 1795 nicht
317 1761 403 1795 hier
427 1761 504 1794 und
529 1760 668 1794 vorher
696 1760 869 1805 Capitoni
893 1759 1098 1807 gestanden
1123 1759 1272 1793 haben?
1322 1759 1359 1793 S.
1386 1770 1447 1804 ep.
1472 1759 1555 1794 740.
1582 1758 1664 1792 754.

277 1829 311 1864 ὃ.
362 1831 396 1860 te
419 1831 583 1869 auctore,
608 1828 676 1860 auf
696 1827 843 1862 Deinen
868 1825 978 1861 Rath.
1027 1826 1173 1860 Atticus
1206 1832 1340 1860 auctor
1371 1832 1451 1860 erat
1476 1825 1665 1865 Ciceroni,

183 1882 224 1910 ut
268 1875 422 1910 omnino
464 1887 483 1909 e
519 1875 679 1909 Graecia
713 1875 862 1910 rediens
900 1875 1041 1909 Romae
1076 1874 1222 1909 adesset
1255 1874 1431 1907 Kalendis
1468 1873 1664 1906 Ianuariis.

182 1923 266 1956 Vid.
295 1935 352 1969 ep.
378 1925 459 1959 742.
486 1924 751 1965 749‚4.759‚2.
779 1942 824 1948 --
848 1923 1057 1956 veniendum
1081 1927 1146 1956 est.
1196 1922 1259 1956 Sic
1284 1922 1354 1956 Md.
1382 1922 1497 1956 Oxon.
1510 1923 1543 1957 2.
1569 1921 1663 1954 Edd.

184 1982 287 2005 meae
312 1978 398 2005 ante
423 1973 505 2005 Bos.
532 1972 580 2004 sit
606 1971 737 2013 (Oxou.
767 1973 831 2013 1?)
857 1972 938 2005 Bos.
965 1970 1076 2016 Seqq.
1112 1970 1309 2004 ORELLI.
1348 1988 1390 1994 —
1437 1970 1472 2003 si
1497 1993 1505 2001 .
1533 1994 1541 2001 .
1570 1995 1578 2002 .
1605 1979 1665 2002 ne·

183 2020 370 2062 cessar-iis,
397 2020 554 2063 aliquem
578 2024 716 2061 nactus,
755 2018 903 2053 betrifft
940 2030 978 2052 es
1013 2018 1283 2066 unnothigere,
1319 2018 1457 2052 keiner
1487 2017 1574 2050 Eile
1600 2016 1663 2049 be-

182 2067 303 2101 ‹liii-sti
335 2077 353 2099 e
378 2067 516 2114 Dioge,
543 2067 666 2101 durch
689 2067 795 2102 Wen
823 2068 881 2101 Du
915 2066 1059 2109 willst3
1093 2077 1355 2110 quemcunque
1386 2064 1574 2104 habueris,
1600 2064 1661 2096 cui

183 2116 260 2149 des.
307 2079 371 2148 {ic
396 2115 557 2149 Grusell.
583 2115 759 2149 Tornaes.
788 2114 876 2149 Cid.
902 2115 1049 2159 Malasp.
1076 2114 1203 2147 Lamb.
1231 2114 1311 2148 Bos.
1339 2113 1474 2146 Graev.
1500 2112 1572 2144 sed.
1590 2111 1660 2144 Md.

183 2165 299 2198 Oxon.
331 2165 361 2197 1.
386 2165 421 2199 2.
446 2163 528 2196 Asc.
559 2165 590 2199 1.
616 2163 716 2197 Crat.
742 2163 837 2196 Vict.
865 2165 896 2197 l.
923 2164 957 2197 2.
984 2162 1080 2195 Ern.
1116 2160 1206 2195 Seh.
1230 2163 1323 2194 Liin.
1362 2161 1494 2193 Ortum
1521 2158 1591 2192 hoc
1618 2171 1662 2192 cx

183 2213 216 2245 si
241 2210 354 2254 (quod
380 2210 593 2253 requiritur
618 2212 699 2245 fere
726 2222 746 2243 a
772 2221 848 2254 seq.
872 2210 941 2251 sin,
966 2215 1076 2254 atque
1102 2215 1158 2242 est
1187 2209 1227 2241 in
1253 2214 1346 2253 optt.
1373 2207 1482 2248 Cdd.)
1519 2213 1557 2240 et
1581 2218 1658 2251 seq.

182 2260 217 2294 d.
268 2259 332 2292 Sic
358 2259 397 2292 in
422 2259 493 2302 Ep.
520 2270 598 2302 seq.
626 2258 682 2292 bis
708 2257 819 2292 habet
843 2257 908 2290 sed
931 2267 1003 2301 pro
1028 2256 1063 2289 si
1088 2256 1161 2289 Md.
1204 2255 1399 2290 ORELLI.
1449 2272 1491 2279 —
1544 2255 1660 2296 domo,

182 2307 261 2341 also
286 2307 396 2341 einen
423 2306 582 2353 eigenen
598 2307 730 2348 Boten,
757 2305 980 2340 domesticos
997 2303 1210 2337 tabellarios
1236 2304 1384 2336 mittito.
1414 2320 1457 2326 -·
1482 2301 1661 2347 ΙΙρακλ.,

184 2355 286 2399 quod
309 2362 350 2390 tu
375 2367 395 2388 a
419 2365 479 2388 me
504 2360 606 2388 tanto
632 2365 747 2399 opere
779 2352 989 2398 postulasti.
1033 2351 1235 2385 MANUT.
1291 2350 1373 2383 Vid.
1410 2361 1470 2395 ep.
1508 2352 1592 2389 711,
1623 2352 1656 2384 3.

183 2405 310 2445 7s15‚2.
337 2404 460 2446 767,3.
486 2421 532 2427 —
557 2402 653 2435 salvi
676 2401 907 2436 venerimus.
933 2418 976 2424 -
1003 2398 1061 2433 De
1074 2399 1216 2433 Gloria.
1244 2398 1280 2433 S.
1298 2399 1492 2444 ep.745‚2.
1513 2416 1553 2421 —
1579 2398 1661 2430 misi

184 2467 233 2484 r:
259 2452 379 2486 mitto.
421 2469 463 2474 —
513 2449 658 2484 Cnstod.
682 2449 786 2483 halte
813 2461 851 2482 es
877 2447 1042 2496 geheim.
1093 2446 1223 2481 Daher
1248 2459 1302 2492 ep.
1330 2448 1411 2488 755,
1442 2449 1473 2480 1.
1507 2456 1657 2480 arcano.

187 2519 228 2525 -
250 2501 314 2534 sed
348 2503 511 2532 notentur
546 2498 741 2539 eclogarii,
776 2496 866 2530 aber
898 2497 971 2530 lass
1005 2495 1067 2529 die
1100 2495 1306 2529 schonsten
1342 2493 1489 2528 Stellen
1525 2493 1657 2526 ‹laraus

185 2548 263 2581 mir
287 2547 548 2582 auszeichnen.
600 2546 755 2579 Rectam
792 2544 1084 2589 explicationem
1121 2555 1141 2586 a
1173 2542 1380 2591 Mongaltio
1413 2541 1657 2587 propositam,

187 2602 229 2630 ut
255 2595 437 2636 eclogarii
461 2596 538 2629 sint
562 2593 640 2627 loci
665 2591 777 2626 electi
804 2592 828 2624 i.
856 2604 887 2625 e.
913 2592 952 2631 ii,
981 2591 1047 2636 qui
1072 2591 1269 2635 scriptoris
1305 2591 1418 2635 ipsius
1453 2595 1489 2623 et
1519 2589 1656 2621 amico-

186 2655 269 2676 rum
297 2643 435 2676 iudicio
460 2647 546 2676 sunt
571 2640 827 2686 pulcherrimi
853 2646 890 2674 et
915 2639 1077 2673 maxime
1097 2639 1230 2684 plausu
1247 2638 1365 2686 digni,
1382 2638 1506 2670 firmat
1532 2636 1653 2681 inpri-

186 2692 260 2725 mis
285 2691 427 2725 Plinius
453 2691 552 2735 Epp.
577 2691 610 2730 8,
637 2692 700 2725 21:
745 2688 844 2730 Lego
870 2688 963 2721 euim
988 2687 1118 2727 omnia,
1154 2691 1191 2720 ut
1218 2688 1334 2720 omnia
1359 2685 1544 2725 emendem,
1570 2684 1661 2727 quod

188 2739 399 2783 contingere
423 2751 490 2772 non
517 2742 634 2782 potest
660 2737 860 2771 ELECTA
892 2735 1138 2770 recitantibus.
1166 2735 1358 2768 ORELLI.
1395 2732 1481 2779 Vgl.
1510 2735 1659 2778 ep.77o‚
