1795 3086
491 116 808 162 EPISTOLA
840 119 1146 163 DCCXCIX.
1469 121 1565 168 275

85 233 199 283 bam,
229 243 283 271 ne
314 230 359 271 in
389 229 599 271 extremis
629 242 786 280 essem,
815 231 944 284 plane
973 233 1178 287 pericula
1198 245 1285 273 non
1307 231 1566 275 dubitanter

85 288 191 329 adii.
260 286 495 327 Caesarem
535 298 657 337 vero,
706 286 827 339 quod
865 300 936 326 me
972 289 1019 329 in
1058 293 1181 330 tanta
1221 287 1402 330 fortuna
1429 290 1565 331 modo

85 343 315 397 cognitum
345 340 746 383 vetustissimorum
773 339 1062 383 familiarium
1082 345 1185 385 loco
1215 343 1388 398 habuit,
1418 344 1567 387 dilexi

86 412 255 440 summa
283 412 382 439 cum
410 397 574 460 pietate
605 401 649 436 ct
679 396 785 436 fide.
855 397 982 447 Quae
1018 411 1116 438 mea
1152 400 1373 442 sententia
1408 414 1568 455 gerere

86 454 200 495 mihi
231 453 381 503 licuit,
410 456 477 493 lta
505 450 610 502 feci,
641 455 690 492 ut
718 451 911 506 optimus
950 455 1140 508 quisque
1180 455 1376 497 maxime
1405 457 1567 510 proba-

86 510 158 551 rit.
220 509 353 559 Quod
382 507 528 548 iussus
558 521 670 560 sum,
701 521 753 549 eo
782 512 981 563 tempore
1013 514 1146 565 atque
1176 510 1242 550 ita
1270 511 1376 558 feci,
1411 517 1461 553 ut
1491 525 1566 567 ap-

85 569 276 620 pareret,
305 563 447 604 invito
477 564 744 617 imperatum
774 577 882 605 esse.
942 564 1082 605 Cuius
1120 564 1233 605 sacti
1272 565 1568 609 iniustissima

82 620 257 663 invidia
286 618 466 660 erudire
495 633 566 659 me
595 620 756 673 potuit,
786 633 919 674 quam
947 620 1141 661 iucunda
1165 619 1349 661 libertas
1371 627 1416 662 et
1437 636 1569 677 quam

83 678 249 717 misera
286 676 367 716 sub
406 674 713 716 dominatione
751 677 846 717 vita
876 680 1005 716 esset.
1063 675 1151 722 Ita,
1179 675 1219 716 si
1247 675 1296 716 id
1326 677 1490 730 agitur,
1519 681 1570 718 ut

84 745 236 772 rursus
282 730 331 771 in
366 734 587 784 potestate
628 731 778 772 omnia
817 732 948 772 unius
977 731 1082 782 sint,
1120 730 1376 785 quicunque
1418 732 1458 773 is
1488 738 1570 780 est,

82 787 124 829 ei
160 801 229 828 me
268 787 490 840 profiteor
529 785 774 826 inimicum.
850 785 948 827 Nec
993 787 1247 841 periculum
1296 790 1364 827 est
1413 789 1569 836 ullum,

83 843 203 898 quod
232 855 313 897 pro
342 843 550 883 libertate
579 845 656 882 aut
685 840 905 895 refugiam
934 848 1012 883 aut
1042 842 1274 897 deprecer.
1341 842 1432 884 Sed
1463 857 1566 885 con-

83 899 202 940 sules
218 912 360 952 neque
383 902 561 939 senatus
583 898 788 938 consulto
807 911 951 951 neque
968 898 1116 939 literis
1131 898 1224 939 suis
1244 904 1568 953 praeceperant

40 995 42 998 ,
82 953 211 999 mihi,
240 954 351 1008 quid
380 953 588 995 facerem.
647 953 771 994 Unas
810 953 931 994 enim
971 959 1072 1008 post
1111 954 1222 995 Idus
1261 953 1453 996 Martias
1492 955 1569 997 de-

81 1023 199 1050 mum
230 1022 257 1050 a
285 1009 434 1050 Pansa
464 1009 618 1049 literas
648 1009 820 1063 accepi,
858 1009 907 1049 in
945 1009 1106 1064 quibus
1147 1009 1357 1051 hortatur
1394 1024 1481 1061 me,
1519 1015 1569 1052 ut

82 1065 255 1106 senatui
284 1065 479 1105 scribam
506 1078 575 1105 me
605 1067 650 1104 et
678 1063 929 1105 exercitum
966 1065 1012 1105 in
1051 1069 1273 1120 potestate
1312 1066 1409 1107 eius
1446 1066 1569 1107 sutu-

80 1134 195 1162 rum.
255 1119 405 1173 Quod,
434 1134 569 1175 quum
598 1119 797 1174 Lepidus
828 1119 1173 1162 concionaretur
1201 1126 1333 1176 atque
1363 1123 1568 1164 omnibus

80 1177 302 1218 scriberet
330 1189 377 1217 se
407 1176 661 1217 consentire
692 1189 792 1216 cum
821 1176 1035 1223 Antonio,
1067 1178 1265 1218 maxime
1294 1179 1567 1219 contrarium

81 1232 180 1274 suit.
238 1231 354 1273 Nam
385 1231 545 1286 quibus
577 1230 895 1273 commeatibus
925 1230 1070 1274 invito
1101 1233 1184 1274 illo
1210 1247 1292 1286 per
1310 1233 1439 1275 illius
1461 1248 1566 1289 pro-

79 1393 156 1425 bar.
209 1411 251 1417 —
303 1391 491 1433 extremis,
530 1390 678 1438 ignavis
713 1395 750 1424 et
787 1390 969 1424 minimae
1002 1391 1136 1432 sortis,
1174 1403 1239 1424 um
1278 1391 1389 1426 nicht
1422 1405 1469 1426 zu
1495 1393 1569 1427 den

80 1439 368 1475 Schlechtesten
396 1451 443 1472 zu
468 1438 650 1486 geh'oren.
690 1457 734 1462 —
784 1438 876 1481 adii,
914 1449 955 1472 so
981 1438 1090 1473 wohl
1115 1439 1155 1472 in
1181 1440 1251 1474 der
1275 1440 1567 1475 Pharsalischen

80 1487 263 1522 Schlacht
288 1487 345 1520 als
373 1486 413 1520 in
438 1486 604 1533 Spanien
629 1487 691 1521 bei
715 1485 847 1520 C‘a'sars
876 1486 1184 1535 letztemKriege
1210 1488 1334 1523 wider
1359 1488 1420 1523 die
1437 1488 1567 1523 Sb'hne

12 1563 17 1581 r
80 1536 143 1570 des
170 1535 380 1579 Pompeius.

13 1584 17 1595 .

180 1585 213 1618 3.
251 1583 461 1622 caesarem,
487 1580 559 1614 den
583 1579 703 1614 Iulius
732 1582 856 1617 C'aisar.
893 1601 935 1607 —
970 1583 1007 1616 in
1034 1587 1135 1617 tanta
1152 1584 1328 1627 fortuna,
1353 1585 1420 1618 auf
1441 1583 1567 1619 dieser

83 1631 192 1666 Hb'he
218 1631 341 1665 seines
368 1628 522 1663 Gliicks.
552 1648 593 1652 —
635 1628 772 1669 habuit,
798 1630 916 1673 mich,
944 1632 1055 1665 einen
1081 1642 1203 1665 neuen
1229 1632 1463 1676 Bekannten‚
1489 1635 1566 1669 wie

81 1681 194 1714 einen
220 1679 348 1713 seiner
371 1678 531 1710 'altesten
558 1677 732 1711 Freunde
758 1677 997 1713 behandelte.
1049 1700 1092 1705 —
1141 1680 1261 1713 iussus
1284 1691 1362 1714 sum
1394 1682 1519 1715 facere
1545 1693 1566 1714 a

15 1728 19 1763 ἕ
81 1729 250 1763 Caesare.
279 1745 320 1751 —
361 1737 402 1759 eo
429 1729 591 1768 tempore
616 1729 724 1769 atque
750 1726 815 1760 ita.
851 1728 970 1772 Neap.
997 1727 1125 1760 Lamb.
1151 1738 1229 1760 sum
1256 1739 1295 1761 co
1323 1733 1497 1772 tempore,
1527 1729 1568 1763 id

81 1777 147 1810 ita.
200 1774 273 1808 Sed
299 1773 486 1808 sententia
513 1779 590 1806 est:
623 1774 862 1821 „tam-‚tarde
889 1782 1042 1819 tamque
1068 1775 1313 1823 negligenter
1336 1777 1454 1811 feci.“
1488 1777 1563 1811 ΟΒ.

81 1842 123 1850 -
158 1833 234 1856 mea
269 1826 372 1863 sent.,
408 1820 508 1853 nach
544 1821 691 1854 meiner
724 1822 1028 1870 Uberzeugung,
1073 1824 1145 1856 mit
1178 1830 1309 1871 gutem
1352 1824 1563 1859 Gewissen.

80 1891 121 1896 -
139 1871 255 1904 invito
275 1869 382 1903 mihi.
401 1887 448 1893 —-
465 1868 578 1903 Cuius
593 1870 735 1910 facti..
762 1871 918 1913 invidia,
947 1871 1017 1904 der
1042 1870 1180 1905 hb'chst
1206 1871 1444 1919 ungerechte
1470 1873 1564 1907 Hass

78 1919 280 1960 hieriiber3
307 1917 376 1952 der
401 1916 482 1951 ihm
508 1918 794 1966 Verl'a'umdung
818 1919 919 1953 beim
945 1919 1056 1954 C'aisar
1080 1930 1211 1964 zuzog.
1238 1939 1284 1944 —
1317 1920 1474 1964 deprec„
1500 1921 1564 1954 ab-

22 1990 23 1993 =
78 1967 218 2001 lehnen
242 1966 386 1999 wiirde.

174 2015 210 2049 4.
236 2014 400 2047 consules
424 2012 610 2047 Antonius
637 2019 674 2047 et
698 2014 910 2058 Dolabella,
948 2021 992 2050 ut
1024 2015 1212 2050 Manutius
1245 2016 1444 2062 opinatum
1483 2017 1561 2051 imo

35 2070 42 2073 ’
78 2062 224 2096 Hirtius
251 2067 288 2095 et
313 2063 440 2103 Pansa,
468 2067 510 2095 ut
536 2067 731 2096 contextus
757 2063 880 2099 docet.
922 2063 1041 2099 Wem
1075 2064 1136 2098 die
1174 2065 1261 2099 Zeit
1293 2075 1379 2098 vom
1413 2065 1563 2099 Antritt

78 2111 201 2145 dieser
227 2109 394 2144 Consuln
420 2120 479 2142 am
507 2111 538 2143 1.
568 2110 704 2144 Ianuar
728 2123 776 2145 zu
801 2111 899 2145 kurz
927 2111 1091 2156 scheint,
1126 2112 1182 2145 als
1219 2112 1299 2146 dass
1332 2113 1454 2147 Pollio
1485 2125 1562 2148 von

79 2159 197 2192 ihnen
224 2157 342 2192 sehon
368 2156 474 2191 h'a'tte
501 2157 659 2191 Befehle
692 2159 867 2193 erhalten
892 2159 1061 2202 konnen,
1096 2161 1176 2194 Der
1199 2161 1371 2206 supplire
1398 2173 1445 2194 zu
1471 2171 1563 2194 con-

78 2207 177 2240 sules
203 2205 266 2240 das
281 2204 500 2241 Wb'rtchen
522 2204 720 2253 designati,
747 2206 808 2241 die
824 2207 964 2241 dam-als
981 2214 1060 2242 erst
1080 2207 1329 2255 designirten,
1355 2209 1444 2243 aber
1462 2220 1563 2241 nun-

77 2254 296 2302 mehrigen,
322 2252 511 2288 wirklich
534 2260 808 2301 angetretenen
826 2256 1009 2289 Consuln.
1059 2257 1172 2290 Diese
1196 2256 1379 2296 konnten‚
1407 2256 1563 2290 zumahl

77 2302 124 2335 da
155 2301 355 2336 Dolabella
387 2300 464 2334 und
499 2300 685 2336 Antonius
729 2303 813 2337 sich
844 2303 939 2337 friih
983 2316 1046 2338 aus
1079 2304 1175 2338 Rom
1209 2307 1379 2338 entfernt
1416 2304 1561 2345 hatten,

78 2348 189 2384 wohl
215 2349 277 2382 die
301 2349 500 2384 Wiinsche
527 2349 593 2383 des
619 2349 752 2385 Senats
788 2351 873 2384 dem
898 2352 1020 2385 Pollio
1052 2351 1286 2395 mittheilen,
1323 2353 1393 2386 der
1427 2352 1566 2385 darauf

26 2403 28 2406 ’
78 2396 267 2433 wirklich
292 2403 479 2445 gewartet
503 2409 551 2430 zu
575 2397 699 2432 haben
727 2399 940 2433 versichert
963 2400 1041 2433 und
1064 2404 1335 2445 praeceperant,
1360 2400 1471 2433 nicht
1486 2400 1561 2433 ius-

77 2449 222 2485 serant,
258 2456 322 2478 aus
348 2444 434 2478 dem
459 2445 617 2479 Grande
640 2445 874 2491 gebraucht‚
910 2448 1003 2483 weil
1039 2460 1084 2483 er
1115 2459 1190 2482 von
1222 2449 1294 2482 den
1330 2447 1467 2482 Zeiten
1492 2459 1562 2482 vor

76 2494 163 2526 «lem
198 2492 345 2526 Antritt
378 2492 483 2527 ihres
518 2493 715 2528 Consulats
750 2493 838 2527 hier
873 2496 1066 2535 schreibt,
1100 2498 1251 2530 worauf
1273 2497 1336 2529 das
1362 2496 1561 2542 Folgende

81 2541 179 2575 Urias
205 2566 215 2574 .
244 2566 253 2575 .
280 2565 289 2573 .
317 2541 442 2585 accepi
466 2540 680 2576 hinweiset.
727 2543 958 2587 praecipere,
990 2544 1264 2586 vorzeichnen,
1291 2543 1469 2579 woriiber
1493 2544 1559 2577 be-

75 2587 227 2622 lehren.
255 2606 300 2612 —-
324 2592 408 2631 post
431 2589 520 2622 Idus
544 2590 679 2631 Mart„
705 2596 791 2634 post
809 2590 977 2626 Caesaris
1004 2592 1166 2626 caedem.
1193 2611 1239 2617 —
1264 2592 1304 2625 in
1326 2595 1400 2636 pot.
1426 2592 1469 2625 ei.
1488 2591 1562 2635 su·

76 2640 211 2678 turum,
240 2635 457 2670 demselben
483 2649 530 2670 zu
555 2637 712 2671 Befehle
737 2637 871 2671 stehen
895 2640 1040 2674 wiirde.
1078 2659 1121 2664 —
1175 2641 1278 2675 Quod
1303 2664 1311 2674 .
1340 2665 1349 2674 .
1378 2664 1386 2672 .
1411 2645 1559 2674 conera-

77 2684 174 2717 rium
193 2684 297 2725 suit,
328 2683 428 2717 diess
470 2696 554 2718 war
587 2685 670 2718 eine
704 2685 883 2733 widrige‚
922 2693 1179 2723 unerwartete
1216 2686 1478 2735 Zumuthung.
1514 2708 1558 2714 —-

64 2731 251 2773 concion„
277 2731 319 2764 in
345 2730 596 2766 offentlicher
612 2733 907 2781 Versammlung
932 2747 1057 2783 sagen.
1087 2753 1129 2759 —
1155 2736 1270 2768 invito
1295 2736 1374 2777 illo,
1400 2735 1559 2780 Lepido.

76 2796 117 2802 ·—
155 2779 274 2824 illius,
307 2779 456 2825 Lepidi.
496 2798 537 2805 -
586 2781 829 2825 provinciam,
866 2783 1088 2828 Hispaniam
1123 2783 1356 2826 citeriorem,
1391 2783 1559 2818 Galliam

1031 2835 1127 2878 18*
