1795 3086
508 85 826 130 EPISTOLA
857 84 1098 130 DCXCII.
1491 84 1550 132 57

73 198 241 240 Verum
272 197 386 239 illuc
415 196 613 238 referor:
659 201 750 238 tam
790 196 955 238 claram
993 202 1170 253 tamque
1211 199 1418 240 testatam
1459 212 1552 240 rem

74 260 252 309 tamque
292 254 480 305 iustam,
527 252 836 304 Buthrotiam,
887 267 973 293 non
1019 254 1263 295 tenebimus
1304 254 1455 307 aliqua
1495 269 1553 296 ex

76 310 226 365 parte?
267 314 311 350 et
339 323 392 350 eo
421 308 601 364 quidem
641 308 806 362 magis,
846 320 932 361 quo
973 308 1056 350 iste
1097 311 1251 364 plura?
1306 309 1554 351 Nobiscum

78 365 156 406 hic
192 364 526 419 perhonorifice
568 368 613 404 et
651 363 874 419 peramicc
911 362 1150 406 Octavius:
1201 379 1330 420 quem
1372 365 1555 419 quidem

78 421 149 463 sui
178 421 415 463 Caesarem
443 420 717 472 salutabant,
761 418 1004 473 Philippus
1042 432 1152 461 non:
1189 421 1341 477 itaque
1377 434 1433 462 ne
1475 435 1555 462 nos

79 477 285 532 quidem3
326 489 456 531 quem
486 489 600 530 nego
629 487 759 530 posse
798 487 895 515 esse
935 475 1094 515 bonum
1125 477 1293 518 civem:
1331 477 1397 522 ita
1423 477 1556 518 multi

82 534 389 579 circumstant,
433 531 510 585 qui
540 531 720 586 quidem
748 529 916 571 nostris
945 534 1133 571 mortem
1162 533 1440 583 minitantur,
1480 547 1558 574 ne-

81 594 188 643 gant
215 588 328 629 haec
355 585 467 628 ferri
496 601 638 642 posse.
698 585 823 636 Quid
852 599 1023 639 censes,
1069 599 1202 640 quum
1231 586 1420 629 Romam
1449 602 1560 643 puer

80 645 280 694 venerit,
334 643 406 683 ubi
448 643 592 684 nostri
632 643 894 685 liberatores
934 646 1029 683 tuto
1079 655 1176 683 esse
1217 655 1307 683 non
1350 645 1560 697 possunt?

85 700 176 750 Qui
215 699 396 755 quidem
434 712 610 755 semper
647 702 775 740 erunt
813 697 948 747 clari3
989 696 1267 739 conscientia
1303 711 1411 740 vero
1450 699 1563 742 facti

83 755 154 797 sui
183 756 317 797 etiam
346 754 477 796 beati.
535 755 626 797 Sed
645 768 741 803 nos,
771 754 860 794 nisi
889 767 958 794 me
989 752 1127 805 fallit,
1156 752 1411 796 iacebimus.
1469 755 1562 797 Ita-

84 825 170 867 que
209 812 337 853 exire
379 822 515 860 aveo,
551 809 633 853 ubi
669 822 760 852 nec
797 807 1149 866 Pelopidarum,
1191 809 1350 864 inquit.
1426 810 1562 853 Haud

86 881 183 909 amo
212 867 284 909 vel
316 865 398 907 hos
429 867 701 922 designatos,
740 864 819 920 qui
848 865 983 906 etiam
1012 865 1267 907 declamare
1307 879 1376 907 me
1406 868 1563 923 coege-

87 1025 276 1065 postremo
303 1019 351 1051 M.
376 1014 535 1050 Antonii
559 1025 731 1050 uxorem.
783 1014 969 1062 (Philipp,
996 1015 1045 1049 11.
1075 1026 1104 1049 c.
1133 1017 1165 1051 5.
1193 1016 1270 1057 44.)
1320 1017 1366 1051 In
1390 1017 1468 1052 eius
1494 1029 1568 1066 gy-

88 1077 221 1101 naeceo
247 1067 345 1099 facta
370 1070 451 1098 erat
475 1075 545 1110 per
570 1063 716 1111 leg-atos
743 1064 914 1098 Deiotari
940 1063 1161 1111 syngrapha
1186 1064 1260 1098 HS.
1287 1065 1441 1108 centies,
1476 1077 1569 1110 quae

89 1114 187 1149 solvi
213 1113 396 1148 debebant
415 1111 590 1154 Antonio,
616 1118 657 1145 ut
683 1112 768 1161 regi
794 1123 853 1145 res
878 1124 897 1145 a
916 1112 1073 1146 Caesare
1098 1112 1290 1158 ademptas
1315 1121 1569 1159 recuperaret.

90 1163 173 1196 vid.
201 1161 370 1207 Philipp.
396 1160 444 1194 11.
475 1170 507 1193 c.
534 1161 593 1194 37.
628 1159 736 1193 SCH.
792 1160 879 1206 Vgl.
913 1172 960 1193 zu
994 1172 1050 1205 ep.
1077 1162 1158 1202 650,
1185 1163 1217 1196 2.
1251 1163 1334 1203 755,
1360 1163 1393 1197 6.
1423 1174 1457 1196 u.
1486 1175 1513 1196 s.
1539 1163 1568 1197 f.

88 1229 136 1237 —
160 1210 301 1243 similia
329 1210 437 1243 fiunt.
457 1226 494 1233 —
525 1208 617 1241 illuc
642 1207 668 1242 i.
698 1219 728 1242 e.
756 1207 798 1241 ad
826 1207 1064 1242 Buthrotiam
1088 1219 1234 1242 causam
1261 1211 1410 1251 referor
1433 1222 1483 1240 Ξ
1509 1222 1570 1244 re-

92 1259 175 1301 deo,
209 1257 275 1291 ich
300 1257 409 1291 fuhle
434 1255 539 1289 mich
563 1255 731 1289 dadurch
754 1256 902 1290 wieder
927 1267 998 1290 zur
1022 1255 1144 1290 Sache
1179 1256 1249 1290 der
1272 1257 1481 1292 Buthroter
1505 1271 1573 1292 zu-

93 1304 387 1353 riickgebracht.
439 1303 501 1338 Sic
526 1304 609 1338 Bos.
636 1304 762 1338 tacite.
787 1303 902 1349 Seqq.
938 1304 1013 1336 Vix
1030 1301 1084 1337 'ex
1110 1305 1382 1339 consuetudine
1409 1306 1485 1340 Cic.
1513 1318 1572 1340 re-

83 1355 176 1401 sero
202 1353 298 1387 Edd.
327 1359 411 1386 ante
436 1353 517 1387 Bos.
546 1362 631 1385 cum
657 1351 730 1386 Md.
781 1352 863 1385 Hoc
889 1358 1012 1386 autem
1038 1352 1135 1386 ferri
1161 1353 1307 1398 nequit,
1344 1354 1418 1387 nisi
1444 1354 1571 1402 legas:

91 1402 187 1437 illud
219 1401 356 1446 resero,
391 1406 433 1434 ut
465 1401 547 1433 fere
584 1406 640 1434 est
673 1401 792 1434 Acad.
833 1402 866 1435 2.
901 1400 928 1442 §.
960 1401 1038 1435 109.
1097 1400 1182 1434 Nisi
1216 1401 1344 1447 potius
1381 1402 1456 1450 leg.
1483 1403 1574 1436 illuc

90 1454 316 1496 ρναευενΐον,
343 1448 444 1493 quod
468 1461 503 1482 v.
530 1449 615 1482 fere
640 1448 876 1494 corruptioni
896 1448 1098 1482 obnoxium
1122 1455 1189 1483 est.
1218 1449 1291 1483 OR.
1317 1469 1365 1475 —
1392 1454 1574 1493 testatam,

94 1510 168 1533 von
194 1496 466 1532 ansehnlichen
493 1498 677 1530 ll'l'annern
702 1497 898 1543 bezeugte,
925 1498 1001 1531 also
1028 1497 1098 1530 mit
1118 1497 1244 1531 einem
1271 1498 1488 1534 Certificate
1508 1499 1574 1533 des

95 1558 181 1581 vom
215 1546 328 1580 C'asar
363 1545 526 1579 dax-iiber
557 1545 781 1592 gegebenen
819 1546 977 1579 Decrets
1015 1544 1166 1591 belegte
1200 1545 1333 1580 Sache.
1384 1546 1421 1581 S.
1454 1560 1486 1581 z.
1514 1559 1574 1593 ep.

95 1597 178 1634 691,
204 1596 226 1629 2
251 1594 294 1627 de
319 1592 451 1627 Butlzr.
483 1610 530 1617 —
566 1603 634 1625 non
661 1592 870 1635 tenebimus,
896 1593 1039 1627 sollten
1063 1593 1158 1629 Wir
1183 1594 1295 1628 nicht
1319 1595 1576 1630 verfechten‘?

96 1642 328 1676 festhalten?
371 1661 412 1667 —
462 1651 530 1685 quo
555 1640 625 1674 iste
648 1642 760 1685 plura
786 1640 966 1675 eiusmodi
991 1642 1096 1683 fecit,
1130 1641 1165 1675 ie
1191 1641 1366 1691 haufiger
1390 1643 1576 1678 Antonius

97 1690 284 1735 Beispiele
318 1689 386 1722 der
416 1688 489 1723 Art
524 1688 694 1737 gegeben
731 1688 811 1732 hat,
847 1689 925 1723 dass
965 1701 1008 1724 er
1040 1688 1139 1724 ohne
1173 1690 1297 1726 Recht
1328 1691 1405 1725 und
1440 1691 1578 1726 Gesetz

97 1739 234 1772 nimlnt
261 1737 339 1771 und
364 1737 460 1784 gibt.

192 1788 226 1822 2.
255 1786 441 1830 pen-amice
465 1784 551 1819 fuit.
603 1783 667 1819 Sic
694 1786 822 1833 Margo
850 1786 951 1821 Crat.
987 1788 1072 1825 (cfr.
1098 1799 1192 1832 quae
1217 1789 1344 1823 notavi
1373 1789 1412 1822 in
1437 1788 1579 1824 Wolfii

96 1833 240 1870 Scholis
265 1834 313 1867 ad
339 1834 479 1867 Tuscul.
504 1833 584 1867 Lib.
610 1835 643 1869 2.
680 1833 709 1876 §.
737 1836 784 1869 30
820 1841 857 1869 et
889 1835 934 1869 ad
971 1835 1183 1870 Caelianam
1221 1837 1252 1879 §.
1280 1838 1326 1872 50
1359 1837 1431 1871 Ed.
1467 1839 1580 1880 min.)

97 1883 215 1918 amice
242 1882 336 1917 Cett.
366 1881 562 1916 ORELLI.
610 1899 651 1904 —
703 1881 907 1927 Philippus,
934 1883 1081 1918 Octavii
1103 1884 1272 1918 vitricus.
1309 1885 1392 1919 Vid.
1421 1897 1480 1931 ep.
1510 1887 1578 1921 691

99 1931 166 1966 sub
191 1931 255 1965 fin.
307 1947 350 1953 —
401 1940 499 1975 quem
524 1930 606 1963 scil.
633 1930 854 1974 Octavium3
886 1931 966 1966 also
992 1931 1136 1965 wieder
1168 1934 1235 1966 auf
1256 1933 1318 1967 das
1346 1936 1581 1968 entferntere

99 1978 260 2014 Subiect.
310 1996 358 2003 -
411 1988 518 2021 posse
559 1988 646 2012 esse.
706 1977 769 2012 Sic
803 1979 931 2015 Lamb.
968 1980 1065 2014 coni.
1103 1991 1176 2015 om.
1219 1992 1294 2014 esse
1328 1983 1424 2016 Cett.
1452 1982 1582 2015 bonum

100 2029 226 2066 civem,
249 2026 310 2061 ein
336 2025 644 2071 republicanisch
669 2027 868 2074 gesinnter
891 2028 1050 2076 Burger.
1086 2047 1129 2053 —
1159 2029 1310 2072 nostris,
1337 2031 1466 2074 Bruto,
1493 2031 1582 2064 Cas-

100 2075 170 2116 sio,
195 2074 332 2109 ceteris
358 2073 611 2119 optimatibus.
660 2092 703 2098 —
754 2074 842 2108 haec
857 2077 967 2119 ferri
992 2087 1111 2120 posse,
1139 2077 1222 2110 scil.
1250 2090 1344 2122 quae
1371 2079 1433 2111 illi
1460 2078 1582 2112 nostri

102 2123 280 2159 fecerint.
331 2122 484 2163 „Ceteri
521 2122 780 2169 distinguunt:
813 2124 1040 2161 minitantur.
1086 2125 1274 2168 Negant.“
1313 2126 1510 2161 ORELLI.
1539 2147 1581 2152 —

103 2175 190 2205 tuto.
241 2170 305 2205 Sic
331 2171 445 2205 Oxon.
472 2171 505 2206 2.
540 2171 622 2216 (qui
649 2171 814 2204 maxime
840 2173 961 2206 refert
986 2173 1135 2214 Medic„
1162 2185 1208 2207 ex
1235 2185 1309 2218 quo
1335 2182 1462 2209 tamen
1489 2175 1583 2208 haec

103 2220 217 2253 lectio
255 2230 328 2253 non
364 2220 546 2258 notatur.)
589 2219 718 2254 Lamb.
764 2220 834 2253 tuti
861 2221 960 2254 Cett.
1012 2222 1091 2256 Cfr.
1118 2223 1236 2256 Atcz'c.
1272 2224 1329 2263 15,
1355 2225 1388 2258 3.
1425 2224 1495 2257 etsi
1531 2223 1582 2255 ibi

16 2267 19 2303 s
103 2279 249 2312 quoque
276 2266 341 2301 Cd.
369 2267 409 2299 in
435 2278 484 2300 m.
512 2268 612 2302 1584.
641 2267 772 2308 tutine,·
798 2274 878 2302 tum
904 2270 1017 2302 Anio.
1046 2271 1101 2310 15,
1130 2272 1186 2304 11.
1214 2270 1280 2304 bis.
1315 2272 1413 2305 Item
1438 2273 1487 2306 ib.
1510 2272 1581 2315 Ep.

107 2317 152 2351 12
177 2320 252 2348 tuto
276 2326 315 2348 se
340 2316 476 2348 Romae
502 2325 577 2348 esse
609 2325 678 2348 non
710 2327 827 2359 posse.
872 2317 1068 2352 ORELLI.
1121 2337 1165 2342 —
1217 2319 1428 2361 iacebimus‚
1464 2316 1585 2353 κεισό-

104 2364 244 2408 μεσθα,
269 2363 346 2397 wir
371 2362 522 2397 werden
549 2363 802 2408 unterliegen.
841 2386 882 2391 —
925 2367 1052 2409 Itaque
1077 2366 1179 2400 exire
1204 2391 1213 2400 .
1243 2392 1250 2400 .
1278 2392 1285 2399 .
1310 2368 1440 2412 inquit,
1466 2367 1586 2402 daher

110 2412 241 2445 brenn’
261 2411 325 2444 ich
344 2421 414 2444 vor
431 2411 617 2459 Begierde
634 2422 673 2445 so
694 2413 787 2446 weit
802 2414 873 2454 (eo)
894 2414 1162 2461 fortzugehen,
1190 2415 1284 2458 dass,
1305 2416 1380 2450 wie
1401 2427 1439 2449 es
1461 2416 1499 2448 in
1519 2416 1587 2449 der

108 2459 297 2506 Tragodie
322 2458 451 2500 heisst,
483 2470 624 2506 „sogar
657 2459 723 2493 der
757 2461 877 2495 Name
910 2461 978 2496 der
1004 2463 1208 2507 Pelopiden
1243 2464 1345 2497 mein
1373 2463 1452 2496 Ohr
1477 2463 1585 2497 nicht

109 2506 313 2554 eri-eichen
344 2507 484 2540 kann-‘⁴
541 2507 579 2541 S.
615 2520 649 2542 z.
687 2519 744 2553 ep.
781 2510 866 2549 653,
907 2512 936 2544 1.
988 2510 1074 2558 vgl.
1111 2523 1167 2556 ep.
1204 2513 1285 2551 690,
1313 2514 1331 2546 1
1371 2523 1431 2544 am
1464 2513 1584 2546 Ende.

109 2557 213 2590 Uber
237 2555 350 2599 inquit
375 2570 423 2587 :-
447 2562 530 2603 sagt
554 2565 653 2598 man‘,
677 2568 705 2591 s.
733 2557 883 2591 Ramsh.
912 2557 942 2600 §.
972 2560 1052 2599 161,
1079 2560 1112 2601 3,
1139 2560 1226 2593 Not.
1256 2562 1284 2593 1.
1319 2571 1367 2588 ;-.
1395 2559 1511 2594 heisst
1536 2572 1587 2601 ps,

109 2603 255 2637 Grotef.
292 2602 321 2644 ἓ.
350 2605 427 2638 187.
464 2604 575 2640 Anm.
624 2605 744 2649 inquil
776 2616 851 2638 non
888 2607 968 2641 sine
1005 2618 1111 2641 causa
1146 2613 1360 2652 suspectum
1393 2607 1585 2646 Ernestio.

112 2650 310 2685 ORELLI.
345 2668 391 2675 —
439 2650 537 2685 haud
559 2663 643 2686 amo
668 2667 717 2684 z
743 2649 785 2685 οὐ
813 2652 960 2700 στέργω,
987 2666 1060 2688 non
1085 2655 1173 2689 satis
1200 2661 1397 2689 contentus
1421 2669 1513 2691 sum.
1542 2677 1584 2683 —

113 2698 174 2732 hos
210 2699 419 2741 designatos
451 2701 643 2742 consules,
683 2699 854 2734 Hirtium
888 2709 926 2736 et
961 2704 1123 2736 Pansam.
1175 2703 1259 2737 Vid.
1287 2715 1344 2749 ep.
1372 2706 1453 2749 689,
1480 2707 1512 2741 2.
1541 2725 1587 2731 —

113 2747 325 2782 declamare.
372 2747 583 2782 Utebantur
616 2747 718 2783 enim
752 2749 937 2786 Cicerone
978 2750 1213 2794 eloquentiae
1240 2753 1435 2801 magistro.
1480 2754 1587 2790 SCH.
