1795 3086
491 102 804 146 EPISTOLA
838 102 1183 146 DCCLXXVI.
1485 100 1576 147 235

98 217 225 256 detur
257 214 419 255 habere
460 214 677 268 quandam
717 215 941 253 ovomm'av:
990 219 1135 257 tamen
1181 213 1283 266 hoc,
1330 214 1460 267 quale
1500 214 1573 267 sit,

97 269 352 311 consideres
381 271 528 311 velim.
585 269 828 309 Possumus
867 269 999 317 enim,
1042 276 1089 311 ut
1127 281 1364 324 sponsores
1407 266 1573 323 [nou]

98 326 400 379 appellentur,
450 328 762 379 procuratores
813 323 1117 366 introducere:
1164 349 1218 355 -
1271 338 1413 379 neque
1458 324 1574 365 enim

98 382 171 421 illi
201 381 325 422 litem
355 381 736 421 contestabuntur:
790 401 842 409 —
891 392 979 433 quo
1010 378 1129 420 sacto
1158 394 1245 421 non
1274 394 1368 421 sum
1396 379 1576 420 nescius

99 449 336 489 sponsores
366 436 564 476 liberari.
623 435 713 476 Sed
743 438 787 474 et
815 433 887 473 illi
917 440 1045 487 turpe
1077 435 1272 476 arbitror
1301 450 1354 477 eo
1383 434 1577 480 nomine,

99 492 217 545 quod
249 491 465 533 satisdato
495 491 668 542 debeat,
698 493 1012 544 procuratores
1053 489 1147 530 eius
1186 504 1273 531 non
1303 491 1578 538 dissolve1·e;

101 553 145 587 et
174 553 348 588 nostrae.
376 546 613 600 gravitatis
643 546 712 586 ius
741 549 942 586 nostrum
963 545 1066 585 sine
1099 557 1267 585 summa
1295 547 1421 588 illius
1450 546 1577 600 igno-

98 601 238 643 minia
267 600 485 656 persequi.
546 602 617 641 De
658 600 744 641 hoc
773 601 881 655 quid
922 601 1108 655 placeat,
1158 601 1379 642 rescribas
1416 602 1579 643 velim:

100 670 180 698 nec
220 657 391 708 dubito,
428 657 539 709 quin
580 656 668 697 hoc
708 660 851 697 totum
892 655 1036 697 lenius
1078 655 1463 699 administraturus
1502 657 1577 698 sis.

100 712 255 754 Redeo
294 712 351 753 ad
391 725 483 752 rem
524 712 757 766 publicam.
815 711 962 753 Multa
999 710 1258 752 mehercule
1299 724 1324 752 a
1361 716 1406 752 te
1446 726 1577 767 saepe

99 770 140 806 ἐν
167 771 352 819 πολιτικῷ
387 781 549 822 genere
587 767 851 822 prudenter:
900 767 976 808 sed
1022 766 1095 807 his
1132 766 1278 808 literis
1317 766 1435 807 nihil
1479 782 1578 821 pru-

100 823 297 864 dentius:
344 834 613 876 qucmzquam
654 823 774 864 enim
802 821 839 874 η’-
865 824 1045 874 postea»
1069 823 1120 864 in
1156 823 1434 876 praesentia
1463 822 1579 865 belle

100 878 191 919 iste
217 889 337 931 puer
361 878 578 920 retundit
597 877 867 931 Antonium,
902 880 1058 919 tamen
1088 879 1268 920 est-itum
1297 881 1580 933 exspectare

104 932 335 976 debemus.
393 935 454 975 At
482 946 594 988 quae
625 931 807 974 concio!
847 933 960 974 Nam
993 937 1059 975 est
1088 934 1225 976 missa
1252 933 1380 976 mihi.
1438 934 1579 979 Iurat,

139 1118 150 1128 .
176 1121 184 1129 .
212 1093 463 1137 δυςωπιάν,
490 1095 671 1142 obgleieh
699 1095 761 1130 ein
786 1095 1079 1129 unmittelbarer
1105 1093 1263 1142 Angriff
1285 1095 1350 1128 auf
1372 1094 1456 1134 Die,
1484 1094 1580 1128 wel-

102 1142 172 1177 che
198 1143 281 1177 sich
307 1144 371 1178 fur
406 1144 474 1177 ihn
499 1145 683 1189 verbiirgt
709 1143 845 1185 haben,
888 1144 1017 1177 Etwas
1053 1142 1347 1177 Besch'aimendes
1388 1143 1460 1176 mit
1496 1140 1581 1176 sich

102 1191 220 1224 fiihrt.
268 1209 315 1216 -
364 1193 467 1235 quale
491 1192 551 1235 sit,
584 1191 659 1226 wie
687 1203 721 1225 es
748 1197 843 1225 etwa
870 1191 1047 1238 ang-inge,
1083 1190 1167 1223 sich
1193 1190 1354 1224 machen
1388 1190 1509 1224 liesse.
1538 1207 1579 1213 -—

104 1239 201 1282 [non]
238 1239 391 1284 praebet
425 1239 511 1273 Cod.
551 1240 629 1273 sive
672 1239 886 1273 coniectura
919 1238 1126 1272 acutissimi
1165 1238 1306 1272 Ursini.
1359 1236 1580 1272 Necessario

102 1287 322 1331 requiritur.
373 1287 470 1320 Tum
505 1286 677 1321 emendes
712 1287 946 1331 appellemus.
980 1286 1167 1330 (Philipp.
1193 1288 1248 1320 11.
1282 1285 1309 1326 §.
1337 1288 1395 1321 13.
1432 1285 1478 1318 ad
1514 1286 1581 1318 Di-

102 1346 200 1368 vers.
230 1337 285 1377 16,
311 1335 395 1376 24).
444 1336 499 1368 De
525 1334 759 1368 difficillimo
786 1334 857 1368 hoc
884 1334 970 1367 loco
997 1333 1152 1368 consule
1179 1333 1309 1367 eximii
1335 1333 1407 1366 Icti
1432 1332 1580 1366 Kelleri

104 1382 241 1415 librum
267 1382 312 1416 de
337 1382 431 1416 Litis
457 1383 727 1417 contestatione
752 1393 789 1428 p.
816 1383 1017 1417 463—479.
1055 1380 1249 1415 ORELLI.
1283 1393 1372 1422 „um
1398 1380 1459 1414 die
1485 1381 1579 1414 Biir-

103 1441 174 1477 gen
200 1429 307 1464 nicht
332 1442 379 1463 zu
404 1431 625 1474 belangen.“
650 1449 694 1455 —
719 1433 980 1474 procuratores
1005 1429 1221 1463 Dolabellae
1245 1428 1474 1463 introducere
1499 1428 1522 1461 i.
1550 1439 1581 1461 e.

102 1477 272 1525 aggredi,
298 1477 359 1511 die
386 1478 714 1525 Gesch'aftstr'aiger
739 1477 799 1511 des
832 1477 1029 1511 Dolabella
1054 1476 1267 1525 angreifen.
1303 1495 1347 1501 —
1397 1487 1508 1521 neque
1533 1501 1541 1508 .
1571 1503 1578 1510 .

102 1527 172 1567 itti,
199 1531 469 1570 procuratores,
495 1525 597 1558 litem
621 1526 923 1568 contestabantur,
963 1525 1061 1558 denn
1087 1525 1189 1558 diese
1212 1525 1369 1559 werden
1402 1524 1463 1558 die
1489 1534 1579 1558 con-

103 1573 251 1606 testatio
290 1573 370 1606 litis
405 1573 439 1606 d.
465 1573 490 1606 i.
525 1573 584 1607 die
621 1572 846 1617 Einleitung
880 1572 944 1606 des
978 1574 1167 1607 Processes
1199 1572 1311 1607 nicht
1344 1572 1581 1613 annehmen;

104 1620 268 1654 sondern
294 1620 489 1663 bezahlen,
515 1620 633 1653 damit
657 1620 854 1654 Dolabella
879 1620 989 1654 nicht
1015 1620 1246 1666 beschimpft
1270 1620 1409 1656 werde.
1439 1638 1481 1644 —
1508 1619 1583 1654 Sed

104 1673 136 1701 et
162 1668 222 1701 illi
247 1672 347 1712 turpe
379 1669 481 1709 sore,
524 1679 560 1702 es
598 1667 731 1702 wiirde
761 1668 797 1701 ia
838 1667 1100 1715 ehrenriihrig
1133 1670 1197 1701 fiir
1230 1668 1299 1702 ihn
1330 1668 1425 1710 sein,
1466 1679 1582 1702 wenn

106 1716 211 1750 seiue
246 1716 522 1750 Procuratoren
561 1716 625 1748 fiir
662 1715 745 1749 eine
782 1714 936 1758 Schuld,
976 1716 1038 1750 die
1073 1727 1116 1749 er
1147 1716 1272 1751 durch
1304 1717 1458 1763 Biirgen
1494 1726 1582 1749 ver-

105 1763 250 1797 sichert
274 1762 354 1803 hat,
386 1763 446 1797 die
461 1762 638 1810 Zahlung
662 1762 771 1796 nicht
798 1763 912 1797 selbst
937 1763 1208 1797 iibern'a'hmen.
1239 1784 1280 1790 —
1306 1764 1511 1806 gravitatis
1528 1768 1584 1796 est

104 1811 162 1846 od.
177 1821 269 1853 esse,
294 1810 370 1844 und
396 1822 433 1845 es
459 1812 509 1845 ist
533 1811 678 1845 meiner
695 1810 845 1846 Wiirde
861 1813 1018 1858 gem'a'ss,
1043 1811 1145 1846 mein
1160 1811 1282 1845 Recht
1307 1824 1354 1845 zu
1371 1811 1581 1855 verfolgen‚

103 1858 203 1893 ohne
230 1858 346 1906 grade
378 1859 482 1893 seine
516 1858 622 1892 Ehre
655 1858 900 1892 unmittelbar
932 1861 1025 1893 auf's
1059 1859 1165 1905 Spiel
1197 1871 1245 1893 zu
1276 1865 1417 1897 setzen.
1465 1860 1582 1893 N'am-

103 1906 187 1940 lich
212 1905 390 1949 dadurch,
417 1907 499 1940 dass
530 1918 616 1939 man
642 1906 701 1941 die
727 1907 995 1955 ausgestellten
1009 1908 1160 1956 Biirgen
1181 1907 1354 1955 angriffe.
1382 1925 1426 1932 -—
1454 1906 1582 1950 lenius,

104 1953 293 2002 gelinder‚
319 1954 563 1989 sehonender.

198 2003 230 2036 3.
277 2002 472 2045 prudenter
505 2002 676 2048 provisa,
717 2003 846 2036 vielen
878 2002 1125 2037 Scharfbliok
1162 2003 1247 2038 hast
1283 2005 1341 2039 Du
1366 2004 1420 2038 oft
1446 2003 1486 2036 in
1512 2002 1582 2036 der

105 2048 250 2082 Politik
276 2049 476 2084 bewiesen.
529 2069 570 2074 —
623 2052 837 2095 quamquam
864 2051 957 2085 enim
981 2051 1006 2095 †
1028 2056 1167 2096 postea.
1217 2051 1308 2087 sch.
1335 2052 1411 2086 del.
1437 2056 1578 2096 postea.

103 2096 167 2130 Sic
194 2097 396 2142 scripserat
408 2097 582 2132 Atticus:
608 2109 821 2143 quamquam
845 2099 950 2138 enim,
975 2100 1257 2145 postprincipia,
1283 2100 1376 2133 belle
1400 2099 1468 2133 iste
1492 2109 1583 2144 puer

105 2144 265 2178 retundit
289 2145 499 2187 Antonium,
536 2150 651 2180 tamen
677 2147 820 2181 exitum.
871 2147 915 2181 Id
950 2153 1022 2182 est:
1063 2158 1301 2193 „quamquam
1331 2148 1439 2189 enim,
1478 2149 1582 2191 post-

100 2192 291 2236 principz'a
315 2199 357 2227 ut
379 2194 499 2237 aiunt,
527 2200 611 2239 post
635 2194 704 2228 hos
728 2195 873 2239 primos
900 2207 983 2229 suos
1011 2202 1176 2239 conatus,
1203 2196 1291 2230 inde
1316 2196 1360 2230 ab
1386 2195 1458 2229 hoc
1482 2201 1579 2229 tem-

104 2241 221 2285 pore“
257 2247 325 2274 cet.
387 2241 466 2275 Cfr.
506 2241 684 2287 inprimis
726 2242 933 2277 Sestianam
979 2243 1007 2285 §.
1044 2246 1122 2279 118.
1170 2243 1448 2288 Postprincipia
1477 2246 1582 2286 atque

105 2287 221 2333 exitus
240 2288 458 2330 flagitiosae
481 2290 603 2324 vitae.-
639 2301 712 2334 quo
737 2290 832 2334 loco,
864 2297 906 2325 ut
931 2290 1009 2334 hic,
1035 2297 1238 2337 utrumque
1263 2292 1437 2339 iungitur
1472 2301 1582 2324 voca—

105 2334 233 2367 bulum
257 2336 538 2380 postprincipia,
564 2338 692 2372 exitus.
720 2338 887 2374 Gronov.
924 2340 1089 2373 Obserrv.
1112 2341 1148 2374 4.
1170 2342 1226 2378 10,
1254 2352 1290 2386 p.
1313 2340 1395 2380 634,
1423 2338 1485 2370 ubi
1504 2338 1583 2371 lau-

106 2381 169 2415 dat
192 2382 442 2418 Varronis-R.
468 2385 511 2419 R.
546 2387 583 2427 3,
611 2387 645 2427 4,
676 2388 708 2421 1.
745 2390 784 2419 ut
818 2387 932 2428 aiunt,
966 2387 1236 2431 postprincipia
1275 2388 1329 2426 [in
1363 2385 1510 2428 castris]
1542 2384 1585 2418 id

106 2432 172 2468 est,
209 2430 253 2463 ab
287 2430 344 2464 llis
371 2433 495 2475 potius
529 2434 760 2478 temporibus,
800 2445 905 2478 quam
944 2435 1203 2480 superioribus.
1250 2432 1442 2469 ORELLI.
1499 2433 1580 2467 Cfr.

107 2476 225 2509 l‘laut.
260 2478 358 2512 Pers.
400 2480 462 2522 IV,
497 2483 532 2523 l,
557 2482 591 2515 4.
636 2480 785 2515 Gellius
813 2482 908 2523 XVI,
934 2484 970 2524 9,
998 2485 1053 2519 18.
1105 2482 1330 2530 ,‚Obgleich,
1373 2487 1474 2527 sag-st
1511 2481 1583 2521 Du,

106 2523 256 2557 zeither
280 2525 401 2560 dieser
425 2528 538 2576 iunge
565 2531 676 2561 Mann
701 2528 915 2572 (Octavian)
939 2531 1024 2564 dem
1050 2531 1234 2565 Antonius
1267 2530 1369 2563 seine
1397 2528 1580 2563 Fechter-

106 2572 221 2605 st‘dsse
248 2572 422 2607 trefflich
447 2576 591 2610 zuriick
617 2576 740 2623 gibt.“
773 2594 815 2601 —
851 2589 942 2621 quae
968 2579 1118 2612 concio!
1166 2580 1210 2612 In
1237 2589 1277 2611 ea
1303 2576 1484 2611 concione
1510 2576 1579 2610 Oc-

105 2618 274 2652 tavianus
301 2631 360 2653 res
387 2629 507 2667 gestas
531 2625 651 2668 patris
676 2623 766 2657 Iulii
793 2624 960 2659 Caesaris
995 2626 1034 2659 in
1062 2626 1285 2659 memoriam
1310 2624 1441 2669 populi
1469 2635 1580 2658 revo-

107 2667 219 2705 cavit,
244 2667 449 2702 Antonium
471 2672 670 2713 accusavit,
696 2671 855 2713 milites,
880 2673 945 2716 qui
972 2686 1010 2707 se
1035 2673 1168 2707 du'cem
1195 2673 1309 2705 secuti
1340 2678 1471 2715 essent,
1500 2672 1580 2706 lau-

107 2713 213 2746 dibus
240 2716 389 2748 ornavit
414 2727 526 2760 seque
549 2730 622 2751 una
648 2730 735 2752 cum
769 2719 816 2752 iis
854 2719 904 2753 ita
939 2721 1145 2755 animatum
1180 2732 1259 2754 esse
1290 2720 1400 2762 dixit,
1441 2726 1481 2753 ut
1518 2720 1581 2754 ob-

110 2762 213 2806 sequi
240 2762 285 2796 ad
311 2763 436 2798 omnia
463 2771 499 2799 et
526 2766 708 2801 inservire
734 2766 877 2811 patriae
902 2769 1030 2803 vellet.
1082 2769 1185 2802 Haec
1217 2773 1339 2802 autem
1373 2768 1411 2801 in
1438 2768 1581 2813 templo
