1795 3086
324 69 640 113 EPISTOLA
678 65 982 112 DCCCVIII.
1020 66 1273 109 DCCCIX.
1440 65 1534 113 293

65 196 136 223 mo
165 180 251 223 sibi
281 179 378 221 usui
406 179 558 222 fuisse.
618 176 720 219 Hoc
747 174 857 217 mihi
884 176 1052 231 gratius
1083 176 1232 218 facere
1250 175 1364 218 nihil
1395 179 1529 230 potes<

64 238 207 290 Cura,
236 239 284 278 ut
310 236 471 278 valeas.

238 397 554 443 EPISTOLA
594 395 844 441 DCCCIX.
901 397 981 451 (ad
1013 397 1114 439 Div.
1147 394 1259 439 ΧΠ.
1290 396 1351 445 6.)

233 477 315 510 Ser.
341 477 484 509 Romae
508 481 637 505 mense
660 471 784 517 Aprffi
804 472 847 507 A.
874 475 917 508 u.
943 473 985 507 c.
1012 474 1094 508 711.
1143 470 1191 511 (a.
1219 472 1259 504 c.
1284 471 1361 512 43.)

61 543 105 576 G.
133 541 273 576 Titium
296 541 522 577 Strabonem
546 537 691 579 laudan
715 538 756 572 in
782 539 909 575 Cassio
933 545 972 572 et
995 539 1052 573 M.
1069 539 1207 578 Bruto,
1235 535 1266 569 si
1293 546 1350 569 tes
1375 535 1419 568 ad
1443 536 1532 570 Mu-

59 590 180 624 tinam
195 591 295 625 male
311 595 481 636 geratur,
509 597 611 633 spem
637 597 790 621 omnem
814 587 870 621 rei
886 587 1057 633 publicae
1081 586 1191 619 sitam
1216 594 1292 617 esse
1318 583 1421 617 dicit.
1452 584 1530 619 1-2.

581 653 764 687 CICERO
790 652 957 690 CASSIO
981 653 1019 688 S.

170 724 261 774 Qui
287 724 425 765 status
455 734 603 763 rerum
633 719 787 763 suerit*
807 725 921 774 tum,
957 732 1088 774 quum
1115 716 1196 759 has
1226 717 1381 758 literas
1411 716 1530 768 dedi,

59 779 175 820 seire
204 779 371 835 poteris
399 792 452 819 ex
482 778 532 818 C.
562 776 702 817 Tidio
733 777 969 828 Strabone,
1005 775 1101 817 viro
1138 775 1250 814 bono
1286 776 1331 813 et
1369 773 1532 824 optime

59 835 116 875 de
155 848 202 876 re
242 836 414 888 publica
458 833 692 874 sentiente:
738 845 838 872 nam
883 831 990 885 quid
1029 830 1200 881 dicam,
1245 827 1534 882 cupidissimo

60 891 148 941 tui,
178 892 275 944 qui,
308 889 438 931 domo
468 892 512 929 et
539 887 727 928 fortunis
756 887 949 939 relictis,
980 885 1036 926 ad
1066 888 1110 926 te
1137 883 1417 938 potissimum
1432 896 1534 937 pro-

61 946 204 986 fectus
240 947 330 987 sit?
382 945 538 997 Itaque
567 956 665 983 eum
702 941 785 983 tibi
823 956 879 984 ne
918 940 1176 982 commendo
1212 939 1411 995 quidem:
1457 937 1533 977 ad-

59 1005 216 1042 ventus
256 1001 396 1054 ipsius
432 999 489 1039 ad
528 1001 573 1039 te
609 997 717 1039 satis
757 1011 856 1039 eum
894 995 1227 1039 commendabit.
1292 995 1366 1036 Tu
1402 993 1535 1035 velim

11 1058 12 1081 ³
60 1056 126 1097 sic
156 1057 381 1097 existimes
417 1054 588 1108 tibique
627 1054 915 1107 persuadeas,
951 1066 1078 1094 omne
1112 1050 1363 1106 perfugium
1400 1049 1533 1090 bono-

62 1125 160 1152 rum
190 1112 237 1152 in
275 1115 320 1152 te
357 1113 401 1151 et
434 1109 576 1150 Bruto
612 1122 708 1150 esse
747 1110 963 1164 positum,
1000 1109 1037 1147 si
1046 1139 1062 1165 9
1103 1107 1220 1162 quod
1255 1106 1417 1157 nolim,
1458 1105 1535 1146 ad-

62 1168 181 1208 versi
211 1167 321 1222 quid
351 1165 559 1206 evenerit.
615 1163 730 1215 Res,
765 1178 898 1219 quum
926 1163 1036 1204 haec
1065 1163 1333 1213 scribebam,
1363 1163 1461 1202 emt
1488 1160 1536 1200 in

62 1227 312 1263 extremum
342 1220 534 1261 adducta
562 1219 811 1261 discrimen.
878 1219 1040 1261 Brutus
1079 1219 1197 1261 enim
1232 1216 1431 1258 Mutinae
1459 1217 1537 1258 vix

60 1278 147 1318 iam
177 1278 431 1318 sustinebat.
489 1276 577 1324 Qui
607 1275 647 1316 si
677 1279 960 1317 conservatus
988 1275 1098 1326 erit,
1135 1272 1349 1316 vicimus:
1385 1271 1453 1312 sin
1480 1293 1538 1300 -

62 1333 179 1388 quod
208 1333 271 1372 dii
300 1344 426 1373 omen
455 1334 675 1371 avertant!
707 1354 761 1361 -—
797 1331 938 1371 omnis
973 1331 1170 1370 omnium
1199 1340 1351 1368 cursus
1381 1330 1450 1368 est
1479 1326 1537 1368 ad

60 1402 153 1430 vos.
218 1386 416 1429 Proinde
445 1385 519 1427 fac
548 1386 739 1426 animum
777 1389 947 1427 tantum
976 1384 1141 1427 habeas
1170 1385 1425 1435 tantumque
1461 1395 1536 1435 ap-

61 1447 286 1498 paratum,
315 1444 475 1497 quanto
505 1455 611 1496 opus
640 1446 706 1484 est
734 1441 791 1484 ad
818 1441 1072 1485 universam
1097 1452 1193 1482 rem
1212 1438 1436 1494 publicam
1465 1450 1536 1480 re-

60 1499 357 1555 ciperandam.
415 1497 544 1540 Vale.

205 1653 394 1689 CASSIO.
421 1653 457 1686 s.
487 1662 542 1697 ep.
568 1653 636 1688 804
661 1652 716 1685 im
741 1651 826 1685 Ans.

158 1706 194 1739 1.
223 1703 265 1736 C.
292 1701 410 1735 Tidio.
443 1699 526 1733 Sch.
562 1701 659 1734 Liin.
693 1700 738 1733 de
772 1701 919 1735 Manut.
950 1709 1050 1746 susp.
1080 1697 1190 1734 Titio.
1217 1698 1287 1734 cfr.
1315 1696 1367 1732 ad
1389 1694 1535 1730 Divers.

10 1762 13 1795 tf
61 1754 119 1794 13,
147 1752 190 1786 14
215 1751 330 1791 (484).
359 1748 437 1783 οη.

152 1800 185 1833 2.
210 1799 364 1842 perfug.
390 1802 601 1841 metonym.
627 1797 654 1829 f.
689 1806 805 1841 spem.
831 1793 868 1829 S.
889 1795 1045 1828 Ramsh.
1073 1794 1105 1839 ς.
1131 1796 1212 1831 203.
1238 1813 1285 1820 —
1310 1793 1429 1827 Bruto
1453 1792 1478 1826 i.
1503 1802 1535 1825 e.

16 1853 17 1862 ¹
61 1848 116 1882 M.
151 1847 281 1880 Bruto.
307 1863 354 1869 —
386 1844 424 1878 in
453 1849 646 1877 extremum
670 1845 752 1877 add.
779 1843 908 1884 discr„
945 1854 1073 1876 unsere
1097 1843 1219 1877 Sache
1243 1842 1344 1876 steht
1377 1841 1415 1874 in
1447 1840 1534 1873 dem

12 1918 14 1937 ζ
61 1894 333 1938 Augenblicke,
361 1903 417 1925 wo
441 1891 507 1925 ich
533 1892 631 1925 diess
658 1892 850 1934 schreibe,
877 1891 1011 1924 hfichst
1033 1889 1276 1931 bedenklich,
1303 1891 1341 1924 ἐν
1365 1885 1472 1933 ἆκμῆ.
1489 1906 1532 1912 —-

64 1943 213 1983 Brutus,
239 1941 401 1975 namlich
428 1940 607 1973 Decimus
633 1942 778 1974 Brutus.
805 1957 852 1964 -—
876 1940 1063 1981 sustineb„
1089 1939 1183 1972 kann
1209 1937 1295 1973 sich
1319 1938 1429 1971 kaurn
1453 1935 1538 1970 hal-

14 1985 18 2011 ³'
63 1999 141 2026 ten.
168 1991 330 2023 Verbum
356 1989 527 2022 absolute
550 1989 716 2034 positum
750 1994 794 2023 st.
818 1991 905 2021 sust.
933 1987 1179 2022 obsidionem·
1207 2005 1250 2012 —
1288 1985 1357 2021 Qui
1379 1984 1413 2018 si
1436 1994 1535 2018 cons.

62 2038 147 2077 erit,
174 2038 240 2071 ric.
273 2037 312 2070 S.
340 2037 490 2070 Ramsh.
527 2038 554 2080 §.
592 2038 671 2071 164.
706 2036 775 2078 ΙΙΙ,
801 2037 836 2075 6,
864 2047 899 2070 a.
931 2054 978 2059 —
1019 2036 1076 2069 sin
1102 2049 1151 2068 z
1182 2035 1216 2068 si
1247 2043 1315 2067 non
1341 2043 1537 2067 conserva-

64 2093 123 2120 tus
150 2087 234 2127 erit,
260 2097 318 2118 wo
347 2085 466 2117 nicht.
494 2083 530 2118 S.
555 2084 704 2118 Grotef.
731 2087 760 2127 §.
787 2084 870 2126 4⁰5,
896 2082 1002 2116 Anm.
1024 2085 1060 2119 2.
1091 2102 1133 2108 —
1160 2092 1286 2119 cursus
1303 2085 1367 2116 est.
1388 2092 1462 2115 om.
1483 2082 1535 2113 esc

19 2155 20 2178 3
65 2134 198 2168 Graev.
227 2133 297 2166 erit
323 2132 408 2166 Sch.
434 2133 532 2167 Li'm.
583 2131 692 2173 Doch
724 2131 774 2164 ist
798 2136 849 2164 est
881 2130 1331 2176 vergegcnwiirtigender:
1357 2140 1428 2171 „so
1453 2129 1535 2162 lau-

64 2184 126 2216 fen
152 2183 231 2214 Alle
260 2192 470 2214 zusammen
497 2180 606 2215 Euch
631 2181 724 2223 zu;“
751 2179 797 2212 ad
822 2191 903 2222 vos,
936 2181 973 2213 in
1000 2181 1135 2225 quibus
1167 2180 1317 2212 unicum
1350 2178 1537 2212 bonorum

15 2267 17 2270 Α
65 2238 103 2264 et
136 2231 191 2263 rei
223 2229 394 2274 publicae
426 2229 675 2274 praesidium„
712 2238 838 2262 omnes
877 2229 1118 2276 confugiunt;
1162 2238 1299 2273 nempe
1340 2226 1384 2260 in
1417 2226 1536 2260 Graeffl

20 2305 21 2324 2
65 2279 174 2312 ciam.
214 2278 253 2317 S,
274 2277 426 2312 Ramsh.
454 2277 488 2322 S.
518 2278 600 2321 164,
624 2276 731 2310 Amn.
757 2277 792 2311 5.
818 2293 864 2300 -—
890 2283 1083 2321 apparat„
1108 2275 1394 2320 verbereitung.
