1795 3086
235 78 320 124 175
504 76 570 118 M.
603 74 657 116 T.
691 71 1031 118 CICERONIS
1061 71 1429 116 EPISTOLAE‚

231 196 323 231 tum
353 189 544 244 putabat.
606 186 692 227 Sed
723 189 869 227 tamen
911 185 1100 226 rumoris
1138 185 1290 226 nescio
1326 186 1431 240 quid
1472 185 1699 229 afflaverat

233 245 543 287 commissione
582 244 852 283 Graecorum
898 240 1191 295 frequentiam
1237 254 1321 281 non
1373 241 1531 286 fuisse:
1579 243 1699 298 quod

233 302 409 356 quidem
453 312 522 338 me
569 298 749 338 minime
796 297 972 338 fefellit.
1050 296 1151 338 Scis
1190 297 1319 347 enim,
1365 298 1471 351 quid
1523 312 1605 351 ego
1645 298 1700 338 dc

236 355 422 398 Graecis
465 352 581 394 ludis
620 351 883 394 existimem.
960 352 1091 393 Nunc
1130 352 1247 397 audi,
1294 353 1411 406 quod
1451 353 1592 405 pluris
1633 358 1700 393 est

193 446 194 449 ,
236 424 365 467 quam
403 409 561 451 omnia.
627 409 820 459 Quintus
858 408 943 448 suit
985 421 1155 448 mecum
1195 407 1293 447 dies
1334 410 1605 462 complures:
1643 413 1701 453 et,

234 482 274 507 sn
315 480 397 519 ego
436 477 657 520 cuperem,
708 465 787 505 ilie
833 463 905 504 vel
945 464 1096 518 plures
1133 463 1312 504 suisset:
1357 464 1449 514 sed,
1488 466 1700 517 quantum
1740 481 1755 494 ‹-

233 523 334 574 suit,
349 518 628 562 ‘incredibile
667 524 750 570 est,
788 531 918 573 quani
956 533 1025 559 me.
1064 519 1112 559 in
1150 520 1269 559 omni
1308 532 1470 573 genere
1511 519 1702 559 delecta-

234 578 313 618 rit:
355 579 400 617 in
430 589 569 630 eoque
599 576 804 625 maxime,
843 574 889 613 in
920 587 1005 627 quo
1035 573 1218 614 minime
1248 575 1566 616 satisfaciebat.
1623 573 1700 614 Sic

232 635 350 674 enim
370 635 666 673 commutatus
703 633 772 670 est
812 633 932 669 totus
972 633 1016 669 et
1053 630 1232 683 scriptis
1272 632 1384 671 meis
1423 629 1702 684 quibusdam,

233 702 343 743 quae
392 688 438 727 in
485 687 686 726 manibus
732 685 963 736 habebam,
1013 688 1058 724 et
1103 685 1360 726 assiduitate
1399 686 1619 726 orationis
1659 690 1703 725 et

233 743 497 798 praeceptis,
526 745 575 781 ut
603 741 686 781 tali
716 739 864 781 animo
893 739 940 778 in
969 752 1059 779 rem
1089 741 1325 793 publicam,
1364 742 1484 795 quali
1516 755 1595 781 nos
1625 753 1700 781 vo-

232 802 391 850 hunus,
432 798 606 837 futurus
643 796 714 836 sit„
783 795 885 836 Hoc
922 808 1054 848 quum
1093 793 1205 834 mihi
1245 810 1332 836 non
1371 797 1503 837 modo
1543 795 1704 835 confir-

232 859 411 896 masset.
454 852 532 893 sed
580 852 714 892 etiam
764 851 1079 904 persuasisset3
1135 850 1228 904 egit
1276 865 1446 892 mecum
1494 855 1701 890 accurate

233 911 382 950 multis
413 908 576 959 verbis,
605 907 687 947 tibi
717 910 767 946 ut
796 905 1057 959 sponderem
1095 919 1142 945 se
1172 906 1353 960 dignum
1394 911 1439 947 et
1476 910 1519 946 te
1557 911 1600 946 et
1628 920 1704 946 no-

233 967 302 1005 bis
331 965 541 1015 futurum,
571 975 710 1016 neque
739 975 787 1002 se
817 962 1059 1015 postulare,
1087 966 1137 1001 ut
1165 962 1315 1002 statim
1347 962 1579 1009 crederes;
1609 962 1702 1012 sed,

231 1034 363 1076 quum
395 1020 488 1072 ipse
525 1018 845 1072 perspexisses,
890 1020 983 1057 tum
1019 1020 1066 1055 ut
1105 1030 1152 1056 se
1195 1030 1378 1057 amares.
1445 1017 1577 1066 Quod
1618 1017 1704 1056 nisi

232 1076 367 1117 fidem
408 1073 519 1114 mihi
551 1073 729 1113 fecisset
769 1072 1126 1125 iudicassemque
1166 1070 1268 1124 hoc,
1313 1074 1430 1128 quod
1471 1072 1588 1124 dico,
1628 1072 1705 1111 fir-

230 1295 258 1317 5,
284 1294 334 1317 we
362 1298 402 1304 -
430 1279 503 1313 Ille
525 1276 680 1311 Brutum
701 1275 868 1320 putabat,
892 1286 962 1318 „er
982 1274 1087 1309 hatte
1112 1275 1185 1309 den
1203 1277 1340 1310 Brutus
1367 1276 1597 1310 erwartet:“
1622 1275 1705 1310 eine

231 1330 369 1362 andere
395 1326 580 1370 Tragiidie
604 1325 668 1357 des
695 1323 844 1365 Accius,
870 1323 996 1358 worin
1022 1324 1084 1356 die
1108 1323 1364 1369 Vertreibung·
1388 1324 1450 1357 des
1477 1324 1703 1366 Tarquinius

231 1376 422 1422 Superbus
447 1373 571 1407 durch
598 1371 726 1405 lunius
753 1372 900 1407 Brutus,
932 1371 1004 1404 den
1028 1370 1237 1404 Ahnherrn
1263 1382 1411 1404 unseres
1439 1373 1583 1404 Marcus
1611 1372 1702 1403 Bru-

229 1431 303 1467 tus,
329 1421 553 1469 vorgestellt
579 1419 721 1453 wurde.
771 1417 806 1451 S.
845 1429 912 1462 pro
937 1418 1065 1452 Sextio
1090 1430 1121 1452 c.
1147 1421 1214 1460 563
1248 1418 1293 1452 de
1318 1418 1402 1452 Div.
1431 1429 1463 1453 e.
1488 1421 1544 1454 22.
1591 1420 1706 1451 Varro

229 1473 274 1506 de
301 1473 341 1505 L.
367 1471 408 1503 11.
435 1470 497 1503 IV.
548 1467 654 1502 Diess
671 1466 913 1512 Gegenstiick
941 1478 1011 1499 zur
1035 1466 1198 1500 zweiten
1213 1467 1419 1513 Befreiung
1445 1467 1554 1500 Roms
1581 1466 1704 1499 durch

232 1522 276 1553 M.
304 1521 454 1559 Brutus,
481 1516 543 1549 ein
568 1514 873 1554 Nazionalstiick,
915 1512 1017 1547 h'zitte
1054 1515 1121 1547 auf
1149 1514 1210 1547 die
1244 1513 1462 1561 Stimmung·
1495 1514 1557 1547 des
1591 1514 1705 1547 Volks

231 1568 309 1601 viel
337 1563 632 1600 vortheilhafter
657 1561 808 1595 wit-ken
833 1561 1008 1604 konnen3
1046 1561 1135 1595 aber
1167 1562 1207 1594 C.
1233 1562 1429 1600 Antonius,
1465 1561 1533 1595 der
1559 1561 1613 1594 als
1640 1573 1705 1596 an-

232 1614 430 1650 wesender
463 1613 593 1645 Pr'a‘tor
639 1609 700 1643 bei
741 1609 814 1642 den
860 1608 1017 1654 Spielen
1058 1609 1282 1654 pr'a'sidirte,
1320 1610 1408 1643 liess
1451 1616 1539 1644 statt
1584 1610 1703 1643 dieses

231 1660 496 1706 Trauerspiels
521 1659 594 1693 den
618 1657 760 1692 Tereus
787 1656 922 1704 geben.
971 1656 1057 1703 vgl.
1085 1668 1144 1701 ep.
1170 1658 1252 1697 745,
1280 1658 1315 1692 3.
1342 1658 1425 1698 751,
1450 1659 1484 1692 3.
1511 1676 1551 1683 —
1589 1658 1703 1701 asfla-

230 1715 346 1753 verat,
369 1709 473 1742 hatte
498 1706 568 1740 ihn
593 1704 809 1753 angeweffl,
835 1705 1043 1739 affinxerat.
1093 1705 1132 1738 S.
1159 1704 1205 1739 de
1230 1704 1375 1738 Senect.
1401 1716 1433 1738 c,
1464 1707 1516 1739 17.
1541 1706 1702 1739 suavita-

231 1766 309 1792 tem
335 1757 506 1797 odorum,
534 1754 598 1799 qui
624 1754 797 1787 afflarent
831 1763 849 1786 e
884 1752 1053 1786 floribus.
1100 1769 1142 1776 —
1200 1753 1449 1786 commissione
1484 1753 1705 1786 Graecorum

230 1807 407 1839 ludorum
434 1804 457 1836 i.
483 1814 514 1836 e.
540 1813 655 1848 quum
681 1799 819 1834 Graeci
844 1800 925 1833 ludi
952 1800 1295 1840 committerentur,
1327 1801 1608 1843 infrequentem
1635 1811 1702 1845 po-

231 1855 362 1900 pulum
392 1851 554 1885 affuisse.
611 1849 734 1883 Unter
758 1848 831 1881 (len
857 1847 1133 1881 Griechischen
1174 1848 1328 1893 Spielen
1359 1847 1444 1880 sind
1473 1859 1596 1881 ausser
1630 1849 1703 1881 den

232 1901 380 1944 Satyris
414 1911 449 1932 u.
482 1896 609 1931 mimis
641 1898 685 1939 (s.
727 1896 773 1929 ad
799 1895 932 1933 Famil,
966 1896 1049 1937 VII,
1084 1897 1134 1937 l.)
1170 1895 1257 1929 hier
1290 1894 1388 1928 auch
1419 1894 1479 1928 die
1517 1908 1581 1929 aus
1617 1896 1703 1929 dem

232 1947 511 1983 Griechischen
536 1943 841 1993 nachgeahmten
867 1944 1030 1976 Trauer-
1055 1944 1130 1976 und
1156 1943 1377 1989 Lustspiele‚
1410 1943 1488 1976 also
1514 1943 1612 1977 auch
1636 1944 1703 1977 ‹ler

233 1997 375 2030 Tereus
402 2007 449 2027 zu
474 1992 688 2028 verstehen.
742 1992 868 2025 Daher
906 1992 999 2024 oben
1031 2001 1100 2023 von
1132 2001 1257 2024 uocum
1291 1991 1351 2024 die
1377 1990 1546 2038 richtige
1573 1992 1703 2025 Lesart

230 2045 289 2079 ist.
318 2062 359 2068 —
380 2043 543 2084 fefellit,
570 2040 674 2074 mich
698 2038 802 2072 hatto,
829 2041 900 2073 Das
925 2050 995 2085 gar
1019 2038 1128 2071 nicht
1153 2038 1374 2072 befremdet.
1414 2057 1454 2063 ——
1500 2032 1703 2073 Ezistimem

231 2093 257 2125 i.
295 2103 327 2125 e.
367 2101 427 2123 eos
470 2089 627 2122 minime
666 2087 801 2135 dignos
844 2098 942 2125 esse,
983 2086 1047 2131 qui
1087 2092 1315 2130 spectentur.
1364 2086 1469 2127 (vid.
1512 2098 1569 2130 ep.
1609 2089 1703 2127 126.)

231 2138 428 2173 MANUT.
480 2136 614 2170 Cicero
647 2134 750 2170 hatte
783 2133 974 2167 vielmehr
1006 2133 1222 2180 desswcgen
1255 2133 1394 2168 keinen
1426 2145 1585 2181 grossen
1618 2135 1695 2167 Bei-

230 2187 300 2220 fau
326 2190 518 2225 erwartct‚
542 2183 633 2218 weil
658 2183 760 2217 diese
793 2181 1105 2227 nachgebildeien
1133 2181 1413 2215 Griechischen
1438 2181 1577 2215 Stiicke
1602 2182 1701 2216 noch

231 2247 279 2268 zu
303 2234 433 2280 wenig
459 2232 625 2278 Eleganz
650 2230 781 2264 hatten
805 2229 880 2263 und
905 2229 987 2261 dem
1014 2229 1132 2263 Volke
1159 2242 1205 2263 zu
1228 2231 1314 2263 fern
1340 2230 1464 2276 lagen.

325 2301 358 2334 2.
410 2298 558 2332 Quintus
584 2296 696 2330 filius.
738 2295 774 2329 S.
804 2306 859 2339 ep.
888 2293 967 2335 7484
996 2296 1030 2335 6,
1061 2306 1120 2329 wo
1153 2295 1422 2343 vorliegender
1446 2297 1556 2330 Brief
1588 2310 1701 2333 ano-e‘

230 2346 396 2394 kundigt
435 2345 577 2379 wurde.
630 2364 669 2370 -—
729 2347 897 2387 quantum
939 2342 1065 2376 hamb.
1108 2343 1293 2387 quamdiu,
1337 2350 1376 2377 ut
1416 2345 1564 2380 volebat
1604 2329 1695 2383 Εἶη,

233 2394 430 2430 ORELLI.
458 2410 497 2416 -——
528 2393 564 2424 in
591 2391 689 2424 omni
711 2401 856 2433 genere,
883 2391 921 2422 in
947 2390 1054 2423 ieder
1078 2391 1265 2424 Hinsicht.
1309 2391 1344 2425 S.
1376 2392 1527 2426 Ramsh.
1562 2395 1590 2436 ξ.
1619 2397 1698 2435 203,

231 2445 265 2478 2.
294 2461 335 2467 —-
363 2442 400 2475 in
426 2450 492 2484 quo
518 2451 560 2472 m.
589 2441 728 2481 satisf,
755 2438 904 2480 „worin
928 2450 1012 2471 man
1040 2439 1168 2472 bisber
1192 2450 1250 2472 am
1266 2439 1495 2487 Wenigsten
1521 2442 1591 2475 mit
1617 2442 1697 2475 ihm

232 2489 427 2524 zufriedan
453 2487 576 2523 war.“
627 2487 682 2519 Er
707 2486 826 2519 ineint
859 2486 990 2519 dessen
1016 2486 1288 2520 Fronndschast
1321 2488 1391 2521 mit
1416 2489 1597 2522 Antonius
1623 2490 1698 2523 und

229 2539 303 2571 den
330 2536 585 2571 casarianern.
635 2534 670 2567 S.
701 2545 756 2579 ep.
784 2535 864 2569 694.
892 2536 972 2569 699.
1000 2534 1078 2568 701.
1127 2554 1168 2560 —-
1225 2534 1333 2571 assid.
1361 2540 1455 2568 orat.
1481 2540 1524 2570 st.
1553 2537 1695 2569 assiduo

231 2596 418 2624 sermone,
444 2582 566 2616 durch
591 2581 651 2615 die
676 2581 823 2635 h‘dufige
850 2581 1147 2628 Unterhaltung.
1198 2603 1240 2608 —-
1291 2584 1390 2626 quali
1415 2595 1499 2616 eum
1525 2595 1614 2617 esse.
1651 2603 1694 2609 ..-

229 2634 308 2675 egit
332 2644 478 2672 mecum,
503 2631 547 2663 da
572 2630 691 2673 drang·
716 2641 758 2663 er
782 2641 821 2661 1n
847 2629 962 2661 mich.
999 2651 1040 2656 -
1090 2630 1190 2664 Quod
1213 2630 1284 2662 nisi
1306 2631 1362 2664 als
1388 2632 1596 2678 Gegensatz
1623 2644 1695 2666 von

229 2681 322 2725 quod
345 2682 397 2714 si.-
441 2679 521 2721 „im
548 2678 632 2711 Fan
667 2678 748 2710 dass
783 2688 824 2710 er
857 2677 965 2710 nicht
998 2677 1180 2711 wirklich
1214 2678 1313 2714 diese
1347 2672 1626 2726 Uber-zeugung
1655 2681 1694 2712 in

227 2730 301 2762 mir
326 2725 652 2774 her-vorgebracht
676 2725 791 2760 h‘u‘tte.
829 2744 868 2750 —
902 2725 1049 2765 firmum
1067 2727 1174 2767 sore,
1209 2725 1291 2759 sich
1317 2725 1523 2773 bestssa'tigen
1550 2727 1691 2762 wiirde.
