1795 3086
290 79 598 127 EPISTOLA
630 77 970 128 DCCCLVIJI.
1001 78 1292 122 DCCCLIX.
1432 79 1517 126 391

226 213 536 257 EPISTOLA
567 213 861 254 DCCCLIX.
916 215 992 266 (ad
1015 214 1118 255 Div.
1141 213 1248 257 VII.
1272 212 1356 262 21.)

591 289 673 324 Ser.
709 302 804 325 anno
831 292 989 326 incerto.

417 364 505 399 Silii
538 373 684 397 causam
717 361 893 397 Trebatio
919 364 1164 398 commendat.

499 434 674 469 CICERO
701 433 945 468 TREBATIO
982 434 1017 468 S.
1052 435 1096 468 D.

172 508 276 549 Silii
326 519 500 547 causam
549 510 591 546 te
640 505 784 545 docui.
868 506 914 546 Is
954 510 1105 560 postea
1152 505 1236 546 suit
1282 504 1396 559 apud
1435 517 1515 545 me.

2 577 9 591 ’Δ
64 563 210 612 Quum
239 563 280 603 ci
311 563 504 602 dicerem
535 561 616 601 tibi
644 560 789 602 videri
830 561 1106 614 sponsionem
1145 561 1268 600 illam
1308 574 1387 600 nos
1425 559 1518 600 sine

2 616 9 633 ⁶
62 619 259 671 periculo
298 617 444 657 faeere
485 630 636 669 posse,
696 616 751 656 SI
807 615 1117 656 BONORUM
1173 614 1518 656 TURPlLIAE

2 679 9 727 j*
62 670 530 715 POSSESSIONEM
561 673 614 721 Q.
647 671 878 712 CAEPIO
918 670 1220 712 PRAETOR
1259 670 1347 710 EX
1385 670 1518 710 EDI—

8 762 9 773 ,
62 729 187 770 CTO
218 728 337 770 SUO
367 727 513 769 MIHI
543 727 761 777 DEDIT,
801 741 961 781 negare
991 727 1135 767 aiebat
1164 726 1363 768 Servium
1393 726 1516 766 tabu-

3 794 9 832 ,ὁ
63 785 128 825 las
159 785 411 826 testamenti
453 797 549 824 esse
587 796 684 830 eas,
721 796 827 837 quas
858 781 1126 824 instituisset
1154 783 1216 834 is,
1254 782 1329 835 qui
1360 780 1518 821 sactio-

3 837 6 886 ξ
63 853 161 880 nem
190 839 442 885 testamenti
472 852 558 880 non
587 837 812 879 habuerit:
852 836 940 885 hoc
978 836 1096 877 idem
1127 836 1317 878 Ofilium
1346 836 1518 875 dicere:

4 888 9 960 Jss
62 900 206 935 tecum
235 909 283 936 se
312 896 508 936 locutum
538 894 752 947 negabat3
789 906 946 947 meque
975 892 1164 946 rogavit,
1195 895 1243 932 ut
1270 905 1316 932 se
1346 894 1390 932 et
1419 904 1518 933 cau-

157 1073 423 1108 TREBATIO.
474 1072 510 1107 S.
539 1085 571 1106 z.
599 1082 655 1117 ep.
684 1072 752 1107 135
776 1070 829 1113 im
856 1070 942 1104 Ans.
970 1070 1049 1106 756.
1077 1071 1156 1104 757.

155 1148 188 1180 1.
224 1144 313 1179 Silii
338 1154 491 1179 causam.
542 1143 659 1178 Causa
683 1142 776 1176 haec
803 1148 901 1176 eratt
928 1141 1103 1188 Tur-pilia
1128 1145 1393 1179 testamentum
1417 1139 1520 1172 fece-

5 1191 11 1222 ὖ
59 1199 118 1227 rat
145 1204 259 1237 eoque
283 1198 504 1231 testamento
531 1191 668 1226 Silium
702 1190 884 1225 heredem
917 1190 996 1224 sive
1030 1201 1074 1224 ex
1100 1200 1179 1223 asse
1196 1231 1198 1233 Ι
1218 1187 1297 1222 sive
1324 1199 1369 1221 ex
1394 1186 1520 1231 aliqua

9 1255 11 1258 ⁴
59 1247 167 1287 parte
192 1243 346 1274 fecerat.
397 1239 510 1273 Silius
547 1240 731 1274 bonorum
767 1238 1033 1285 possessionem
1066 1235 1268 1271 secundum
1301 1234 1443 1269 tabulas
1476 1245 1522 1268 ex

5 1303 8 1313 ·
61 1289 184 1323 edicto
215 1285 402 1334 praetoris
427 1288 627 1332 petiverat,
661 1300 689 1321 s.
723 1286 847 1332 potius
878 1291 1028 1331 praetor
1061 1285 1238 1322 edixerat,
1272 1294 1309 1321 se
1341 1283 1521 1317 bonorum
1554 1321 1566 1326 ἡ,

59 1336 331 1382 possessionem
368 1335 569 1368 seeundum
601 1334 741 1368 tabulas
777 1334 989 1367 testamenti
1023 1332 1117 1366 Silio
1151 1333 1335 1375 daturum.
1388 1329 1520 1372 Silius,

60 1396 176 1429 quum
202 1383 353 1431 cognati
390 1383 483 1416 bona
518 1382 563 1416 ad
597 1393 634 1415 se
660 1381 850 1427 pertinere
878 1381 1060 1422 dicerent,
1097 1381 1181 1423 quia
1208 1379 1382 1423 Tui-pilia
1408 1383 1521 1411 testa-

6 1431 13 1472 ?
58 1432 177 1466 menti
201 1430 406 1464 factionem
431 1442 506 1464 non
531 1429 720 1463 habuisset
757 1435 795 1462 et
820 1430 870 1462 ita
897 1435 1163 1462 testamentum
1200 1437 1273 1460 non
1313 1431 1408 1460 esset
1441 1425 1523 1458 iure

11 1492 13 1524 3
58 1482 211 1520 factum,
239 1479 362 1512 edicto
390 1478 572 1523 praetoris
607 1478 726 1511 fretus
763 1476 1001 1520 sponsionem
1038 1477 1165 1509 facere
1191 1486 1275 1508 cum
1302 1475 1354 1508 eis
1380 1472 1522 1521 cogita-

60 1528 121 1561 bat
145 1526 382 1560 huius-modi:
408 1526 448 1558 ni
467 1526 641 1559 bonorum
668 1524 858 1568 Turpiliae
879 1524 1142 1567 possessionem
1164 1526 1315 1566 praetor
1340 1532 1382 1555 ex
1408 1522 1523 1554 edicto

12 1571 14 1617 '-
59 1586 123 1609 suo
157 1573 250 1608 milti
281 1573 387 1615 dedit,
422 1577 561 1606 centum
593 1573 680 1605 dare
715 1572 890 1614 spondes?
941 1571 1013 1604 Sed
1046 1571 1178 1604 Cicero
1214 1569 1303 1603 Silii
1328 1575 1522 1615 patronus,

8 1641 14 1663 ρ,
60 1622 279 1669 priusquam
305 1620 405 1653 hanc
430 1620 665 1666 sponsionem
692 1618 804 1652 Silius
829 1620 984 1660 faceret,
1018 1617 1236 1660 Trebatium
1269 1617 1521 1657 consuluerat,

8 1667 13 1709 ἶ,
60 1676 230 1716 possetne
256 1669 352 1701 hanc
378 1669 618 1712 sponsionem
644 1669 769 1701 facere
792 1663 876 1700 'sine
901 1666 1083 1712 periculo.
1133 1665 1390 1710 Respondet-at
1427 1663 1522 1697 Tre-

8 1728 11 1742 *
59 1718 179 1755 batius
204 1727 324 1762 posse.
375 1715 527 1750 Servius
553 1722 674 1749 autem
701 1714 895 1760 Sulpicius
932 1715 1022 1748 item
1055 1714 1247 1748 consultus
1279 1713 1437 1761 negabat
1463 1723 1523 1745 ra-

61 1766 274 1808 tionemque
307 1763 404 1797 hanc
437 1763 627 1806 afferebat,
660 1762 750 1806 quia
775 1762 923 1797 tabulae
949 1762 1163 1796 testamenii
1197 1771 1273 1795 non
1299 1766 1421 1799 essent
1448 1770 1522 1801 eae,

14 1852 15 1855 Ἴ
59 1825 149 1859 quas
173 1811 399 1846 instituisset
423 1811 467 1853 is,
495 1811 558 1855 qui
583 1811 795 1845 testamenti
820 1810 1019 1845 factionem
1045 1821 1118 1844 non
1142 1810 1311 1844 haberet.
1365 1807 1524 1846 Omnino

59 1860 255 1895 Trebatius
294 1859 388 1892 bene
425 1858 682 1904 responderat.
733 1858 830 1892 Satis
867 1864 947 1891 erat
981 1858 1082 1892 enim
1118 1869 1198 1892 esse
1231 1858 1374 1896 tabulas
1409 1861 1522 1890 testa-

59 1908 200 1949 menti,
237 1907 441 1942 secundum
475 1918 564 1950 quas
601 1906 786 1940 bonorum
823 1905 1007 1950 possessio
1041 1912 1248 1950 peteretur.
1306 1906 1389 1943 Non
1423 1903 1524 1938 enim

13 1969 16 2001 ζ
60 1954 318 2000 quaerebatur,
350 1960 614 1988 testamentum
650 1960 745 1988 esset
780 1960 900 1987 ratum
936 1965 982 1986 an
1008 1953 1178 1997 irritum5
1213 1955 1366 1991 firmum
1393 1963 1438 1985 an
1465 1951 1523 1990 in·

6 2018 17 2036 υ.
61 2005 233 2039 firmum:
277 2001 341 2036 sed
375 2009 519 2038 essetne
551 2003 691 2036 sactum
728 2008 1001 2036 testamentum.
1059 2002 1187 2045 Itaque
1228 2001 1312 2037 sine,
1352 1999 1525 2046 periculo

15 2061 17 2065 ¹
51 2057 208 2098 ,poterat
233 2050 302 2087 illa
327 2050 474 2095 sponsio
500 2050 596 2083 fieri.
621 2049 783 2083 LAMB.
816 2069 858 2074 ——
908 2049 969 2083 SI.
1018 2049 1146 2082 Lamb.
1185 2049 1279 2083 Ern.
1313 2048 1400 2087 Sch.
1427 2048 1523 2081 Liin.

16 2100 18 2140 l
58 2100 130 2135 NI.
155 2111 190 2134 v.
217 2097 336 2135 Rostii
360 2098 608 2140 Programma
635 2099 736 2132 1820.
770 2108 806 2142 p.
832 2099 865 2131 9.
905 2097 1018 2130 Beier
1050 2097 1156 2139 offic.
1182 2097 1210 2131 1.
1238 2099 1270 2132 2.
1305 2108 1342 2142 p.
1367 2096 1449 2131 328.
1484 2095 1521 2128 Ρ.

48 2147 106 2184 ,Ε.
141 2145 319 2184 Huschke
354 2146 398 2180 de
423 2156 535 2179 causa
557 2144 700 2179 Siliana
738 2152 806 2179 cet.
841 2144 1033 2181 Rostochii
1061 2145 1160 2180 1824.
1194 2145 1268 2178 ΟΕ.
1319 2145 1364 2177 In
1390 2143 1520 2178 huius-

17 2206 18 2236 }
50 2193 164 2231 .modi
188 2193 429 2239 sponsionum
464 2193 638 2227 formulis
673 2194 754 2226 fere
789 2193 944 2237 ponitur
977 2193 1026 2226 υἱ.
1076 2191 1192 2226 Silius
1226 2192 1347 2240 igitur
1379 2197 1521 2225 certam

12 2280 18 2284 .,
60 2242 256 2288 pecuniam
281 2241 467 2286 spondere
491 2240 655 2281 debebat,
681 2241 721 2273 ni
747 2247 898 2285 praetor
922 2239 1192 2284 possessionem
1216 2241 1398 2274 bonorum
1423 2238 1520 2271 Tur-

35 2295 39 2299 '
60 2289 178 2335 piliae
204 2287 276 2324 sibi
302 2288 472 2328 dedisset.
525 2305 567 2311 —
621 2289 659 2323 Q.
689 2287 875 2323 CAEPIO
919 2287 992 2322 del.
1019 2299 1104 2321 cum
1130 2287 1221 2323 Cdd.
1249 2288 1396 2332 aliquot
1429 2285 1518 2320 Sch.

4 2348 19 2381 'J
60 2339 154 2371 Liin.
185 2336 256 2369 ΟΒ.
306 2337 439 2370 Putant
463 2337 514 2370 M.
542 2337 698 2371 Brutum
725 2335 933 2381 significari
960 2335 1002 2370 ab
1028 2336 1211 2369 avunculo
1237 2334 1405 2370 Servilio
1430 2333 1519 2367 cae-

18 2425 19 2432 *
60 2385 172 2430 pione
196 2383 421 2428 adoptatum.
473 2382 545 2419 Sed
569 2394 772 2427 numquam
806 2385 939 2417 Brutus
971 2383 1200 2428 simpliciter
1224 2389 1374 2421 vocatus
1399 2387 1452 2416 est
1480 2382 1518 2416 Q.

17 2442 19 2446 ’
63 2432 214 2476 Caepio,
239 2430 302 2466 sed
328 2442 476 2475 semper
510 2432 549 2466 Q.
579 2431 714 2474 Caepio
739 2431 888 2464 Brutus.
938 2431 1020 2464 vid.
1051 2443 1108 2476 ep.
1135 2432 1182 2466 50
1216 2437 1253 2464 et
1286 2430 1451 2474 Philipp.
1478 2429 1518 2467 X.

14 2503 17 2534 3
62 2480 170 2515 SCH.
198 2499 238 2505 —
271 2478 443 2515 DEDIT,
469 2479 562 2512 Ern.
589 2479 683 2511 coni.
709 2478 797 2513 sch.
825 2480 917 2512 Liin.
945 2479 1097 2513 dederit.
1125 2497 1166 2502 —
1202 2478 1368 2512 Servium
1393 2475 1520 2521 Sulpi-

15 2539 18 2552 ·
62 2528 176 2568 cium,
201 2525 416 2571 prinoipem
441 2526 533 2560 iuris
560 2526 816 2560 consultorum
843 2526 948 2560 illius
974 2527 1113 2561 aetatis.
1152 2526 1259 2561 SCH.
1295 2544 1344 2554 -s
1380 2525 1522 2559 tabulas

62 2575 260 2609 testamenti
285 2584 361 2607 esse
386 2575 409 2607 i.
435 2584 465 2607 e.
492 2585 561 2618 pro
584 2580 806 2608 testamento
832 2574 959 2609 valere
985 2585 1104 2620 posse.
1138 2592 1181 2598 —-
1208 2574 1414 2615 factionem
1440 2572 1463 2605 i.
1489 2583 1519 2606 e.

63 2623 119 2656 ius
146 2621 306 2656 faciendi
333 2623 542 2655 testamenti.
595 2640 636 2645 —
691 2621 836 2661 Ofilium
862 2622 1003 2655 clarum
1030 2621 1350 2661 iurisconsultum‚
1378 2621 1423 2654 de
1447 2631 1519 2666 quo

63 2670 286 2714 Pomponius
312 2669 357 2702 de
384 2670 527 2716 origine
555 2668 658 2704 iuris.
687 2670 883 2704 MANU'J'.
926 2669 959 2703 S.
990 2682 1035 2703 zu
1062 2681 1118 2714 op.
1145 2671 1226 2711 621,
1250 2671 1284 2704 4.
1336 2667 1518 2713 Ulpianus

62 2718 203 2765 Dignst.
231 2718 305 2759 LV,
336 2719 364 2752 1.
393 2717 580 2752 Dodweu.
606 2718 644 2750 in
672 2718 767 2762 App.
795 2718 973 2752 Praelect.
1002 2717 1172 2750 camden.
1200 2729 1233 2762 p.
1248 2719 1326 2753 780.
1357 2715 1518 2759 Offilium
