1795 3086
216 58 312 107 328
478 58 541 101 Μ.
573 60 630 102 Τ.
671 56 1010 101 CICERONIS
1062 56 1434 100 EPISTOLAE.

218 173 400 216 senatus
430 175 560 224 esset,
602 173 653 211 ut
682 169 869 224 quisque
899 167 1402 210 honorificentissimam
1439 168 1496 210 de
1532 171 1576 210 te
1605 182 1703 211 sen-

217 228 404 270 tentiam
434 228 644 278 dixisset,
684 239 781 266 eam
809 228 988 266 secutus
1018 238 1183 265 essem:
1214 226 1291 279 qui
1332 228 1451 265 certe
1480 238 1562 279 ego
1591 224 1703 266 fuis-

220 299 329 326 sem.
388 283 480 324 Sed
509 286 693 338 propter
719 281 975 322 tarditatem
1005 281 1321 322 sententiarum
1350 294 1604 335 moramque
1634 295 1704 322 re-

220 354 335 390 rum,
364 352 498 393 quum
528 351 595 384 ea,
635 351 747 392 quae
777 338 1133 383 consulebantur,
1173 336 1230 377 ad
1270 335 1441 377 exitum
1483 350 1571 377 non
1605 350 1705 391 per-

222 395 442 447 venirent,
491 393 899 435 commodissimum
936 393 1050 434 mihi
1088 392 1349 446 Plancoque
1387 391 1521 432 fratri
1559 393 1705 433 visum

222 455 291 493 est
320 451 386 491 uti
417 464 485 503 eo,
525 450 644 504 quod
682 463 737 490 ne
766 452 919 490 nostro
949 450 1169 490 arbitratu
1208 451 1564 502 componeretur,
1605 447 1707 502 quis

222 506 361 548 fuerit
390 507 724 561 impedimento,
765 505 965 545 arbitror
1003 508 1048 545 te
1089 518 1147 545 ex
1177 504 1339 545 Planci
1368 504 1516 544 literis
1546 517 1707 558 cogno-

161 569 190 610 3
224 563 358 604 visse.
415 561 507 603 Sed
535 561 708 603 sivein
737 560 1121 601 senatusconsulto
1158 559 1254 601 sive
1291 560 1338 600 in
1377 560 1541 600 ceteris
1579 561 1708 600 rebus

224 618 456 660 desideras
487 616 682 673 aliquid,
735 617 801 657 sic
849 615 934 665 tibi
974 615 1206 670 persuade,
1244 619 1412 656 tantam
1453 628 1550 657 esse
1591 615 1708 670 apud

225 687 377 716 omnes
405 675 544 715 bonos
573 674 641 714 tui
670 673 920 723 caritatem,
966 675 1016 712 ut
1044 672 1214 712 nullum
1243 685 1379 725 genus
1408 671 1711 726 amplissimae

225 730 460 784 dignitatis
491 728 748 782 excogitari
787 726 943 781 possit,
992 726 1111 781 quod
1155 726 1238 767 tibi
1276 740 1363 767 non
1403 730 1602 781 paratum
1634 726 1707 768 sit.

225 786 407 827 Literas
435 789 533 826 tuas
562 784 848 826 vehementer
877 786 1105 839 exspecto,
1145 786 1190 824 et
1229 782 1410 836 quidem
1438 783 1564 836 tales,
1602 796 1711 837 qua-

225 842 293 883 les
323 840 522 883 maxime
550 844 670 895 opto.
729 840 859 882 Vale.

225 982 351 989 ”—
651 983 692 987 .--(
732 984 813 987 m>

227 1075 417 1111 militibus
441 1074 685 1121 permitteret
727 1073 877 1108 viritim
914 1071 1150 1114 dividendos,
1186 1078 1227 1106 ut
1258 1071 1333 1106 hoc
1368 1072 1489 1106 veluti
1522 1072 1715 1119 congiario

227 1135 312 1158 suos
347 1123 531 1157 exercitus
563 1122 634 1155 sibi
669 1127 705 1155 et
743 1122 801 1155 rei
837 1120 1012 1167 publicae
1050 1121 1250 1155 redderent
1280 1120 1532 1154 devinetiores
1571 1120 1714 1154 retine-

227 1178 389 1214 rentque
416 1170 560 1204 milites
588 1171 628 1202 in
655 1169 793 1203 officio.
827 1189 870 1195 —
905 1169 1014 1211 scito,
1040 1169 1075 1203 si
1103 1195 1111 1203 .
1139 1194 1146 1201 .
1165 1169 1340 1211 fuissem,
1374 1178 1414 1202 so
1440 1168 1568 1211 wisse,
1599 1179 1715 1203 wenn

227 1220 297 1254 der
321 1219 438 1254 Senat
462 1217 625 1251 dar-iiber
649 1216 864 1251 abermahls
890 1219 994 1251 w'dre
1021 1216 1179 1263 befragt‚
1205 1228 1251 1250 zu
1269 1215 1392 1251 Rathe
1417 1227 1586 1264 gezogen
1611 1227 1715 1251 wor-

228 1269 315 1309 den,
343 1278 384 1301 so
409 1269 513 1301 ware
538 1265 604 1299 ich
630 1266 769 1314 gewiss
795 1267 906 1308 Dem,
941 1265 1008 1299 der
1033 1277 1093 1298 am
1119 1265 1404 1298 ehrenvollsten
1438 1265 1500 1297 fiir
1521 1263 1622 1298 Dich
1647 1275 1714 1311 ge-

229 1316 378 1351 stimmt
403 1315 521 1358 hatte,
560 1315 682 1348 sofort
711 1314 968 1362 beigetreten:
1003 1313 1081 1346 und
1114 1314 1205 1354 Der,
1236 1312 1412 1346 welcher
1444 1323 1482 1345 so
1515 1312 1716 1347 ehrenvoll

228 1366 294 1398 fiir
329 1362 431 1399 Dich
466 1362 663 1411 gestimmt
705 1361 824 1403 hatte,
867 1363 971 1396 w'are
997 1360 1126 1395 sicher
1163 1359 1228 1393 ich
1253 1363 1474 1404 gewesen.“
1524 1359 1716 1395 Sententia

227 1412 322 1446 haec
349 1418 422 1446 est:
449 1411 544 1453 „sed
571 1411 615 1451 is,
642 1410 707 1454 qui
733 1409 932 1444 honorific.
972 1409 1018 1442 de
1044 1416 1080 1443 te
1107 1409 1329 1443 sententiam
1357 1408 1524 1450 dixisset,
1562 1415 1603 1442 ut
1629 1410 1717 1451 scis,

231 1465 384 1508 egomet
415 1459 497 1504 ipse
532 1458 728 1492 fuissemf‘
779 1457 1048 1505 Negligentius
1081 1468 1168 1490 sane
1200 1456 1347 1490 dictum
1379 1463 1447 1496 est,
1491 1456 1554 1490 sed
1589 1456 1718 1490 admo-

229 1509 319 1542 dum
345 1507 498 1540 urbane.
543 1507 706 1548 dixisset,
742 1506 802 1551 qui
837 1516 916 1538 eam
952 1508 1094 1538 secutus
1131 1509 1232 1546 esset,
1267 1508 1362 1537 certe
1397 1515 1466 1546 ego
1489 1504 1646 1545 fuissem
1672 1504 1718 1538 de

229 1555 386 1591 Graevii
414 1566 514 1600 susp.
543 1554 631 1588 Seh.
659 1555 753 1587 Liin.
782 1552 978 1587 ORELLI.
1004 1571 1052 1577 —
1075 1557 1224 1586 sentent.
1250 1551 1319 1585 der
1347 1552 1607 1600 Abstimmung
1633 1551 1718 1585 dax·-
1786 1582 1787 1586 ,

228 1605 334 1639 iiber.
364 1622 406 1628 -
432 1613 574 1636 moram
599 1628 607 1636 .
634 1628 642 1635 .
671 1613 807 1641 rerum,
844 1601 906 1635 des
933 1599 1144 1634 Aufschubs
1169 1600 1241 1635 der·
1266 1611 1411 1647 ganzen
1438 1599 1572 1634 sache.
1601 1619 1643 1624 —
1673 1601 1722 1634 ad
1786 1626 1787 1648 ἱ

231 1653 382 1690 exilum,
410 1663 456 1685 zu
482 1651 604 1693 Ende,
632 1651 699 1684 in’s
726 1650 855 1684 Reine.
881 1667 928 1674 —
959 1649 1014 1682 uli
1040 1659 1094 1683 eo,
1143 1649 1368 1692 „Excidisse
1393 1648 1545 1681 videtur
1569 1648 1721 1682 Senatus

230 1701 437 1734 consulto.“
464 1698 568 1742 soh,
596 1704 633 1733 et
654 1705 740 1733 ante
766 1710 850 1732 eum
878 1697 1027 1731 Rostius
1054 1697 1157 1741 Spec,
1183 1698 1215 1730 4.
1243 1709 1280 1742 p.
1309 1698 1342 1731 S.
1369 1697 1504 1739 Recte,
1551 1696 1625 1729 nisi
1651 1707 1720 1742 po-

230 1750 305 1783 tius
331 1749 366 1783 S.
398 1748 438 1782 O.
466 1747 619 1781 transiit
644 1747 683 1779 in
709 1758 762 1780 eo.
789 1745 988 1780 ORELLI.
1025 1763 1072 1769 --
1097 1746 1191 1790 quod
1214 1756 1256 1778 ne
1282 1770 1290 1777 .
1321 1770 1330 1778 .
1359 1769 1367 1777 .
1394 1743 1619 1788 cognovisse,
1645 1754 1719 1777 von

229 1796 424 1832 welchem
447 1795 646 1830 Beschluss
673 1795 771 1830 Dein
796 1794 944 1828 Bruder
968 1794 1041 1829 Dix·
1071 1793 1172 1829 wird
1199 1792 1387 1840 gemeldet
1421 1792 1569 1831 haben,
1618 1792 1721 1828 Wer

231 1845 378 1879 Schuld
413 1845 474 1886 ist,
515 1844 596 1878 dass
623 1855 665 1877 er
690 1843 800 1877 nicht
833 1855 930 1891 ganz
956 1841 1052 1876 nach
1079 1853 1243 1876 unseren
1267 1840 1498 1877 Wiinschen
1533 1841 1721 1888 abgefasst

230 1893 378 1929 wurde.

327 1962 362 1996 3.
412 1961 487 1994 sive
511 1987 519 1995 .
547 1987 555 1993 .
581 1961 779 1999 desideras,
805 1970 919 1994 wenn
939 1958 1106 1994 Duauch
1132 1958 1171 1991 in
1200 1984 1208 1993 .
1236 1983 1244 1991 .
1274 1983 1282 1991 .
1309 1957 1400 1992 oder
1421 1957 1460 1990 in
1487 1982 1495 1990 .
1522 1982 1531 1990 .
1558 1982 1567 1990 .
1593 1956 1720 1991 Etwas

233 2009 451 2043 vermissest
477 2010 509 2043 d.
539 2010 563 2043 i.
590 2009 705 2043 daran
732 2015 975 2042 auszusetzon
1001 2007 1097 2041 hast.
1123 2025 1168 2032 —-
1194 2007 1309 2050 dign„
1338 2004 1646 2052 Auszeichnung.
1677 2026 1719 2031 —

233 2058 329 2101 quod
354 2062 378 2090 t.
406 2068 439 2091 n.
465 2063 589 2102 parat.
616 2057 679 2097 sit,
705 2056 766 2090 die
792 2057 863 2091 Dir
888 2056 999 2090 nicht
1024 2068 1072 2090 zu
1097 2056 1242 2090 Gebote
1270 2055 1409 2090 stando.
1447 2074 1487 2079 —
1528 2054 1651 2097 quales
1675 2078 1683 2085 .
1712 2078 1720 2087 0

233 2109 331 2147 opto,
373 2107 542 2140 n'zimlich
579 2106 640 2140 die
674 2105 890 2139 Nachricht
929 2116 1002 2139 von
1041 2104 1111 2138 der
1151 2104 1323 2152 velligen
1358 2100 1624 2149 Vernichtung
1660 2101 1721 2136 des

234 2154 420 2188 Antonius
447 2155 523 2189 und
551 2155 673 2190 §eines
700 2155 852 2188 Heeres.
