1795 3086
222 110 316 159 368
497 110 562 153 Μ.
590 111 652 153 Τ.
683 109 1026 155 CICERONIS
1056 110 1433 157 EPISTOLAE.

221 225 408 267 conatus
445 227 528 266 est.
586 221 642 264 In
671 235 760 275 quo
789 231 897 265 casu
934 226 1083 266 tamen
1122 224 1435 280 interpellatus
1473 229 1521 268 et
1560 225 1712 269 adhuc

221 281 340 325 vivit
367 283 414 321 et
440 279 620 321 dicitur.
641 280 855 321 victurus
914 278 1006 321 Sed
1034 285 1182 324 tamen
1211 281 1268 322 de
1296 281 1385 324 hoc
1414 293 1569 336 parum
1597 283 1712 324 mihi

159 341 187 385 5
221 341 391 380 certum
430 339 511 377 est.
590 333 758 390 Magno
788 347 908 377 ,cum
949 336 1106 379 dolore
1153 337 1482 392 parricidarum
1534 336 1712 393 elapsus

218 408 315 437 sum
344 392 418 434 iis.
478 390 734 434 Veniebant
770 390 889 432 enim
928 393 1086 434 eodem
1125 393 1280 434 furore
1317 394 1365 434 in
1412 407 1498 446 me,
1541 408 1627 448 quo
1665 396 1712 435 in

220 449 425 505 patriam,
453 447 649 490 incitati.
706 447 975 490 Iracundias
1005 453 1152 490 autem
1182 449 1344 490 harum
1375 456 1523 493 rerum
1552 463 1710 492 recen-

219 513 288 547 tes
317 504 566 547 habebant:
618 503 741 561 quod
777 503 1001 558 Lepidum
1040 504 1264 560 castigare
1304 519 1394 546 non
1434 506 1713 559 destiteram,

218 566 269 603 ut
307 560 617 615 exstingueret
656 561 863 602 bellumz-
899 560 1020 614 quod
1062 561 1292 615 colloquia
1330 561 1454 603 sacta
1491 563 1713 617 improba-

217 619 341 660 bam:
371 617 492 672 quod
521 618 694 672 legatos
723 616 815 658 fide
844 612 1011 670 Lepidi
1041 617 1204 657 missos
1234 616 1293 658 ad
1332 631 1402 658 me
1441 619 1488 659 in
1528 628 1713 672 conspe-

216 678 338 715 ctum
365 674 522 715 venire
549 678 803 723 vetueram5
832 671 952 727 quod
981 672 1032 713 C.
1064 672 1243 713 Catium
1273 673 1532 727 Vestinum,
1550 708 1553 709 γ
1571 675 1713 715 tribu-

216 744 320 771 num
348 730 560 782 militum,
589 730 771 771 missum
801 729 854 769 ab
878 727 1075 768 Antonio
1104 724 1162 768 ad
1193 741 1294 769 eum
1323 743 1424 770 cum
1454 730 1600 771 literis
1631 743 1711 771 ex-

216 799 435 841 ceperam.
508 785 563 827 In
610 792 699 841 quo
740 784 859 826 hanc
899 783 1030 838 capio
1070 784 1361 838 voluptatem,
1411 786 1533 840 quod
1575 791 1712 838 certe,

214 855 305 897 quo
342 841 486 897 magis
526 855 598 882 me
637 840 908 897 petiverunt,
959 842 1082 882 tanto
1122 839 1338 881 maiorem
1378 840 1437 882 iis
1474 841 1712 882 frustratio

152 913 180 955 5
217 899 423 940 dolorem
453 898 616 939 attulit.
677 895 1046 949 Tu,wmiCicer0‚
1075 895 1196 950 quod
1217 895 1367 937 adhuc
1397 896 1563 943 fecisti,
1592 897 1712 938 idem
1786 925 1791 937 .

216 958 419 1010 praesta;
468 957 518 994 ut
563 954 804 1008 vigilanter
850 961 1126 1006 nervoseque
1171 960 1268 1003 nos,
1316 952 1393 1006 qui
1444 957 1612 994 stamus
1664 952 1711 993 in
1784 940 1790 1005 Ῐ

215 1010 331 1064 acie,
372 1009 602 1050 subornes.
677 1008 845 1049 Veniat
883 1008 1051 1049 Caesar
1089 1021 1189 1048 cum
1231 1007 1390 1062 copiis,
1431 1022 1539 1064 quas
1577 1008 1713 1050 habet

215 1067 525 1107 firmissimas:
568 1068 659 1116 aut,
688 1064 734 1105 si
757 1063 903 1118 ipsum
931 1063 1085 1117 aliqua
1124 1076 1196 1104 res
1235 1063 1437 1118 impedit,
1481 1065 1711 1106 exercitus

214 1124 444 1169 mittatur3
483 1120 610 1161 cuius
650 1120 793 1175 ipsius
822 1132 1032 1173 magnum
1060 1118 1311 1173 periculum
1340 1121 1503 1174 agitur.
1564 1120 1710 1170 Quid-

214 1176 326 1234 quid
355 1176 598 1231 aliquando
628 1175 827 1217 futurum
865 1174 955 1216 suit
993 1174 1040 1214 in
1079 1174 1242 1215 castris
1282 1175 1564 1229 perditorum
1604 1190 1710 1217 con-

214 1240 288 1275 tra
316 1232 522 1289 patriam,
552 1232 642 1274 huc
671 1245 798 1273 omne
828 1231 919 1271 iam
948 1231 1171 1271 convenit.
1230 1230 1324 1272 Pro
1354 1230 1479 1272 urbis
1508 1245 1615 1273 vero
1640 1245 1709 1273 sa-

215 1292 310 1332 lute
350 1302 429 1330 cur
466 1301 556 1331 non
596 1287 801 1331 omnibus
840 1285 1146 1340 facultatibus,
1183 1293 1295 1341 quas
1333 1285 1563 1341 habemus,
1613 1292 1709 1330 uta-
1760 1286 1781 1335 ’ξ

212 1466 389 1501 schauen.
418 1483 460 1491 -·
494 1464 533 1499 in
548 1458 684 1508 fraud.
710 1463 802 1507 ded„
828 1458 895 1497 in’s
921 1464 1020 1498 Netz
1047 1460 1214 1511 gelockt.
1262 1475 1306 1487 ‘—
1347 1462 1620 1507 interpellatus,
1647 1463 1708 1498 bei

213 1516 355 1549 diesem
380 1513 537 1547 Unfalle
563 1513 721 1560 gestiirt.
750 1530 792 1536 --
821 1516 857 1544 et
882 1512 1020 1546 dicitur
1045 1511 1147 1553 vict„
1173 1509 1251 1543 und
1276 1516 1363 1545 man
1389 1510 1483 1556 sagi,
1518 1521 1561 1545 er
1585 1513 1707 1547 werd'

212 1575 273 1598 am
299 1562 425 1596 Leben
449 1561 621 1602 bleiben3
648 1560 707 1593 die
732 1559 891 1594 Wunde
917 1560 970 1593 sei
996 1558 1105 1593 nicht
1129 1557 1308 1593 tbdtlich.
1356 1557 1420 1593 Sie
1446 1571 1527 1593 war
1552 1570 1590 1593 es
1616 1561 1707 1594 aber

213 1610 311 1646 doch
344 1609 423 1643 und
452 1609 520 1643 der
544 1608 659 1643 Senat
684 1606 877 1641 beschloss
913 1607 996 1640 ihm
1022 1618 1159 1655 wegen
1197 1606 1316 1640 seines
1348 1607 1606 1642 Patriotismus
1643 1609 1706 1642 ein
1769 1601 1770 1607 ¹

213 1658 457 1694 ‘dffentliehes
481 1656 882 1704 Leichenbeg'a'ngniss
910 1655 985 1688 und
1013 1655 1098 1689 eine
1123 1655 1370 1689 Ehrensziule.
1768 1649 1770 1664 ³

306 1721 340 1756 5.
391 1731 468 1753 cum
495 1733 544 1752 :t
571 1730 675 1753 zum
701 1728 859 1766 grossen
888 1717 1104 1752 Verdrusse.
1142 1737 1185 1743 —-
1221 1715 1511 1760 parricidarum,
1537 1718 1607 1752 der
1633 1719 1704 1752 Va·-
1790 1756 1795 1763 ,

212 1766 560 1811 terlandsmb‘rder,
596 1766 924 1810 Antonianorum3
959 1766 1054 1801 weil
1084 1765 1185 1799 diese
1218 1765 1279 1798 die
1306 1764 1458 1809 Mb'rder
1482 1765 1545 1800 des
1574 1766 1703 1801 C'aeisars
1765 1773 1766 1779 ¹

212 1815 570 1852 vatermtirder
594 1821 784 1858 nannien,
811 1814 939 1848 indem
965 1813 1152 1849 Antonius
1178 1813 1303 1848 ienem'
1329 1812 1401 1846 den
1427 1814 1573 1849 Namen
1600 1814 1702 1848 eines

210 1866 342 1901 Vaters
369 1864 433 1899 des
458 1862 705 1899 Vaterlandes
731 1863 904 1912 gegeben
930 1862 1047 1897 hatte.
1098 1880 1141 1886 -
1194 1862 1308 1906 elaps.
1340 1870 1418 1894 snm
1450 1860 1513 1904 iis,
1547 1859 1611 1896 bin
1638 1862 1702 1896 ich

211 1913 330 1948 ihnen
357 1911 575 1958 entwiseht.
624 1911 690 1946 Sic
715 1910 789 1945 Md.
814 1910 959 1947 Vict.2.
985 1911 1082 1945 Ern.
1109 1909 1197 1944 Sch.
1223 1910 1319 1944 Liin.
1345 1909 1405 1943 ftis
1429 1909 1531 1944 Crat.
1557 1911 1701 1945 Vict.1.

211 1962 349 1996 Graev.
381 1960 521 1996 Bened.
548 1959 604 1994 his
628 1959 674 1995 de
700 1959 851 1994 Accolti
877 1971 976 2005 susp.
1002 1959 1128 1993 Lamb.
1158 1953 1354 1992 ORELLI.
1398 1976 1446 1983 —
1485 1954 1702 1993 Iracundiae

211 2035 218 2042 .
249 2035 258 2044 .
283 2037 292 2046 .
318 2009 513 2052 habebant,
540 2009 600 2043 die
620 2012 774 2042 ‘neueste
799 2007 1081 2055 Veranlassung·
1107 2014 1153 2040 zu
1179 2005 1289 2040 ihrer
1313 2005 1610 2054 beiderseitigen
1625 2007 1700 2041 Er·-
1759 2009 1760 2012 ’

210 2058 409 2105 bitterung
434 2069 528 2092 war.
578 2076 626 2082 —-
674 2056 883 2099 castigare,
910 2056 1128 2104 castigando
1154 2054 1369 2100 impellere.
1420 2073 1463 2080 —
1514 2056 1701 2100 colloquia

202 2108 317 2151 facta
342 2106 445 2140 inter
469 2105 657 2152 Lepidum
682 2111 720 2139 et
747 2104 990 2139 Antonianos.
1018 2123 1062 2129 —-
1095 2105 1241 2146 legatos
1266 2102 1435 2137 Antonii.
1461 2118 1508 2129 —·
1525 2103 1605 2144 fide
1629 2103 1700 2137 Le-

207 2155 302 2199 pidi,
326 2160 441 2188 unter
464 2154 550 2188 dem
577 2153 744 2188 Schutze
778 2153 841 2188 des
867 2153 1046 2198 Lepidus,
1095 2151 1326 2186 Promiserat
1349 2149 1514 2196 Lepidus
1541 2151 1699 2185 Antonii

210 2204 372 2251 legatos,
398 2202 442 2236 ab
469 2213 512 2237 eo
536 2202 582 2236 ad
606 2202 787 2236 Plancum
814 2202 962 2244 missos,
989 2200 1201 2235 incolumes
1228 2210 1306 2234 esse
1331 2206 1561 2233 reversuros.
1596 2200 1699 2234 MA-

208 2252 330 2288 NUT.
368 2270 410 2276 —
446 2251 492 2284 ab
517 2251 683 2284 Antonio
711 2251 762 2284 ad
785 2261 876 2293 eum,
902 2249 1097 2294 Lepidum.
1148 2267 1190 2273 —
1234 2256 1455 2291 exceperam,
1482 2247 1699 2294 intercepe-
1752 2275 1753 2280 ,

210 2311 305 2335 ram.
348 2318 395 2324 —
431 2310 498 2344 quo
526 2327 534 2335 .
563 2324 571 2332 .
596 2299 817 2343 petiverunt,
842 2298 877 2331 ie
902 2297 1074 2345 hestiger
1100 2296 1155 2330 sie
1183 2296 1350 2344 gesti-ebt
1373 2295 1494 2329 haben
1520 2295 1625 2329 mich
1651 2307 1698 2330 zu

208 2347 425 2396 gewinnen.
453 2366 497 2372 -—
522 2347 582 2380 iis.
635 2345 699 2380 Sic
725 2346 798 2381 Md.
824 2345 945 2391 Neap.
970 2345 1069 2379 vict.
1095 2345 1130 2379 2.
1167 2343 1223 2378 ms
1247 2343 1343 2378 cett.
1371 2343 1569 2379 ORELLI.
1605 2344 1698 2387 sm-

207 2397 356 2439 slratio‚
382 2396 444 2430 die
468 2394 719 2442 Vereitelung
748 2394 870 2428 dieses
895 2394 1002 2428 ihi-es
1028 2393 1152 2427 Plans.

306 2465 340 2500 6.
391 2463 575 2504 subm-nes,
602 2461 780 2504 instruas,
814 2461 932 2496 iuves.
960 2460 1190 2495 ERNESTI.
1238 2478 1281 2483 -—
1329 2459 1485 2503 Caesar,
1525 2459 1697 2494 Octavia-

210 2525 288 2547 nus.
329 2532 374 2538 —-
409 2510 592 2546 exercitas
618 2510 710 2552 eius,
738 2509 943 2544 Octaviani.
981 2528 1023 2534 ——
1061 2509 1172 2545 ,cuius
1197 2533 1205 2541 .
1234 2534 1242 2542 .
1271 2509 1410 2551 agitur,
1434 2508 1477 2541 da
1506 2519 1543 2542 es
1570 2508 1696 2542 seiner·

211 2563 370 2608 eigenen
397 2571 552 2605 grossen
578 2558 726 2593 Gefahr
750 2558 826 2607 gilt
850 2557 883 2592 d.
910 2559 934 2592 i.
971 2556 1015 2591 da
1049 2568 1135 2590 man
1161 2555 1341 2591 bemiihet
1367 2557 1428 2598 ist,
1466 2556 1587 2589 durch
1614 2556 1694 2590 Un-

208 2609 472 2656 terdriickung
497 2607 560 2642 des
585 2607 768 2641 Antonius
795 2606 855 2641 die
881 2608 1028 2654 griisste
1044 2604 1193 2640 Gefahr
1216 2616 1288 2639 von
1316 2603 1397 2638 ihm
1423 2602 1692 2638 abzuwenden.

209 2658 272 2692 Sie
299 2669 429 2691 waren
455 2657 532 2691 also
559 2655 658 2690 noch
684 2655 822 2689 bittere
848 2655 1003 2698 Feinde,
1038 2654 1269 2700 wenigstens
1295 2652 1394 2686 nach
1420 2653 1488 2686 dei*
1515 2651 1693 2700 Meinung

208 2707 273 2740 des
301 2706 470 2740 Plancus.
497 2724 545 2730 --
573 2703 752 2749 Quidquid
775 2709 861 2747 cet„
895 2703 990 2739 Was
1025 2701 1108 2736 sich
1144 2713 1218 2734 nur
1243 2702 1279 2734 ie
1311 2712 1387 2735 von
1421 2699 1691 2734 schlechtden-
1738 2740 1739 2743 Ἴ
1782 2696 1795 2728 ie

208 2754 356 2789 kenden
383 2753 587 2788 Illenschen
620 2764 745 2801 geg-en
772 2752 836 2785 ihr
862 2751 1066 2786 Vaterland
1100 2750 1152 2783 im
1177 2749 1296 2785 Felde
1332 2749 1504 2784 beflnden
1538 2748 1689 2782 konnte.
1785 2757 1788 2764 ·

210 2821 250 2827 —-
279 2801 355 2836 huc.
401 2802 464 2836 Sic
490 2802 642 2848 scripsi,
675 2812 748 2846 quo
774 2801 961 2835 vitaretur
992 2798 1230 2846 ambiguitas.
1280 2797 1347 2832 hoc
1381 2797 1471 2841 Md„
1513 2802 1554 2830 ut
1585 2796 1689 2830 solet.
