1795 3086
234 67 329 115 346
522 70 586 114 Μ.
615 70 674 115 Τ.
703 68 1045 113 CICERONIS
1075 70 1448 119 EPISTOLAE.

234 181 371 222 buisti
403 184 448 222 et
476 195 594 222 nunc
624 181 806 222 soi-tuna
834 184 1073 226 adiuvante
1097 197 1258 239 augere
1283 189 1422 240 potes.
1483 188 1609 238 Quae
1641 191 1721 231 tibi

231 237 539 292 superioribus
570 238 718 278 literis
748 252 846 281 mea
876 253 1009 281 manu
1039 242 1219 295 scripsi,
1259 243 1461 284 terrendi
1491 244 1558 284 tui
1587 259 1722 287 causa

230 293 434 335 homines
474 294 730 348 loquuntur.
801 294 851 336 Si
891 296 1065 337 frenum
1105 299 1417 345 momorderis,
1459 314 1650 354 peream,
1679 303 1720 343 si

233 355 276 391 te
306 363 470 402 omnes,
499 354 609 405 quot
636 355 754 397 sunt,
784 357 1013 394 conantem
1033 353 1302 409 loqui'ferre
1323 359 1546 409 poterunt.
1604 358 1719 412 Ego,

227 405 313 447 tibi
343 409 392 445 ut
423 409 555 448 antea
584 407 764 461 scripsi,
807 408 912 448 dum
950 408 1063 449 mihi
1104 424 1129 450 a
1167 415 1212 452 te
1252 411 1414 455 literae
1443 413 1636 460 veniant,
1672 414 1719 454 in

230 461 370 504 vltalia
398 463 620 505 morabor.
681 477 774 505 vm.
807 463 910 506 Kal.
942 465 1056 518 Iun„
1086 466 1328 519 Eporedia.

412 664 732 709 EPISTOLA
761 667 1033 710 DCCCXL.
1093 667 1171 722 (ad
1200 667 1303 712 Div.
1333 670 1394 712 X.
1425 673 1517 721 20.)

398 742 479 780 Ser,
506 742 646 777 Romae
672 744 733 777 lv.
759 744 841 776 Kal.
870 745 951 778 lun.
983 744 1023 778 A.
1051 744 1096 778 U.
1124 744 1164 778 c.
1192 747 1274 780 711.
1328 747 1375 786 (a.
1403 746 1444 780 c.
1471 747 1548 789 43.)

224 810 334 854 Petit,
370 817 411 845 ut
448 811 494 844 de
519 810 656 856 Lepidi
689 809 763 843 fide
791 809 994 858 significet,
1027 816 1156 844 utrum
1193 821 1274 843 rem
1310 811 1503 855 publicam
1536 819 1712 856 sequatur

294 871 341 893 au
367 859 586 900 Antonium,
613 859 878 904 hortaturque,
905 866 947 894 ut
972 858 1154 903 reliquias
1180 858 1276 893 belli
1303 860 1505 905 opprimat.
1541 863 1642 897 1-3.

754 932 934 967 CICERO
969 931 1174 968 PLANCO.

329 1001 403 1042 Ita
441 1003 569 1042 erant
609 1000 782 1052 omnia,
822 1014 935 1055 quae
976 1000 1116 1041 istinc
1155 1001 1477 1047 afferebantur,
1517 1000 1708 1055 incerta,

218 1059 281 1109 ut,
320 1056 431 1112 quid
470 1056 527 1096 ad
567 1058 612 1097 te
651 1056 910 1106 scriberem,
950 1069 1037 1097 non
1074 1062 1346 1098 occurreret.
1407 1056 1545 1098 Modo
1576 1058 1708 1105 enim,

218 1126 330 1166 quae
369 1113 618 1162 vellemus,
661 1112 717 1153 de
756 1112 956 1166 Lepido,
999 1110 1135 1153 modo
1179 1117 1338 1154 contra
1375 1114 1705 1155 nuntiabantur„

217 1170 290 1209 De
321 1174 365 1210 te
395 1173 544 1210 tamen
575 1166 694 1210 fama
724 1173 934 1210 constans
974 1182 1056 1209 nec
1096 1168 1249 1223 decipi
1290 1182 1421 1224 posse
1451 1183 1534 1210 nec
1562 1171 1705 1211 vinci:

216 1239 407 1279 quorum
436 1224 626 1267 alterius
655 1225 838 1266 fortuna
866 1228 1041 1280 partem
1070 1223 1205 1266 habet
1235 1225 1473 1279 quandam,
1515 1226 1704 1267 alterum

216 1283 447 1337 proprium
478 1285 546 1323 est
573 1281 843 1337 prudentiae
873 1285 988 1322 tuae.
1046 1280 1136 1322 Sed
1166 1282 1321 1336 accepi
1361 1281 1516 1322 literas
1557 1295 1584 1324 a
1613 1283 1704 1323 col-

216 1340 321 1393 lega
358 1342 460 1391 tuo,
501 1338 629 1379 datas
667 1337 825 1380 Idibus
863 1336 1026 1379 Maiis:
1062 1336 1109 1378 in
1149 1337 1308 1392 quibus
1348 1342 1447 1379 erat
1484 1341 1529 1378 te
1570 1339 1626 1379 ad
1657 1353 1704 1380 se

213 1395 452 1448 scripsisse
490 1409 517 1436 a
555 1393 736 1449 Lepido
783 1407 872 1436 non
923 1393 1065 1448 recipi
1102 1391 1361 1435 Antonium,
1433 1393 1570 1444 Quod
1616 1394 1705 1435 erit

212 1452 402 1497 certius,
439 1450 479 1492 si
509 1454 557 1491 tu
589 1451 645 1491 ad
676 1464 756 1492 nos
797 1451 920 1492 idem
958 1449 1222 1504 scripseris:
1263 1450 1342 1492 sed
1381 1449 1526 1491 minus
1565 1451 1702 1492 audes

212 1507 404 1549 fortasse
434 1511 619 1562 propter
655 1507 834 1548 inanem
875 1505 1096 1548 laetitiam
1135 1506 1370 1548 literarum
1408 1506 1698 1560 superiorum

302 1707 335 1741 2.
361 1713 481 1749 super.
508 1702 643 1745 literis,
671 1713 727 1748 ep.
745 1702 814 1738 839
841 1701 887 1736 de
914 1701 1086 1750 Segulio.
1117 1721 1157 1727 -
1176 1704 1333 1744 frenum
1359 1703 1600 1738 momorderis
1626 1704 1649 1738 i.
1665 1717 1695 1739 e.

208 1755 240 1788 si
266 1753 407 1789 nostris
434 1752 576 1787 invidis
604 1757 641 1785 et
666 1750 879 1792 malevolis,
917 1752 983 1795 qui
1008 1750 1116 1785 velut
1148 1752 1258 1784 freno
1285 1752 1461 1786 co‘e'rcere
1487 1758 1526 1786 te
1551 1753 1697 1797 volunt,

208 1801 421 1837 ostenderis
447 1808 485 1836 te
512 1800 690 1835 resistere
729 1806 767 1833 et
801 1798 971 1833 coerceri
1006 1799 1124 1834 nolle.
1184 1799 1240 1833 Ab
1274 1799 1379 1844 equis
1413 1801 1698 1835 contumacibus

208 1857 247 1885 et
272 1849 506 1884 refra-ctariis
541 1849 740 1894 desumpta
773 1848 908 1882 oratio.
945 1847 1163 1882 GRONOV.
1216 1859 1358 1891 „wenn
1391 1849 1450 1883 Du
1485 1849 1604 1883 ihnen
1637 1850 1697 1884 die

206 1899 338 1933 Ziihne
363 1899 558 1934 weisest.“
579 1916 622 1921 —
650 1900 821 1942 quotquot
848 1897 950 1930 Crat.
978 1898 1076 1930 Man.
1102 1896 1231 1930 Lamb.
1258 1913 1304 1921 —
1330 1901 1530 1941 conantem,
1557 1898 1696 1932 nedum

206 1948 413 1982 dicentem.
442 1967 485 1972 —-
503 1947 632 1990 serre,
660 1946 742 1980 also
767 1945 822 1979 sie
847 1944 1000 1980 werden
1025 1945 1147 1979 davon
1174 1944 1316 1979 laufen.
1345 1966 1387 1971 —-
1416 1951 1524 1980 antea
1546 1947 1698 1990 scripsi.

206 2007 267 2041 ep·
293 1998 364 2032 839
389 1996 612 2040 scripserat:
649 1995 734 2037 Ego
760 1994 834 2028 nist
864 1994 968 2027 valde
992 2004 1136 2027 necesse
1154 1994 1294 2038 fuerit,
1329 2004 1373 2027 ex
1397 1995 1513 2029 Italia
1538 2007 1608 2030 non
1633 2007 1695 2030 ex-

204 2045 343 2078 cedam.
373 2064 416 2069 —
443 2044 603 2089 Epored.
632 2042 669 2077 S.
696 2042 805 2077 Ende
828 2042 891 2076 des
916 2042 1100 2090 vorherg.
1124 2043 1187 2077 Br.

214 2154 232 2159 ..
304 2114 335 2147 1.
361 2112 472 2145 istinc
500 2127 550 2143 z
574 2111 677 2145 istim
705 2111 840 2154 (Md.?)
869 2111 966 2145 Vict.
993 2112 1027 2146 2.
1061 2111 1138 2144 ΟΠ.
1190 2122 1282 2153 „aus
1315 2111 1459 2145 Deiner
1484 2111 1691 2145 Provinz.“

204 2162 310 2195 Uber
332 2161 432 2194 istim
459 2173 486 2194 s.
514 2173 562 2194 zu
589 2171 648 2206 ep.
676 2161 784 2203 19,4.
813 2180 854 2186 -
883 2170 1039 2200 occurr„
1068 2159 1252 2193 einfallen
1277 2159 1377 2192 will.
1405 2178 1449 2183 —-
1476 2170 1569 2203 quae
1593 2161 1694 2204 velh,

202 2211 306 2244 Was
332 2209 409 2243 wir
430 2208 651 2243 wiinsehen.
704 2228 746 2234 -—-
799 2212 966 2241 constans
993 2207 1153 2249 obtinet,
1191 2207 1322 2248 bleibt,
1349 2207 1482 2241 dauert
1508 2209 1587 2242 sort
1612 2208 1691 2243 das-

200 2257 305 2292 eelbe
331 2256 519 2297 Geriicht‚
545 2256 712 2291 dieselbe
739 2255 920 2301 Sprache.
943 2274 985 2280 —-
1014 2259 1048 2288 te
1073 2255 1204 2298 decipi,
1231 2255 1429 2289 iiberlistet
1454 2256 1623 2290 werden.
1650 2276 1690 2282 --

199 2306 369 2348 alterius,
396 2305 497 2349 quod
522 2305 626 2339 vinci
651 2315 726 2338 non
753 2304 894 2350 possis3
935 2304 998 2337 das
1031 2303 1194 2337 letztere
1229 2303 1278 2338 ist
1313 2315 1401 2337 zum
1427 2304 1544 2338 Theil
1569 2304 1693 2339 Sache

200 2355 264 2388 des
292 2353 455 2389 Gliicks.
479 2373 527 2379 —
553 2354 709 2386 alterum
734 2353 816 2386 scil.
842 2352 971 2398 decipi
996 2358 1032 2386 te
1061 2363 1137 2386 non
1163 2362 1286 2398 posse.

297 2417 332 2451 2.
383 2427 407 2449 a
433 2415 582 2458 collega
607 2419 681 2457 tuo,
716 2414 872 2448 Decimo
906 2415 1033 2448 Bruto.
1085 2432 1128 2438 —
1179 2415 1238 2448 Id.
1265 2414 1379 2454 Iusti„
1411 2425 1497 2449 vom
1526 2414 1580 2450 15.
1606 2414 1691 2449 Mai.

200 2465 305 2498 Haec
343 2463 503 2508 epistola
537 2475 614 2497 non
650 2469 779 2497 exstat.
818 2481 861 2487 —
913 2467 995 2496 erac
1021 2463 1196 2507 scriptum
1220 2463 1348 2496 Lamb.
1385 2483 1428 2489 —
1480 2472 1551 2508 ηοῃ
1576 2464 1692 2507 recipi

199 2512 414 2546 Antonium.
470 2512 520 2546 At
556 2511 628 2546 hoc
663 2511 746 2556 ipso
781 2511 862 2551 die,
912 2522 985 2556 quo
1019 2511 1174 2557 scripsit
1207 2511 1358 2551 Cicero,
1403 2511 1579 2556 receptus
1622 2519 1688 2546 est,

199 2561 308 2594 ScH.
336 2579 379 2585 —
428 2565 585 2605 propter
610 2561 709 2593 inan.
737 2560 932 2602 laetitiam,
973 2571 1108 2604 wegen
1135 2559 1204 2593 der
1228 2559 1503 2608 vergebliehen
1529 2559 1687 2602 Freude,

199 2609 261 2642 die
288 2610 347 2642 Du
373 2608 413 2642 in
441 2610 565 2643 einem
593 2608 734 2643 Deiner
758 2608 916 2653 vorigen
943 2608 1071 2641 Briefe
1097 2611 1307 2642 {iussertest-
1359 2609 1506 2653 Nempe
1534 2620 1590 2653 ep.
1607 2609 1685 2642 819.

199 2657 360 2691 Plancus
384 2657 456 2691 sibi
483 2663 720 2702 persuaserat
746 2658 840 2698 sore,
874 2663 915 2689 ut
942 2656 1105 2702 Lepidus
1143 2668 1183 2690 se
1215 2668 1343 2691 secum
1378 2656 1626 2703 coniungeret
1650 2662 1687 2690 et

198 2706 391 2739 communi
419 2717 549 2740 causae
577 2706 634 2740 rei
660 2705 838 2751 publicae
865 2711 1117 2739 succurreret.
1162 2706 1207 2739 ln
1234 2716 1277 2740 eo
1300 2717 1337 2739 se
1365 2716 1510 2739 errasse
1535 2703 1685 2737 nuntia-

199 2760 307 2789 verat
330 2754 460 2799 paullo
486 2760 571 2800 post
597 2766 656 2800 ep.
681 2755 761 2790 835.
788 2754 897 2788 scu.
925 2773 971 2779 —
997 2754 1038 2788 id
1063 2754 1254 2798 effugerit,
1279 2760 1322 2789 ut
1347 2765 1422 2788 non
1447 2758 1561 2787 erret.
1612 2751 1686 2786 Er-
