1795 3086
465 67 777 110 EPISTULA
811 68 986 109 DCCL.
1018 68 1221 108 DCCLI.
1509 60 1593 108 183

115 196 218 231 sem,
269 194 379 233 quae
429 180 556 232 plane
607 179 727 219 bella
774 185 855 228 est,
905 193 988 218 non
1030 192 1208 219 numero
1249 177 1367 215 ultra
1408 174 1584 213 sreium.

113 237 232 277 liiud
265 243 330 275 est
362 236 471 275 mihi
501 236 831 283 subinnlestum,
878 235 992 285 quod
1034 248 1184 287 parum
1224 232 1387 273 Brutus
1430 241 1583 282 prope·

113 306 211 332 rure
241 291 431 332 videtur.
489 289 689 329 Primum
727 288 1029 329 confectorum
1064 290 1265 328 ludorum
1295 286 1472 326 nuntios
1503 296 1581 322 ex-

113 351 304 399 spectat:
333 346 507 396 deinde,
538 350 746 398 quantum
779 343 1002 396 intelligo,
1035 345 1159 383 tardv
1191 350 1259 384 cst
1282 343 1582 393 navigaturus,

113 403 355 442 consistens
386 402 430 440 in
469 401 581 440 locis
612 401 827 453 pluribus.
888 399 1057 440 Tamen
1098 401 1292 439 arbitror
1331 410 1425 437 esse
1463 407 1582 434 com·

110 458 283 497 modius
314 457 438 497 tarde
468 455 678 509 navigare
710 469 839 508 quam
869 454 1046 493 omnino
1077 467 1161 492 non
1193 456 1426 504 navigare:
1456 454 1500 491 et
1528 450 1581 510 si,

111 527 242 566 quum
293 512 663 566 processerimus,
714 510 1024 565 explorationi
1069 509 1361 558 videbuntur,
1412 506 1582 548 Etes‘ns

113 574 297 609 utemur.

316 687 632 729 EPISTOLA
662 687 870 729 DCCLI.
930 687 1008 737 (ad
1041 688 1132 728 Att.
1162 685 1297 726 XVI.
1328 685 1387 731 2.)

195 766 274 799 scr.
303 765 341 798 in
369 764 570 797 Puteolano
597 775 629 798 a.
657 763 691 797 d.
719 764 779 800 ιν.
808 763 933 806 Quint.
960 765 1002 797 A.
1032 763 1075 796 U.
1101 762 1140 795 c.
1170 764 1248 796 710.
1283 762 1327 800 (a.
1357 758 1396 792 c⁷
1425 758 1497 797 11.)

107 832 160 865 De
186 829 415 871 Buthrotii55
452 829 497 863 de
534 829 747 863 nominibus
783 828 859 862 suis
893 828 1133 873 expediendis
1172 828 1274 861 1—2.
1308 825 1353 857 dc
1398 834 1462 856 suo
1502 832 1586 854 cum

178 879 294 912 Bruto
322 888 536 924 congressu.
561 879 593 912 3.
621 877 666 911 de
691 877 829 910 itinere
855 887 929 910 suo.
955 876 987 910 4.
1016 876 1183 910 breviter
1209 875 1253 908 de
1279 873 1373 906 aliis.
1410 872 1514 906 5-6.

616 942 792 977 CICERO
822 942 1000 978 ATTICO
1027 941 1062 976 S.

216 1023 274 1050 vi.
306 1009 413 1050 Idus
442 1008 552 1050 duas
582 1009 796 1063 epistolas
826 1010 993 1063 accepi,
1033 1022 1164 1050 unam
1203 1023 1231 1051 a
1268 1021 1367 1049 meo
1399 1004 1586 1046 tabella-

108 1066 192 1117 rio,
223 1066 406 1106 aiteram
434 1078 461 1105 a
489 1066 630 1107 Bruti.
690 1066 760 1106 De
790 1064 1046 1106 Buthrotiis
1084 1066 1218 1119 longe
1259 1065 1350 1105 alia
1395 1061 1512 1101 sama
1542 1060 1587 1099 in

108 1121 179 1161 his
228 1121 342 1162 locis
380 1120 553 1162 fuerat:
604 1120 682 1161 sed
733 1134 833 1160 cum
870 1121 976 1160 aliis
1016 1120 1169 1161 multis
1213 1120 1301 1160 hoc
1338 1117 1585 1158 ferendum.

108 1176 289 1216 Erotem
320 1175 471 1216 remisi
501 1176 651 1228 citius,
704 1189 837 1231 quani
872 1176 1205 1227 constitueram,
1245 1180 1295 1215 ut
1335 1177 1467 1222 esset,
1509 1171 1588 1225 qui

107 1231 373 1273 Hortensio:
428 1234 471 1272 et
521 1232 626 1286 quia
673 1234 700 1281 †
749 1231 972 1285 equitibus
1022 1232 1203 1284 quidem
1244 1232 1307 1272 ait
1345 1242 1392 1272 Se
1430 1226 1587 1269 Idibus

106 1387 225 1421 Eride.
268 1406 310 1412 -—-
363 1398 433 1421 non
458 1397 604 1419 numero
630 1387 732 1419 ultra
757 1386 891 1426 fretum
919 1385 1105 1427 Siculum,
1146 1387 1238 1427 „auf
1266 1385 1328 1419 die
1363 1385 1487 1418 Flottc
1522 1384 1586 1416 des

106 1436 249 1469 Cassius
275 1435 375 1468 kann
411 1434 477 1468 ich
514 1434 624 1467 nicht
657 1433 794 1468 weiter
826 1433 996 1469 rechnen
1032 1433 1085 1466 als
1120 1434 1214 1467 iiber
1253 1434 1324 1468 den
1358 1431 1588 1467 Sicilischen

105 1483 246 1516 Sund.“
295 1485 404 1517 Denn
429 1482 553 1515 dieser
577 1481 710 1515 wollte
736 1487 816 1516 erst
852 1481 950 1516 nach
973 1481 1154 1522 Sicilien‚
1193 1481 1269 1516 von
1306 1482 1352 1514 da
1386 1479 1483 1513 nach
1517 1479 1586 1524 sy-

106 1532 201 1571 rien,
229 1530 339 1564 nicht
364 1529 461 1563 nach
486 1528 782 1563 Griechenland.
833 1548 875 1553 —
924 1529 1087 1571 submol„
1121 1530 1179 1563 ein
1215 1529 1345 1577 wenig
1379 1527 1587 1562 verdriess—-

104 1578 198 1612 liuh.
239 1596 286 1603 —-
329 1578 430 1619 conf.
457 1577 539 1618 lud„
573 1588 646 1610 von
678 1577 748 1610 der
773 1576 1022 1625 Beeudigung
1049 1577 1171 1611 seiner
1197 1577 1336 1622 Spiele.
1382 1595 1424 1601 -
1444 1616 1446 1618 ‚
1468 1575 1584 1608 consi-

105 1630 212 1666 stens,
236 1624 454 1659 anhaltend.
506 1642 549 1648 —-
599 1635 704 1668 quum
726 1636 940 1668 processa„
981 1625 1111 1659 sobald
1145 1625 1210 1658 ich
1238 1623 1404 1658 einmahl
1431 1624 1496 1656 auf
1518 1622 1585 1656 der
1632 1639 1635 1640 ⁷

107 1674 176 1707 See
204 1673 282 1706 bin.
334 1672 489 1706 Sensus:
524 1678 561 1706 et
586 1673 628 1714 si,
673 1672 737 1705 ubi
761 1671 837 1706 iam
872 1673 912 1705 in
939 1684 1050 1706 cursu
1077 1673 1274 1715 fuerimus,
1311 1671 1582 1717 speculatoriae

106 1732 233 1763 naves,
257 1725 299 1754 ut
331 1731 411 1754 mos
439 1725 507 1761 est,
547 1720 774 1764 praemissae
800 1720 1023 1764 explorandi
1049 1721 1198 1754 itineris
1225 1732 1350 1762 causa,
1383 1718 1485 1752 nobis
1523 1730 1583 1751 re—

104 1770 230 1802 ferent
265 1774 436 1813 pacatum
473 1767 710 1813 liberumque
752 1781 772 1801 a
816 1768 953 1813 piratis
988 1779 1078 1809 esse,
1118 1769 1252 1802 omisso
1291 1770 1420 1807 Bruto,
1460 1765 1583 1799 veniis

105 1816 244 1850 Etesiis
268 1826 335 1849 nos
359 1815 626 1849 mandabimus.
658 1816 890 1851 ERNESTI.
942 1816 1012 1850 Dic
1045 1816 1193 1850 Etesiae
1226 1827 1356 1849 waren
1396 1814 1583 1861 regelmii-

104 1864 201 1911 ssige
227 1863 372 1899 Winde
396 1863 464 1896 der
489 1862 719 1910 Hundstage.
767 1864 804 1898 S.
831 1863 979 1898 Gellius
1006 1864 1053 1897 N.
1085 1864 1159 1898 Ait.
1186 1864 1237 1905 11,
1263 1866 1319 1898 22.

203 1913 233 1944 l.
287 1911 354 1945 VI.
379 1911 436 1944 ld.
472 1911 610 1953 Quint„
634 1923 694 1944 am
723 1912 778 1945 10.
805 1911 936 1946 Iulius.
975 1929 1019 1935 --
1053 1912 1141 1945 (luas
1167 1911 1297 1945 Attici.
1337 1929 1378 1935 —-
1422 1909 1445 1944 d
1470 1910 1583 1944 Brun

105 1958 320 2000 tabellario,
348 1957 469 1992 durch
496 1959 568 1991 den
593 1960 709 1992 Boten
735 1959 799 1993 des
827 1960 974 1993 Brutus.
1025 1959 1074 1994 So
1098 1959 1330 1993 verbesserte
1357 1958 1484 1992 Lamb.
1519 1957 1581 1989 die

104 2006 338 2055 eigentliche
363 2007 504 2040 Lesart.
531 2020 558 2040 s.
585 2006 614 2048 ξ.
640 2008 674 2041 3.
701 2026 746 2031 -
771 2007 829 2040 De
854 2007 985 2040 Buehr.
1012 2006 1047 2040 S.
1079 2018 1135 2053 ep.
1162 2008 1242 2045 748,
1268 2009 1301 2043 2.
1327 2007 1410 2047 746,
1436 2007 1470 2041 3.
1497 2007 1582 2047 750,

102 2057 136 2091 3.
170 2055 314 2088 Atticus
340 2054 460 2101 igitur
483 2054 688 2099 scripserat
712 2067 844 2101 agrum
876 2054 1118 2088 Buthrotium
1151 2055 1228 2088 dici
1262 2068 1282 2088 a
1309 2054 1447 2088 Planco
1481 2053 1579 2086 divi-

104 2115 186 2136 sum
213 2102 406 2150 agripetis.
442 2120 482 2126 -
521 2103 581 2145 qui
605 2103 799 2136 Hortensio
824 2103 967 2148 petenti
994 2103 1251 2148 responderet,
1277 2103 1345 2136 der
1369 2102 1455 2135 dem
1483 2102 1581 2134 Hor-

104 2150 244 2185 tensius
268 2161 402 2197 wegen
429 2149 556 2183 seiner
581 2150 852 2195 Forderungen
877 2151 937 2184 die
952 2151 1128 2197 Iileinung·
1151 2163 1265 2197 sagen
1291 2151 1445 2184 kb'nnte.
1482 2149 1581 2182 Hor-

103 2198 258 2239 tensius,
286 2197 382 2231 nach
407 2209 467 2241 ep.
494 2199 563 2232 629
589 2199 643 2239 (Β)
677 2198 879 2233 vielleicht
903 2199 1147 2237 Hordeonius,
1182 2198 1287 2234 hatte
1324 2199 1455 2232 seinen
1481 2196 1579 2231 Erb-

105 2245 204 2279 theil
228 2257 275 2279 an
302 2246 368 2279 der
389 2245 712 2279 Verlassenschaft
736 2245 799 2280 des
825 2246 978 2280 Cluvius
1005 2246 1091 2280 dem
1117 2246 1303 2280 Miterben
1329 2246 1463 2280 Cicero
1489 2255 1579 2278 ver-

105 2293 214 2326 kauft
238 2292 313 2326 und
338 2304 442 2327 zwar
467 2293 537 2326 urit
570 2293 640 2326 der
664 2293 899 2339 Bedingung,
935 2293 1015 2327 dass
1050 2294 1174 2328 dieser
1205 2294 1287 2328 ihm
1318 2294 1382 2328 das
1415 2292 1514 2327 Geld
1539 2292 1579 2323 in

106 2341 189 2374 drei
214 2340 421 2373 Terminen
446 2340 634 2374 bezahlte.
686 2341 821 2375 Cicero
847 2341 951 2375 hatte
978 2342 1038 2375 die
1065 2342 1219 2377 Summe
1250 2343 1320 2377 der
1353 2341 1489 2375 beiden
1516 2350 1578 2372 er-

107 2395 188 2421 sten
211 2386 390 2421 Termine
413 2388 488 2420 und
512 2388 610 2421 auch
651 2388 722 2422 den
754 2389 932 2436 gr'o'ssern
967 2389 1083 2423 'I'heil
1115 2390 1185 2424 der
1218 2389 1372 2424 Summe
1408 2391 1471 2421 fiir
1506 2386 1577 2419 den

107 2435 250 2468 dritten
276 2434 434 2469 Termin
461 2436 558 2469 noch
584 2447 654 2469 vor
679 2436 766 2471 dem
793 2439 824 2471 1.
851 2438 993 2485 August
1019 2438 1075 2470 als
1099 2438 1184 2471 dem
1212 2438 1451 2471 bestimmten
1477 2434 1577 2467 zah-

108 2484 311 2530 lungstage
343 2483 531 2517 zustellen
566 2484 696 2517 lassen.
746 2483 797 2517 Es
832 2495 914 2518 war
949 2485 1028 2518 also
1065 2497 1151 2518 vom
1184 2484 1406 2520 Hortensius
1442 2493 1577 2515 unver-

108 2530 264 2568 sch5mt,
300 2529 378 2562 dass
414 2542 456 2564 er
488 2531 569 2564 ihm
603 2531 675 2564 den
709 2531 860 2565 kleinen
895 2532 984 2566 Rest
1019 2533 1120 2568 noch
1143 2544 1211 2567 vor
1234 2533 1372 2566 Ablauf
1393 2531 1457 2563 des
1482 2530 1578 2562 Ter—

108 2579 207 2612 mins
233 2577 454 2612 absorderte.
505 2578 541 2612 S.
568 2579 730 2612 dariiber
754 2591 809 2624 ep.
839 2581 920 2622 759,
945 2583 986 2615 3:
1038 2581 1142 2622 „Sed
1168 2592 1260 2625 opus
1287 2587 1340 2613 est
1366 2578 1579 2625 diligentia,

108 2624 357 2659 coheredibus
384 2637 453 2670 pro
480 2626 661 2660 Cluviano
689 2627 769 2660 Kal.
799 2626 899 2660 Sext.
928 2629 1164 2673 persolutum
1194 2634 1235 2661 ut
1261 2628 1306 2660 sit
1320 2627 1354 2670 3⁶⁴
1389 2639 1452 2660 aus
1479 2626 1573 2659 wel—

109 2673 204 2707 cher
233 2672 356 2706 stelle
398 2672 479 2705 sich
522 2674 658 2721 ergibt,
703 2674 782 2707 dass
819 2674 912 2708 auch
945 2676 1004 2708 die
1039 2675 1197 2721 iibrignn
1239 2674 1421 2708 Miterben
1463 2674 1576 2707 ihren

110 2720 227 2755 Theil
251 2732 297 2754 an
324 2719 457 2755 Cicero
482 2721 657 2755 verkaust
683 2722 825 2756 hatten.
862 2742 902 2748 -
938 2722 960 2762 *1*
988 2723 1177 2766 equitibus,
1202 2723 1299 2766 quod
1325 2734 1359 2757 v.
1389 2723 1563 2757 vitiosum
