1795 3086
15 0 21 42 ἲ

346 80 666 124 EPISTULA
695 80 933 122 Dccxll.
963 81 1222 124 DCCXIII.
1438 80 1522 127 109

16 162 19 182 Ι

15 204 19 245 ς
56 195 145 236 alia
185 206 346 234 coram.
433 191 613 233 Interim
651 191 786 231 velim
836 193 902 232 sic
943 193 1027 233 tibi
1067 193 1352 248 persuadeas,
1409 193 1522 233 mihi

15 260 19 297 ι
55 263 187 305 quum
218 249 281 289 rei
310 248 526 303 publicae,
563 259 694 301 quam
723 259 896 301 semper
926 248 1059 289 habui
1099 250 1390 301 carissimam,
1429 252 1521 289 tum

16 310 19 349 1
57 305 219 346 amoris
249 304 388 345 nostri
419 316 550 344 causa
578 302 800 344 maximae
822 315 954 344 curae
982 317 1079 345 esse
1101 310 1218 347 tuam
1240 305 1519 359 dignitatem.

16 363 19 396 Ξ
46 361 128 402 Da
157 373 348 415 operam,
379 364 426 401 ut
454 359 617 401 valeas.
674 357 803 398 Vale.

221 559 535 604 EP1sToLA
566 559 829 603 Dccxm.
890 560 968 613 (ad
997 560 1104 603 mv.
1135 559 1242 603 xv.
1273 563 1360 608 20.)

316 640 397 675 Scr.
423 650 552 673 mense
578 640 674 675 Maio
701 641 742 674 A.
770 640 815 674 U.
843 639 883 673 C.
911 641 990 675 710.
1039 640 1089 680 (a.
1117 639 1156 673 C.
1183 640 1258 680 44.)

57 708 219 743 Orator-is
245 708 303 742 sui
328 707 546 753 exemplum
573 707 762 742 Trebonio
793 707 914 742 mittit
948 717 1107 752 eumque
1145 713 1273 755 rogat,
1310 713 1351 741 ut
1377 708 1524 742 crebras

564 755 694 790 literas
719 755 857 791 mittat.
894 757 1012 791 1—3.

414 828 460 860 M.
489 826 664 860 CICERO
691 826 729 861 S.
754 828 798 861 D.
827 826 867 860 C.
896 826 1156 862 TREBONIO.

169 899 408 940 Oratorem
437 911 578 938 meum
606 921 660 926 ——
689 896 755 937 sic
784 897 904 938 enim
931 897 1141 952 inscripsi
1172 922 1224 928 -
1254 898 1418 941 Sabino
1451 903 1528 941 tuo

60 954 378 996 commendavi.
436 952 573 993 Natio
601 966 671 992 me
699 952 894 994 hominis
924 953 1118 1008 impulit,
1148 958 1196 995 ut
1226 956 1269 996 ei
1299 960 1420 997 recte
1449 970 1528 1010 pu-

61 1017 224 1051 tarem:
270 1008 357 1049 nisi
386 1006 503 1049 forte
533 1007 873 1050 candidatorum
901 1009 1085 1050 licentia
1112 1009 1192 1051 hic
1220 1025 1394 1065 quoque
1424 1025 1529 1053 usus

59 1066 145 1107 hoc
175 1065 320 1106 subito
350 1077 593 1118 cognomen
624 1064 829 1118 arripuit.
895 1065 998 1106 Etsi
1035 1065 1260 1107 modestus
1296 1069 1391 1109 eius
1431 1068 1530 1108 vul-

59 1126 129 1162 tus
156 1133 388 1174 sermoque
418 1125 623 1160 constans
663 1119 827 1160 habere
866 1121 1079 1175 quiddam
1126 1134 1154 1162 a
1182 1121 1376 1164 Curibus
1405 1123 1529 1164 vide-

13 1198 15 1212 «
60 1179 201 1218 batur.
259 1175 349 1216 Sed
379 1175 435 1216 de
465 1175 630 1216 Sabino
660 1176 783 1216 satis.
839 1175 927 1221 Tu,
964 1177 1026 1217 mi
1066 1175 1281 1229 Treboni,
1320 1178 1530 1233 quoniam
1567 1178 1592 1216 2

13 1251 20 1277 ,ι
63 1233 119 1272 ad
148 1244 341 1272 amorem
368 1245 512 1272 meum
553 1231 829 1285 aliquantum
868 1232 975 1272 olim
1014 1232 1250 1273 discedens
1288 1234 1534 1285 addidisti;

14 1286 19 1335 ζ
61 1301 148 1342 quo
188 1287 471 1327 tolerabilius
516 1285 707 1327 feramus
758 1286 1000 1340 igniculum
1041 1288 1254 1328 desiderii
1293 1291 1387 1342 tui,
1436 1303 1533 1330 cre-

14 1376 16 1385 ,
60 1344 152 1384 bris
181 1356 262 1383 nos
291 1343 434 1382 literis
463 1342 717 1397 appellato:
748 1348 880 1397 atque
910 1343 989 1395 ita,
1019 1343 1058 1384 si
1086 1343 1206 1384 idem
1235 1343 1316 1384 fiet
1345 1359 1369 1385 a
1389 1346 1531 1386 nobis.

62 1399 338 1452 Quamquam
367 1398 478 1438 duae
510 1410 668 1438 causae
698 1402 814 1450 sunt,
850 1412 930 1439 cur
966 1401 1015 1439 tu
1052 1398 1333 1454 frequentior
1369 1401 1417 1440 in
1446 1400 1534 1442 isto

15 1491 18 1495 .
60 1453 215 1495 officio
246 1467 341 1495 esse
371 1454 547 1506 debeas,
576 1467 707 1507 quam
735 1468 841 1503 nos3
871 1454 1085 1509 primum,
1127 1455 1248 1510 quod
1277 1455 1387 1497 olim
1416 1458 1532 1499 sole-

13 1545 16 1550 .
61 1511 187 1561 bant,
225 1509 303 1563 qui
341 1508 512 1550 Romae
550 1514 700 1555 erant,
744 1510 798 1549 ad
840 1509 1141 1564 provinciales
1179 1511 1347 1553 amicos
1389 1511 1446 1553 de
1485 1527 1533 1554 re

60 1662 272 1704 loquemur.
311 1677 357 1685 -
406 1660 558 1693 Interim
584 1661 702 1694 velim.
731 1671 799 1694 om.
826 1661 935 1695 velim
960 1661 1082 1696 Gebh.
1109 1662 1202 1697 Ern.
1233 1663 1320 1698 seh.
1348 1665 1444 1699 Liin.
1470 1676 1532 1698 ve-

60 1711 134 1742 lim.
170 1709 239 1741 cfr.
274 1708 323 1740 ad
345 1707 490 1741 Divers.
518 1711 572 1743 12.
600 1709 666 1752 Ep.
694 1710 716 1744 6
741 1715 777 1742 et
808 1709 879 1755 Ep.
905 1712 940 1746 7.
966 1710 1031 1743 bis.
1069 1710 1265 1746 ORELLI.
1315 1712 1407 1748 VVie
1432 1713 1532 1746 steht

15 1758 19 1793 ’ζ
60 1757 129 1790 der
153 1755 296 1789 Patriot
322 1755 456 1790 Cicero
482 1757 556 1790 frei
582 1756 657 1790 und
683 1756 784 1790 offen
809 1757 876 1791 da!

154 1822 420 1857 TREBONIO.
470 1822 506 1858 S.
546 1835 592 1856 zu
629 1834 686 1867 ep.
713 1824 784 1858 430
820 1822 872 1855 im
900 1824 988 1857 Anf.
1050 1823 1106 1856 Er
1139 1835 1220 1857 war
1262 1825 1398 1872 gerade
1437 1826 1532 1870 nach

62 1871 174 1905 Asien
205 1871 471 1952 &geg-angen,
506 1883 569 1904 um
601 1870 662 1905 die
695 1871 947 1918 Verivaltung
979 1871 1046 1905 der
1078 1872 1255 1919 dortigen
1290 1873 1450 1908 Provinz
1485 1887 1532 1909 zu

62 1918 325 1954 iibernehmen.
408 1944 417 1953 .
444 1930 501 1964 ep.
529 1921 607 1954 715.

156 1969 188 2001 1.
240 1967 430 2000 Oratorem
453 1967 499 2000 ad
525 1968 570 2000 Μ.
597 1967 757 2000 Brutum
784 1967 979 2012 superiore
1005 1979 1102 2002 anno
1137 1967 1335 2015 scriptum.
1369 1988 1412 1994 -—
1462 1971 1532 2005 Sa-

16 2030 17 2033 *
63 2015 145 2048 bino
185 2018 244 2048 luo
284 2025 412 2057 servo,
450 2014 658 2049 tabellario.
719 2015 839 2059 Saepe
878 2016 977 2048 servi
1010 2027 1030 2048 a
1065 2016 1187 2061 patria
1230 2017 1530 2052 nominabantur.

16 2081 17 2084 =
64 2081 105 2086 —
131 2063 372 2096 commendavi
405 2063 429 2096 i.
453 2074 483 2096 e.
516 2062 562 2096 ad
595 2070 633 2097 te
658 2063 930 2108 perferendum
955 2064 1108 2106 tradidi,
1145 2065 1317 2099 commisi
1352 2066 1422 2100 tibi
1447 2067 1531 2100 red-

16 2141 19 2149 ,
61 2110 236 2144 dendum.
262 2131 304 2137 —
331 2111 443 2144 Natio
470 2116 513 2144 st.
540 2112 641 2145 Bona
667 2112 795 2156 opinio
822 2112 867 2144 de
892 2112 1134 2157 popularibus
1160 2111 1327 2155 hominis,
1354 2114 1415 2148 die
1441 2121 1532 2162 gule

15 2161 21 2179 '
61 2158 260 2205 Meinung,
292 2157 354 2192 die
386 2158 452 2192 ich
488 2170 561 2193 von
593 2159 725 2193 seinen
757 2159 1009 2194 Landsleuten
1042 2159 1152 2209 hege.
1211 2161 1281 2196 Die
1306 2162 1468 2197 Sabiner
1492 2163 1532 2196 in

16 2222 17 2243 ι
62 2213 191 2254 gutem
216 2206 336 2240 Rufe!
387 2206 478 2249 Quia
505 2213 562 2241 est
587 2219 632 2241 ex
659 2214 770 2255 gente
796 2207 942 2251 Sabina,
980 2208 1065 2242 ideo
1095 2215 1187 2254 puto
1214 2220 1292 2244 esse
1317 2210 1435 2244 fidum
1460 2210 1532 2245 ho-

16 2249 19 2268 ³
61 2254 214 2288 minem.
268 2273 312 2279 —-
361 2259 400 2288 ut
425 2255 459 2288 ei
484 2259 576 2288 recte
597 2260 688 2298 put„
723 2256 804 2289 dass
840 2255 905 2289 ich
930 2256 1083 2304 glaubte
1115 2257 1213 2292 diess
1239 2258 1370 2293 Werk
1403 2258 1533 2293 seinen

63 2302 219 2336 minden
245 2301 370 2336 sicher
393 2310 643 2336 auvertrauen
667 2315 715 2337 zu
739 2303 903 2338 konnen.
932 2323 978 2329 —-
1014 2306 1213 2349 candidat„
1240 2306 1306 2349 qui
1332 2308 1531 2355 magistra-

17 2373 20 2388 ς
62 2356 143 2382 tum
167 2356 336 2393 petentes
362 2351 551 2384 interdum
578 2352 744 2396 quaesita
770 2352 868 2386 fictis
895 2353 1181 2401 cognominibus
1207 2354 1330 2401 gratia
1364 2366 1403 2389 se
1429 2365 1532 2388 com-

7 2373 21 2446 i}
64 2397 249 2430 mendant.
275 2398 473 2432 MANUT.
500 2398 609 2442 „sich
635 2399 694 2433 die
712 2400 885 2435 Freiheit
909 2401 978 2435 der
990 2401 1221 2436 candidaten
1238 2401 1530 2450 herausgenom-

8 2451 21 2484 ι’,
62 2455 149 2477 men
169 2444 334 2479 und.“—
362 2447 493 2487 subito,
510 2447 579 2480 mit
597 2446 720 2482 einem
742 2448 879 2489 Mahle,
904 2449 981 2483 wie
1006 2461 1069 2482 aus
1090 2449 1158 2483 der
1176 2451 1278 2485 Lust.
1294 2471 1335 2476 -
1363 2451 1532 2495 quiddam

10 2489 21 2539 ηἑ
61 2503 85 2525 a
113 2492 280 2533 Curibus,
307 2492 460 2535 „Etwas
487 2506 561 2529 von
588 2494 672 2528 dem
698 2495 800 2529 alten
828 2495 989 2531 Schrote
1015 2497 1090 2531 und
1115 2498 1239 2532 Korne
1264 2498 1331 2531 der
1347 2497 1532 2531 Einwoh-

9 2548 21 2581 ν’,
62 2550 134 2573 ner
159 2550 230 2573 von
256 2540 413 2573 Cures.“
458 2543 562 2577 Diess
587 2555 669 2577 war
693 2542 752 2576 die
782 2544 1009 2590 Hauptstadt
1033 2545 1099 2579 der
1123 2545 1290 2579 Sabiner.
1335 2545 1420 2593 vgl.
1447 2546 1528 2580 Liv.

17 2586 22 2615 '-
63 2588 94 2629 1,
121 2589 176 2622 18.
205 2590 336 2631 Snopte
359 2589 506 2631 ingenio
531 2597 602 2625 cet.
628 2602 716 2626 vom
743 2591 883 2634 Numa3
916 2593 1054 2642 virgil.
1083 2594 1174 2628 Aen.
1201 2594 1304 2632 VIII,
1329 2594 1410 2629 638.

18 2672 19 2684 ¹
156 2637 187 2671 2.
215 2636 393 2679 quoniam,
419 2638 493 2672 wie
511 2641 662 2684 ep.700‚
681 2641 715 2674 8.
744 2657 786 2663 —-
814 2640 914 2679 olim.
941 2641 1005 2675 iiin
1035 2648 1080 2675 st.
1104 2660 1148 2666 —
1174 2642 1371 2684 appellato,
1397 2642 1530 2687 sprich

17 2691 20 2714 ε
62 2682 139 2716 mir
159 2695 205 2716 zu
231 2684 312 2717 mit.
339 2702 380 2708 —-
402 2684 481 2724 fiet.
506 2686 623 2721 Gebh,
651 2687 742 2720 Ern.
769 2686 856 2721 sch.
883 2689 976 2722 Liin.
995 2653 1069 2730 §at
1085 2694 1214 2721 contra
1231 2688 1304 2722 Md.
1332 2689 1526 2725 ORELIJ.

18 2730 21 2736 '
56 2732 158 2774 freq.
185 2731 222 2764 in
248 2732 320 2765 isto
347 2733 533 2767 scribendi
561 2735 637 2776 ⁰ff·›
675 2735 708 2767 d.
736 2735 760 2768 i.
794 2736 984 2783 fleissig-er
1016 2737 1069 2769 im
1096 2735 1314 2771 Schreiben.
1367 2759 1407 2764 —
1459 2739 1529 2772 Res
