1795 3086
512 58 824 105 EPISTOLA
864 56 1225 102 Dccxxxlx.
1516 53 1602 101 159

138 181 335 219 ratarum
363 188 433 227 se,
469 178 518 215 ut
553 173 600 215 in
628 173 762 214 alium
789 182 943 224 agrum
971 170 1309 212 deducerentur.
1375 167 1499 209 Haec
1525 168 1602 209 illo

134 235 249 275 vivo.
316 231 428 272 Post
456 230 681 271 interitum
709 229 853 269 autem
883 226 1114 279 Caesaris,
1157 230 1206 267 ut
1233 225 1420 281 primum
1451 237 1505 264 ex
1534 237 1602 265 se-

136 293 261 330 natus
300 287 501 328 consulto
545 296 699 326 causas
746 281 947 323 consules
992 294 1258 335 cognoscere
1302 280 1603 330 instituerunt,

136 345 269 397 haec,
300 356 410 399 quae
438 354 569 396 supra
596 339 780 394 scripsi,
818 337 874 378 ad
903 349 978 378 eos
1017 336 1165 379 delata
1199 340 1313 379 sunt.
1379 336 1602 378 Probave-

137 404 237 442 runt
265 412 442 440 causam
468 399 564 438 sine
592 396 681 436 ulla
709 392 982 435 dubitatione
1009 404 1143 446 seque
1171 393 1229 433 ad
1266 397 1312 434 te
1347 391 1497 433 literas
1526 390 1604 433 da-

136 462 259 497 turos
297 468 392 496 esse
429 453 647 494 dixerunt.
723 450 823 504 Ego
861 453 1029 498 autem,
1076 447 1139 488 mi
1178 447 1365 500 Plance,
1401 447 1484 489 etsi
1517 460 1604 488 non

138 511 412 561 dubitabam,
447 509 550 564 quin
580 512 623 548 et
650 511 827 548 senatus
856 504 1103 547 consultum
1132 506 1176 543 et
1209 503 1280 543 lex
1308 508 1354 544 et
1381 504 1607 544 consulum

137 568 358 609 decretum
388 578 442 607 ac
470 565 624 606 literae
652 562 770 617 apud
807 565 851 602 te
885 560 1123 616 plurimum
1161 558 1437 601 auctoritatis
1471 558 1606 601 habe-

138 627 260 675 rent,
298 626 426 676 teque
455 621 595 676 ipsius
623 618 764 660 Attici
792 629 925 658 causa
952 616 1065 659 velle
1093 614 1423 656 intellexeram:
1462 618 1608 657 tamen

137 678 221 719 hoc
249 690 329 733 pro
358 676 666 719 coniunctione
696 678 741 716 et
771 672 1069 716 benevolentia
1097 675 1251 712 nostra
1277 668 1390 711 mihi
1427 671 1609 725 sumpsi,

136 738 184 775 ut
212 733 260 773 id
288 746 315 774 a
342 737 387 775 te
425 737 643 787 peterem,
680 729 800 786 quod
833 732 912 771 tua
946 726 1185 782 singularis
1220 725 1476 767 humanitas
1511 740 1610 768 sua-

137 789 393 844 vissimique
420 802 564 830 mores
595 801 621 829 a
648 790 693 828 te
723 789 867 827 essent
895 782 1188 838 impetraturi.
1252 782 1308 823 Id
1343 784 1490 823 autem
1527 786 1612 835 est,

139 849 185 886 ut
229 843 335 894 hoc,
390 843 509 899 quod
553 848 597 885 se
631 847 707 884 tua
744 844 902 896 sponte
948 839 1173 881 facturum
1208 851 1302 880 esse
1337 842 1461 880 certo
1501 838 1612 889 scio,

136 900 321 942 lionoris
357 900 498 942 nostri
535 911 668 940 causa
702 897 912 947 libenter,
959 895 1156 950 prolixe,
1203 892 1413 936 celeriter
1449 892 1607 935 facias.

138 955 257 997 Mihi
286 969 415 996 nemo
444 958 510 996 est
538 953 727 995 amicior
753 966 835 993 nec
862 951 1100 992 iucundior
1136 963 1217 991 nec
1251 949 1400 992 carior
1432 950 1610 992 Attico:

136 1011 259 1052 cuius
289 1015 416 1051 antea
454 1023 526 1051 res
562 1010 705 1051 solum
740 1007 978 1049 familiaris
1014 1007 1223 1062 agebatur
1260 1012 1611 1061 eaque‘magna3

137 1079 254 1108 nunc
282 1065 470 1108 accessit
497 1065 631 1108 etiam
661 1064 953 1116 existimatio,
988 1067 1057 1115 ut,
1094 1062 1214 1117 quod
1250 1065 1508 1105 consecutus
1547 1066 1614 1103 est

138 1134 296 1176 magna
324 1126 369 1163 et
397 1121 614 1163 industria
641 1125 685 1162 et
711 1120 880 1175 gratia,
915 1123 960 1160 et
987 1119 1089 1161 vivo
1118 1119 1311 1160 Caesare
1347 1122 1394 1159 et
1421 1121 1613 1170 mortuo,

139 1177 183 1218 id
213 1183 257 1219 te
287 1177 521 1219 adiuvante
550 1177 759 1218 obtineat.
825 1174 961 1225 Quod
991 1175 1031 1215 si
1067 1186 1094 1214 a
1128 1178 1172 1215 te
1200 1174 1288 1215 erit
1315 1173 1613 1227 impetratum,

137 1235 206 1274 sic
234 1233 365 1274 velim
393 1233 638 1284 existimes,
677 1245 748 1273 me
777 1230 832 1271 de
861 1235 937 1272 tua
964 1229 1227 1271 liberalitate
1254 1229 1318 1270 ita
1346 1230 1611 1283 interpreta-

139 1294 307 1340 turum,
358 1291 408 1330 ut
447 1292 522 1330 tuo
564 1301 733 1329 summo
775 1285 994 1328 beneficio
1039 1299 1109 1326 me
1153 1285 1360 1326 affectum
1401 1285 1610 1326 iudicem.

138 1345 259 1398 Ego,
303 1356 414 1398 quae
449 1347 492 1385 te
527 1344 640 1385 velle
678 1355 874 1399 quaeque
914 1341 971 1382 ad
1005 1344 1050 1382 te
1086 1341 1309 1394 pertinere
1347 1341 1612 1392 arbitrabor,

139 1400 335 1442 studiose
363 1399 683 1455 diligenterque
712 1399 885 1440 curabo.
942 1397 1018 1439 Da
1046 1410 1248 1452 operam,
1283 1398 1332 1438 ut
1359 1396 1522 1438 valeas·

230 1556 264 1591 6.
290 1555 392 1589 Haec
416 1555 631 1601 agebantur.
657 1572 704 1579 —
728 1563 859 1587 causas
883 1563 1012 1596 cogn„
1039 1553 1134 1587 iiber
1158 1554 1290 1589 casare
1315 1554 1612 1600 Verordnungen

134 1615 183 1637 zu
208 1602 412 1637 erkennen.
440 1623 483 1630 --
515 1603 639 1636 delata
663 1605 762 1643 sunt,
794 1611 834 1635 so
867 1600 1017 1636 machte
1042 1613 1131 1636 man
1155 1601 1250 1636 iiber
1279 1602 1372 1637 alles
1397 1603 1521 1651 Obige
1545 1603 1611 1638 ih-

135 1662 208 1685 nen
233 1651 343 1685 einen
368 1652 541 1695 Vortrag.
568 1669 612 1675 —
638 1649 692 1684 lit.
719 1650 789 1683 dat.
816 1659 912 1692 esse,
936 1649 989 1683 sie
1005 1650 1162 1684 wollten
1178 1661 1225 1682 an
1240 1650 1341 1684 Dich
1367 1650 1430 1685 ein
1455 1651 1613 1686 Schrei-

135 1700 205 1733 ben
231 1699 392 1732 dat-iiber
416 1698 587 1746 abgehen
612 1698 742 1732 lassen.
768 1715 812 1722 —
838 1699 914 1739 lex,
940 1696 1027 1742 quia
1051 1703 1204 1742 praeter
1226 1705 1375 1733 senatus
1399 1698 1610 1734 consultum

137 1747 252 1780 etiam
287 1747 367 1791 lege
403 1746 595 1789 negotium
628 1745 842 1780 consulibus
874 1751 930 1780 est
970 1746 1118 1786 datum,
1159 1750 1202 1778 ut
1236 1746 1282 1779 de
1318 1746 1411 1780 actis
1444 1747 1612 1782 Caesari·

135 1799 415 1840 cognoscerent.
441 1794 564 1828 MAN
569 1793 643 1828 UT.
672 1792 703 1828 V
708 1794 758 1829 id.
784 1804 842 1839 ep.
870 1795 939 1832 772
965 1798 1003 1827 et
1033 1802 1091 1838 ep.
1119 1793 1198 1827 74⁰.
1223 1812 1269 1818 —
1303 1795 1410 1836 velle,
1443 1795 1523 1829 dass
1549 1796 1610 1830 Du

136 1843 204 1876 der
227 1841 348 1876 sache
374 1842 528 1888 giinstig
552 1842 670 1876 seiest.
697 1861 740 1866 —
776 1842 869 1885 quod
893 1867 902 1875 .
926 1867 936 1877 .
962 1865 971 1875 .
996 1840 1251 1883 impetraturi,
1285 1854 1361 1875 was
1397 1843 1493 1877 Dein
1527 1855 1610 1878 aus-

136 1889 403 1934 gezeichneter
431 1888 641 1924 Edelmuth
670 1889 747 1923 und
786 1889 881 1923 Dein
919 1887 1139 1923 herrlicher
1181 1886 1394 1925 Charakte'r
1430 1890 1500 1925 Dir
1533 1902 1611 1926 von

137 1938 251 1972 selbst
274 1937 505 1982 abnothigen
530 1937 701 1971 wiirden.
738 1956 781 1963 -
817 1941 878 1971 tua
908 1940 1051 1982 sponte,
1082 1936 1312 1983 ungebeten.
1347 1957 1393 1964 -
1423 1937 1550 1973 Ῐιοηον.
1576 1951 1611 1972 η,

137 1996 297 2066 εαιιλιεςαἈί
310 1985 458 2020 meiner
496 1983 758 2030 Empfehlung
792 1996 838 2019 zu
876 1985 1018 2020 Ehren.
1070 2002 1112 2009 —
1160 1986 1329 2030 prolixe,
1377 1986 1477 2022 ohne
1517 1987 1610 2022 Ein-

135 2045 171 2067 sc
203 2045 268 2067 ran
300 2044 347 2066 un
380 2058 387 2066 .

230 2084 263 2116 7.
291 2045 390 2114 cuiffs
414 2105 423 2116 .
449 2107 458 2115 .
487 2092 597 2126 eaque
619 2092 774 2124 magna,
808 2081 892 2115 dem
918 2091 956 2115 es
982 2078 1123 2115 vorher
1148 2081 1244 2116 bloss
1269 2094 1332 2117 um
1358 2082 1437 2118 sein
1464 2083 1611 2129 Capita}

136 2130 212 2162 und
237 2139 339 2163 zwar
363 2141 426 2162 um
450 2129 511 2163 ein
538 2140 681 2176 grosses
707 2142 752 2163 zu
777 2128 874 2163 thun
899 2140 990 2166 war.
1045 2129 1190 2163 Numos
1220 2130 1321 2165 enim
1354 2132 1504 2168 Caesari
1539 2143 1610 2165 nu-

134 2182 347 2212 meraverat
371 2177 416 2211 de
442 2187 507 2213 suo
532 2188 602 2223 pro
636 2177 717 2221 agri
749 2177 939 2212 Buthrotii
970 2176 1213 2219 liberatione3
1246 2179 1345 2223 quod
1376 2180 1449 2213 nisi
1479 2190 1608 2214 conse·-

137 2231 333 2269 queretur‚
366 2235 429 2259 eos
453 2236 586 2259 numos
611 2237 632 2259 a
657 2225 867 2259 Buthrotiis
891 2225 1042 2270 exigere
1075 2236 1150 2260 non
1181 2228 1373 2271 potuisset.
1408 2228 1531 2262 MAN
1535 2227 1609 2263 UT.

138 2290 180 2297 -
206 2272 446 2316 existimatio,
471 2273 531 2307 die
556 2272 671 2307 Ehre.
697 2292 740 2298 —
768 2274 859 2317 quod
881 2283 1019 2308 consec.
1044 2277 1117 2316 est,
1143 2276 1260 2310 naml.
1285 2275 1345 2310 die
1363 2275 1607 2310 offentlichen

137 2320 350 2354 Beschliisse
375 2321 468 2355 iiber
491 2321 551 2355 die
578 2321 846 2356 Buthrotische
882 2320 1012 2356 Sache.
1042 2339 1084 2345 -
1116 2321 1323 2366 industria,
1356 2324 1476 2358 durch
1507 2323 1608 2357 seine

137 2367 212 2400 und
237 2368 358 2402 seiner
381 2369 553 2404 Freunde
577 2368 900 2404 Betriebsamkeit.
927 2388 971 2395 --
996 2370 1148 2412 gratia,
1175 2370 1297 2405 durch
1316 2371 1378 2406 die
1395 2372 1516 2405 Gunst
1541 2371 1608 2405 der

136 2415 296 2450 Manner
320 2428 380 2450 um
404 2417 539 2451 Ruder.
574 2437 616 2443 —
654 2417 834 2458 obtineat,
868 2417 1072 2463 hehaupte‚
1106 2417 1347 2458 durchsetze,
1382 2418 1607 2466 ausgefiihrt

137 2461 234 2496 sebe.
262 2481 303 2487 —
329 2474 380 2496 me
407 2489 415 2497 .
443 2489 451 2497 .
480 2490 487 2496 .
512 2465 720 2509 interpret.‚
746 2465 826 2499 dass
852 2465 915 2499 ich
936 2467 1056 2500 Deine
1079 2466 1179 2500 Giite
1204 2478 1245 2501 so
1270 2468 1443 2515 auslegen
1470 2466 1606 2507 werde,

137 2511 189 2543 als
217 2509 319 2544 hatte
346 2510 408 2545 ich
434 2513 547 2547 selbst
572 2513 632 2548 die
658 2515 801 2559 grosste
827 2513 957 2548 Gnade
983 2525 1058 2549 von
1084 2514 1153 2549 Dir
1176 2515 1360 2552 erhalten.
