1795 3086
473 54 789 100 EPISTOLA
819 50 1123 100 Dc'c'xclv.
1461 54 1553 102 265

80 170 228 212 relam.
288 167 420 217 Quod
450 182 558 211 vero
589 182 613 208 a
649 172 708 220 te,
745 165 846 208 viro
886 168 1070 222 optimo,
1110 168 1320 210 seductus
1361 171 1427 209 cst
1456 171 1552 209 tuo-

80 239 165 279 que
202 224 421 265 beneficio
459 223 608 265 adhuc
647 223 762 264 vivit
800 222 910 264 haec
948 224 1108 277 pestis,
1146 224 1395 270 interdum,
1432 225 1552 277 quod

79 280 195 322 mihi
222 280 305 321 vix
333 279 401 321 fas
432 284 512 326 est,
540 279 625 320 tibi
654 278 921 319 subirascor.
979 278 1098 320 Mihi
1121 280 1238 322 enim
1262 278 1432 334 negotii
1451 281 1552 334 plus

82 336 308 390 reliquisti
337 335 428 382 uni,
467 348 597 390 quam
626 338 805 388 praeter
832 348 902 375 me
931 336 1145 378 omnibus.
1202 337 1268 378 Ut
1305 336 1423 378 enim
1462 335 1553 389 pri-

81 405 197 432 mum
227 395 327 446 post
355 391 539 432 Antonii
569 389 875 431 foedissimum
905 390 1151 432 discessum
1186 395 1365 434 senatus
1393 390 1553 432 haberi

83 449 225 489 libere
255 449 412 502 potuit,
441 447 497 486 ad
526 446 657 487 illum
686 445 880 486 animum
909 459 1053 486 meum
1094 449 1260 489 reverti
1300 448 1553 503 pristinum,

83 518 213 558 quein
243 508 290 544 tu
319 516 418 543 cum
449 502 540 544 civi
570 502 804 553 acerrimo,
844 506 970 557 patre
1001 506 1095 553 tuo,
1136 502 1182 542 in
1215 517 1291 544 ore
1330 507 1374 545 et
1404 515 1552 544 amore

82 572 255 613 semper
282 558 493 599 habuisti.
551 558 666 599 Nam
704 571 839 613 quum
876 562 1074 599 senatum
1113 571 1150 599 a.
1182 557 1224 599 d.
1255 572 1353 599 xm.
1385 559 1553 599 Kalen·
1590 553 1618 592 2

82 616 163 656 das
192 614 423 655 Ianuarias
453 613 621 655 tribuni
651 613 790 667 plebis
811 614 1093 656 vocavissent
1122 614 1265 668 deque
1293 615 1383 655 alia
1409 628 1457 655 re
1487 627 1555 655 re-

83 671 275 711 ferrent:
304 673 445 711 totam
474 683 568 710 rem
597 671 820 725 publicam
849 684 945 711 sum
974 669 1226 723 complexus
1250 670 1411 725 egique
1432 683 1554 711 acer-

84 727 194 767 rime
222 730 510 780 senatumque
539 726 628 766 iam
656 726 934 780 languentem
972 730 1018 766 et
1055 724 1277 766 defessum
1317 726 1373 766 ad
1403 725 1554 780 pristi-

84 795 184 824 nam
220 782 433 823 virtutem
472 781 924 835 consuetudinemque
975 781 1184 823 revocavi
1229 782 1372 836 magis
1421 781 1555 821 animi

84 851 216 892 quam
243 837 414 891 ingenii
443 837 626 879 viribus.
687 838 778 877 Hic
806 836 903 876 (lies
932 850 1117 891 meaque
1157 836 1385 878 contentio
1426 841 1557 892 atque

83 894 204 934 actio
233 907 355 948 spem
382 893 573 948 primum
602 893 766 947 populo
807 891 1012 933 Romano
1054 894 1207 934 attulit
1236 893 1460 934 libertatis
1491 906 1557 933 re-

85 949 379 1002 cuperandae.
436 947 533 989 Nec
571 962 677 990 vero
717 948 812 1002 ipse
850 952 1005 1003 postea
1042 953 1212 1004 tempus
1254 949 1391 990 ullum
1421 948 1560 989 inter—

86 1005 188 1045 misi
218 1005 274 1045 de
303 1017 351 1044 re
381 1005 560 1058 publica
587 1017 674 1045 non
705 1003 936 1058 cogitandi
966 1004 1124 1057 solum,
1155 1005 1234 1046 sed
1264 1004 1397 1046 etiam
1427 1017 1560 1057 agen-

85 1061 146 1101 di.
205 1059 338 1110 Quod
366 1059 456 1100 nisi
487 1072 557 1101 res
586 1061 775 1100 urbanas
806 1063 992 1113 actaque
1022 1061 1169 1100 omnia
1204 1060 1261 1100 ad
1290 1064 1335 1102 te
1365 1061 1558 1114 perferri
1596 1058 1624 1098 3

86 1115 345 1161 arbitrarer,
383 1116 478 1168 ipse
521 1116 856 1169 perscriberem,
897 1129 1162 1170 quamquam
1198 1129 1318 1157 eram
1347 1115 1560 1157 maximis

86 1169 455 1226 occupationibus
485 1171 741 1226 impeditus.
800 1169 890 1212 Sed
930 1171 1014 1211 illa
1054 1185 1296 1225 cognosces
1336 1185 1394 1213 ex
1433 1171 1560 1213 aliis:

87 1242 113 1268 a
141 1240 210 1268 me
239 1239 393 1281 pauca,
424 1230 469 1267 et
497 1240 550 1267 ea
577 1227 840 1267 summatim.
899 1226 1124 1268 Habemus
1153 1226 1316 1268 fortem
1346 1231 1560 1278 senatum,

87 1284 339 1324 consulares
369 1283 533 1335 partim
561 1282 745 1323 timidos
775 1282 938 1336 partim
973 1284 1089 1323 male
1119 1283 1374 1324 sentientes.
1433 1284 1559 1337 Mag-

85 1352 188 1380 num
218 1339 423 1379 damnum
456 1337 623 1379 factum
668 1342 735 1379 est
774 1338 820 1379 in
850 1337 1024 1380 Servio.
1091 1338 1145 1380 L.
1188 1337 1356 1380 Cacsar
1394 1338 1561 1394 optime

33 1522 34 1525 ¹
90 1527 131 1534 -
161 1509 326 1542 seductus
351 1512 414 1549 ese,
440 1507 501 1541 bei
526 1507 628 1541 Seite
655 1518 826 1556 gezogen
850 1507 995 1543 wurde.
1045 1508 1258 1552 Antequam
1283 1510 1418 1544 Caesar
1444 1510 1564 1544 inter-

34 1587 35 1599 *
91 1559 281 1598 ficeretur,
309 1556 518 1591 Trebonius
543 1555 750 1589 Antonium
778 1556 938 1599 seduxit,
971 1568 1018 1590 ne
1043 1558 1143 1591 forte
1169 1557 1320 1591 Caesari
1344 1568 1565 1592 succurrere

91 1611 231 1650 posset.
258 1604 366 1639 SC'H.
396 1622 437 1627 -
475 1601 562 1637 haec
585 1604 712 1646 pestis,
740 1602 852 1638 homo
877 1604 1049 1649 pestifer,
1077 1604 1204 1639 dieser
1228 1606 1453 1655 Plagegeist.
1488 1608 1565 1640 Me-

90 1652 260 1698 taphora.
311 1651 346 1685 S.
373 1651 523 1685 Ramsh.
552 1651 581 1693 ἕ.
608 1652 691 1692 203,
720 1653 754 1690 2,
782 1652 816 1685 b.
864 1671 907 1676 —
958 1653 1144 1697 reliquisti
1170 1653 1251 1687 scil.
1280 1666 1336 1696 eo,
1363 1654 1463 1699 quod
1487 1654 1567 1687 An-

91 1701 236 1734 tonium
264 1700 529 1735 seduxeris.—
547 1699 654 1740 foed.
680 1699 888 1740 discessum,
916 1700 1013 1734 nach
1032 1701 1117 1735 dem
1136 1702 1353 1745 neuliehen,
1382 1701 1566 1747 schimpf-

37 1767 38 1770 =
90 1749 220 1782 lichen
246 1748 400 1795 Abzuge
427 1747 488 1780 des
511 1747 706 1781 Antonius.
757 1747 795 1782 S.
823 1748 990 1794 Philipp.
1018 1749 1090 1790 ΙΙΙ,
1114 1751 1148 1784 9.
1184 1750 1229 1792 V,
1254 1752 1286 1786 9.
1337 1751 1473 1794 Neque
1509 1761 1567 1784 sa-

38 1838 39 1844 1
90 1796 246 1830 orificiis
282 1795 512 1830 solemnibus
549 1795 659 1828 factis
694 1806 814 1839 neque
849 1797 948 1830 votis
985 1797 1223 1842 nuncupatis,
1260 1809 1338 1832 non
1362 1799 1566 1843 'profectus

39 1845 40 1879 l
91 1851 159 1888 est,
187 1843 251 1878 sed
274 1845 448 1890 profugit
473 1843 682 1889 paludatus,
709 1849 790 1888 sagt
816 1844 960 1879 Cicero.
1008 1864 1056 1870 —
1104 1846 1278 1886 animum,
1304 1846 1567 1888 Beherztheit,

40 1916 41 1926 1
92 1892 460 1927 Entschlossenheit.
488 1910 531 1915 —-
580 1892 619 1924 in
645 1903 711 1925 ore
734 1896 770 1925 et
795 1904 918 1927 amore
943 1904 1049 1937 semp.
1075 1892 1174 1935 hab„
1209 1894 1349 1929 immer
1372 1895 1426 1927 im
1452 1894 1568 1928 Mund

90 1941 168 1974 und
194 1941 344 1974 Herzen
369 1946 515 1987 trugest
541 1939 575 1972 d.
603 1940 626 1974 i.
656 1940 815 1985 priesest
840 1940 918 1974 und
943 1953 989 1974 an
1016 1941 1093 1974 mir
1118 1942 1279 1977 liebtest.
1329 1944 1376 1977 In
1400 1953 1464 1977 ore
1488 1942 1568 1976 hab.

42 2015 43 2022 ,
92 2001 140 2018 Ξ
166 1988 338 2026 laudasti,
363 1987 603 2032 praedicasti.
632 1993 666 2021 et
692 1999 814 2022 amore
839 1995 1012 2034 suspecta
1037 1989 1129 2023 Ern.
1180 1990 1255 2025 Sed
1286 1998 1390 2025 recte
1425 1991 1568 2025 dicitur

43 2080 44 2089 ἵ
93 2043 130 2070 et
155 2036 193 2070 in
217 2046 282 2069 ore
307 2035 440 2070 habere
473 2042 509 2070 et
544 2035 583 2068 in
617 2046 738 2070 amore
771 2037 917 2071 habere.
968 2038 1042 2071 Hic
1079 2044 1280 2084 utrumque
1312 2039 1565 2086 coniungitur.

94 2085 167 2120 ΟΒ.
219 2083 329 2118 Doch
353 2084 467 2118 sollte
492 2095 578 2117 man
605 2084 641 2117 z'n
664 2089 810 2128 pectore
833 2085 1077 2120 vermuthen.

187 2134 220 2168 2.
248 2144 339 2166 3111.
367 2132 456 2166 Kal.
484 2133 577 2173 Ian„
603 2143 662 2165 am
688 2135 744 2168 20.
770 2134 990 2168 December.
1043 2153 1083 2159 -
1137 2135 1276 2170 tribuni
1296 2137 1346 2180 pl.
1373 2135 1477 2179 novi,
1504 2135 1570 2179 qui

92 2180 355 2228 magistratum
380 2180 426 2214 de
452 2191 557 2213 more
583 2180 755 2215 inierunt
781 2194 831 2215 xv.
857 2182 911 2215 Id.
938 2183 1026 2216 Dec.
1054 2182 1255 2218 MANUT.
1286 2203 1327 2209 —
1353 2185 1465 2228 deque
1491 2184 1571 2217 alia

94 2240 147 2270 re,
172 2229 266 2261 iiber
291 2240 387 2276 ganz
412 2228 561 2270 andere,
589 2228 871 2264 unbedeutende
897 2230 1021 2278 Dinge
1045 2243 1077 2264 z.
1103 2231 1143 2264 B.
1165 2232 1260 2266 iiber
1284 2232 1345 2266 die
1371 2232 1570 2265 Verbesse-

95 2288 194 2323 rung
217 2276 285 2309 der
309 2276 531 2321 Appischen
557 2275 719 2317 fflrasse,
747 2278 844 2312 iiber
869 2279 929 2312 die
950 2280 1085 2312 Miinze
1103 2291 1250 2321 u„s.w.‚
1280 2280 1325 2314 da
1352 2278 1449 2313 doch
1476 2280 1570 2312 ietzt

47 2367 49 2370 ι
95 2324 156 2356 die
190 2323 361 2358 Freiheit
393 2326 460 2357 auf
487 2324 571 2357 dem
604 2324 733 2370 Spiele
767 2327 886 2360 stand.
938 2326 974 2360 S.
1002 2326 1171 2372 Philipp.
1205 2329 1287 2362 VII.
1323 2329 1375 2361 im
1400 2328 1489 2360 Ans.
1525 2345 1568 2351 —

95 2371 222 2414 compl.
249 2382 335 2405 sum.
385 2371 441 2404 Er
466 2372 593 2406 deutet
620 2374 686 2406 auf
706 2373 809 2408 seine
835 2375 951 2409 dritte
978 2375 1099 2409 oratio
1123 2375 1353 2421 Philippica.
1382 2394 1426 2399 —-
1453 2376 1523 2408 ad.
1540 2400 1568 2407 ..

94 2423 264 2459 consuet„
291 2430 362 2452 zur
386 2419 490 2453 alten
516 2420 720 2454 Thatkraft
746 2422 822 2455 und
849 2423 958 2457 Sitte.
1009 2422 1106 2456 Eine
1123 2425 1340 2468 Hendiadys
1369 2430 1414 2457 st.
1441 2424 1491 2456 ad
1512 2434 1568 2466 pn

0 2492 7 2499 .
50 2469 52 2506 l
96 2468 260 2500 uirtutem
287 2471 565 2512 consuetamque.
614 2488 656 2494 -—
705 2469 834 2513 animi,
873 2472 1015 2505 meines
1044 2471 1222 2515 Gesiihls,
1261 2472 1403 2506 meines
1431 2470 1570 2512 Muffls,

97 2514 244 2548 meiner
269 2514 552 2563 Begeisterung.

192 2563 213 2576 ΓΙ

192 2578 226 2596 ο.
265 2572 321 2596 res
346 2563 439 2603 urb„
474 2564 644 2597 Vorf'zille
671 2564 738 2597 der
763 2563 890 2605 Stadt3
924 2572 1022 2609 acta,
1054 2567 1278 2601 'tiffcnssiche
1303 2567 1569 2600 Vei-bandinu—

53 2622 55 2634 ι
97 2622 183 2656 gen.
211 2628 256 2633 —
283 2611 498 2654 summatim,
525 2611 565 2643 iu
592 2612 716 2645 Kiirze
742 2617 1110 2662 zusainmeugefasst.
1141 2632 1183 2638 —
1224 2616 1319 2648 male
1344 2619 1434 2648 sent.
1483 2615 1570 2663 Vgl.

99 2671 156 2702 ep.
186 2659 254 2692 795
280 2669 338 2690 am
366 2658 472 2691 Ende
505 2659 581 2691 und
609 2661 678 2694 793
704 2659 757 2693 im
782 2660 872 2694 Anf.
930 2664 1054 2697 Unter
1087 2663 1148 2695 die
1177 2663 1305 2696 timidi
1337 2662 1495 2697 reclinet
1530 2675 1571 2697 er

56 2738 57 2744 ,
97 2705 168 2739 den
198 2706 411 2751 Philippus,
439 2712 548 2740 unter
575 2707 674 2742 diese
701 2708 776 2742 den
802 2709 892 2744 Piso.
924 2730 963 2735 ——
1018 2712 1053 2743 ιή
1083 2712 1211 2745 Servio
1239 2711 1423 2757 Sulpicio,
1452 2723 1572 2756 nuper
