1795 3086
235 73 329 122 370
516 73 576 118 M.
610 72 665 116 Τ.
697 69 1045 115 CICERONIS
1076 68 1451 114 EPISTOLAE.

240 187 502 241 peculiatus.
564 186 651 226 His
700 182 952 225 rumoribus
998 187 1146 226 utrum
1188 182 1341 224 Gades
1388 181 1624 235 reseratur,
1672 194 1727 223 an

237 245 442 294 Romam,
482 264 537 271 -
566 241 624 283 ad
655 240 858 295 singulos
887 239 1005 281 enim
1037 239 1216 281 nuntios
1246 238 1505 293 turpissime
1535 238 1729 280 consina

169 291 175 297 ⁶
236 305 381 342 mutat
409 322 463 328 —
494 297 689 338 nondum
720 296 829 337 scio.
889 296 979 338 Sed
1016 300 1196 351 praeter
1238 295 1362 335 furta
1400 298 1446 334 et,
1476 294 1657 349 rapinas
1686 297 1732 336 et

235 357 378 410 virgis
409 367 566 396 caesos
596 353 746 393 socios
784 352 897 393 haec
935 366 1114 407 quoque
1154 350 1277 403 fecit,
1323 354 1373 391 ut
1412 349 1508 404 ipse
1543 349 1732 405 gloriari

235 413 364 463 solet,
394 411 564 462 eadem,
594 421 706 463 quae
737 409 787 450 C.
821 408 1001 449 Caesar.
1031 407 1192 460 Ludis,
1231 420 1343 462 quos
1374 406 1580 448 Gadibus
1608 406 1733 457 fecit,

238 467 515 509 Herennium
567 465 772 511 Gallum,
823 463 1110 510 histrionem,
1171 477 1344 504 summo
1394 463 1607 504 ludorum
1657 461 1734 503 die

235 524 371 565 anulo
400 536 537 563 aureo
568 521 794 570 donatum,
834 520 880 561 in
921 534 1014 562 x1v.
1045 533 1216 562 sessum
1246 519 1463 561 deduxit:
1514 522 1585 560 tot
1614 517 1733 560 enim

236 580 409 622 fecerat
438 578 624 620 ordines
654 578 878 631 equestris
908 576 1014 617 loci.
1062 576 1485 626 Quattuorviratum
1514 573 1601 615 sibi
1630 586 1733 628 pro-

238 636 441 691 rogavit:
472 635 657 675 coniitia
686 633 855 673 biennii
887 632 1022 672 biduo
1053 631 1226 683 habuit,
1264 631 1353 673 hoc
1383 636 1469 683 est,
1508 630 1731 671 renuntia-

237 692 320 738 vit,
349 705 461 746 quos
491 691 533 730 ei
563 690 707 730 visum
739 694 827 729 est:
869 689 1045 728 exsules
1076 688 1275 739 reduxit,
1317 701 1403 727 non
1435 687 1597 728 horum
1625 690 1731 727 tem-

236 761 412 803 porum,
444 746 523 787 sed
555 745 754 793 illorum⁷
798 744 960 799 quibus
1000 756 1025 782 a
1055 742 1288 783 seditiosis
1318 747 1496 784 senatus
1534 742 1711 784 trucida

237 809 308 845 tus
338 807 414 843 aut
444 801 659 856 expulsus
690 805 772 852 est,
822 800 929 841 Sex.
973 798 1100 839 Varo
1141 798 1419 853 proconsule.
1496 798 1589 840 Illa
1626 812 1727 840 vert,

238 861 327 901 iam
356 872 412 899 ne
444 858 653 900 Caesaris
693 856 873 911 quidem
914 855 1151 909 exemplo:
1203 856 1325 908 quod
1366 853 1490 895 ludis
1528 858 1732 908 praetex-

237 1029 294 1064 27.
322 1024 525 1061 ORELLI.
576 1040 620 1047 —-
672 1021 745 1056 His
771 1033 922 1063 rumor„
959 1021 1004 1055 ob
1038 1033 1081 1055 er
1114 1022 1175 1055 bei
1208 1022 1282 1056 den
1316 1023 1485 1071 ietzigen
1512 1022 1736 1059 Geriichten

239 1077 331 1117 (von
356 1075 424 1108 der
448 1072 712 1119 Vei-einigung
738 1071 801 1104 des
828 1069 995 1115 Lepidus
1021 1069 1093 1104 mit
1120 1069 1206 1104 dem
1233 1070 1437 1116 Antonius)
1473 1072 1557 1107 sich
1587 1072 1737 1109 wieder

238 1122 337 1158 nach
364 1121 484 1155 Gades
511 1120 603 1153 oder
628 1119 728 1153 nach
755 1119 850 1152 Rom
885 1118 1033 1152 zuriick
1069 1119 1232 1165 begeben
1269 1120 1406 1154 werde.
1458 1138 1504 1145 --
1554 1122 1605 1154 ad
1633 1121 1731 1163 sing.

234 1175 350 1213 nunt„
376 1169 437 1205 bei
464 1169 572 1203 ieder
597 1179 720 1201 neuen
742 1166 973 1201 Nachricht.

333 1238 367 1272 2.
420 1238 455 1268 et
478 1234 604 1277 virgis
629 1245 755 1268 caesos
779 1232 912 1275 socios,
950 1232 1056 1275 „und
1088 1232 1316 1275 ausserdem,
1355 1231 1440 1266 dass
1466 1245 1507 1267 er
1530 1233 1735 1270 Rb'mische

238 1285 578 1332 Bundesgenossen
613 1283 687 1317 mit
724 1282 876 1316 Ruthen
912 1281 1038 1316 hauen
1072 1282 1203 1317 liess.“
1251 1281 1360 1316 Diess
1404 1293 1487 1316 war
1518 1293 1642 1331 geg-en
1675 1283 1736 1318 die

238 1334 302 1368 lex
330 1331 475 1366 Porcia.
519 1352 561 1357 —-
615 1332 657 1365 C.
685 1331 804 1365 Iulius
833 1330 985 1365 Caesar.
1036 1348 1083 1356 -—
1131 1341 1270 1364 summo
1296 1330 1372 1364 lud.
1398 1331 1469 1374 (lie,
1502 1342 1563 1365 am
1589 1331 1734 1367 letzten

236 1381 443 1429 Spieltage.
497 1400 540 1406 —
592 1380 702 1413 anulo
728 1390 857 1421 aureo,
883 1390 993 1423 quem
1021 1379 1085 1422 qui
1111 1390 1187 1413 non
1211 1378 1382 1420 habebat,
1408 1389 1523 1423 eques
1548 1379 1736 1414 Romanus

236 1441 314 1464 non
341 1436 422 1464 erat
447 1439 519 1461 nec
546 1427 586 1460 in
612 1427 900 1472 quatuordecim
925 1426 1106 1475 gradibus
1141 1427 1182 1460 in
1215 1426 1367 1461 theatro
1408 1427 1572 1463 sedebat.
1625 1429 1734 1464 Visus
1777 1429 1779 1434 ‘

237 1484 296 1512 est
321 1477 442 1526 igitur
466 1475 604 1511 Balbus
637 1475 866 1510 histrionem
905 1476 958 1508 ita
993 1474 1099 1509 velle
1132 1475 1301 1519 equitem
1332 1486 1483 1516 creare,
1523 1482 1566 1510 ut
1599 1476 1735 1511 Caesar·

239 1526 463 1564 haberium,
510 1523 572 1557 cui
611 1523 833 1567 videbatur,
873 1529 1002 1557 coacto
1035 1534 1148 1567 agere
1182 1523 1345 1556 mimum
1377 1535 1505 1567 suum,
1549 1523 1733 1560 honorem

237 1573 426 1619 equestris
451 1571 595 1605 ordinis
620 1572 817 1615 ademisse,
855 1583 985 1605 rursus
1018 1571 1187 1616 equitem
1211 1571 1358 1604 donatis
1391 1572 1612 1619 quingentis
1647 1574 1733 1607 mil-

235 1622 337 1656 libus
362 1621 560 1654 nummfim
601 1626 639 1654 et
664 1620 778 1654 anulo
801 1631 915 1654 aureo
943 1625 1147 1655 creaverat.
1199 1619 1354 1654 Sueton.
1390 1619 1465 1653 Iul.
1499 1631 1530 1654 c.
1558 1623 1616 1656 39.
1656 1623 1733 1656 Ma-

237 1671 341 1705 crob.
370 1669 521 1704 Saturn.
549 1668 600 1709 11,
627 1671 658 1703 7.
687 1669 767 1702 ΜΛ
779 1668 893 1704 NUT.
927 1687 975 1693 —-
1007 1667 1153 1701 ordines
1177 1679 1231 1716 eq.
1258 1668 1343 1711 loci,
1367 1667 1516 1703 Reihen
1541 1668 1645 1704 Sitze
1669 1671 1735 1704 siir

238 1719 300 1753 die
335 1717 489 1766 dortige
514 1716 778 1751 Ritterschaft.
830 1716 989 1750 Theatri
1023 1715 1184 1751 Romani
1219 1717 1532 1751 consuetudinem
1562 1718 1733 1753 imitatus

239 1772 309 1801 est.
360 1766 457 1800 Nam
483 1765 523 1798 in
548 1765 837 1810 quatuordecim
862 1765 1049 1810 proximis
1074 1764 1252 1813 gradibus
1277 1765 1365 1813 lege
1387 1765 1522 1800 Roscia
1549 1767 1734 1811 equestris

239 1815 333 1850 ordo
357 1814 563 1859 separatim
588 1813 750 1848 sedebat.
786 1812 991 1848 MANUT.
1041 1832 1089 1838 -
1138 1813 1490 1858 quattuorviratum,
1516 1816 1597 1849 sein
1623 1815 1734 1849 Vier-

238 1864 441 1898 herrnamt
475 1863 721 1909 verlangerte
758 1873 800 1896 er
832 1861 914 1896 sich
950 1860 1076 1895 selbst.
1129 1862 1460 1904 Quattuorviratus
1492 1874 1659 1898 summus
1693 1864 1735 1897 in
1778 1862 1780 1878 ³

240 1910 463 1957 municipiis
490 1911 733 1958 magistratus
760 1916 852 1949 erat,
877 1916 919 1943 ut
936 1909 1075 1944 Romae
1102 1910 1328 1944 consulatus.
1378 1910 1475 1946 Erat
1498 1917 1624 1945 autem
1651 1923 1733 1947 mu-

240 1960 426 2006 nicipium
452 1958 585 1993 Gades.
627 1958 829 1993 MANUT.
880 1977 925 1984 —-·
972 1959 1196 2002 prorogavit
1232 1958 1401 1992 Caesaris
1435 1960 1632 2006 exemplo,
1667 1961 1733 2005 qui

239 2009 313 2043 sibi
339 2007 568 2042 dictaturam
595 2013 877 2054 prorogaverat.
913 2006 1120 2043 MANUT.
1147 2025 1192 2031 —
1218 2007 1367 2040 comitia
1394 2007 1425 2041 b.
1450 2008 1481 2041 h.
1508 2007 1646 2052 habuit,
1672 2009 1735 2044 die
1765 2035 1768 2045 .

240 2055 616 2106 Magistratswahlen
648 2057 716 2090 auf
737 2055 836 2089 zwei
865 2054 968 2089 v‘olle
995 2055 1107 2089 Iahre
1138 2055 1289 2089 machte
1323 2066 1366 2089 er
1403 2056 1443 2088 in
1478 2058 1578 2092 zwei
1603 2057 1733 2102 Tagen

238 2105 306 2149 ab;
333 2110 374 2138 ut
402 2104 536 2138 Caesar
559 2104 682 2137 iturus
708 2110 841 2137 contra
870 2103 1027 2138 Parthos
1052 2103 1297 2151 magistratus
1322 2104 1364 2136 in
1391 2109 1470 2138 tres
1495 2116 1608 2139 annos
1627 2117 1732 2139 crea-
1779 2138 1780 2141 ,

240 2160 360 2188 verat.
393 2151 594 2186 MANUT.
646 2171 693 2177 -——
742 2152 978 2190 renuntiavit,
1005 2152 1248 2199 magistratus
1274 2151 1479 2185 Gaditanos
1505 2153 1732 2193 declaravit,

239 2201 398 2249 delegit,
425 2212 468 2234 er
493 2207 675 2235 ernannte
701 2212 747 2234 zu
774 2200 1192 2246 Mag-istratspersonen.
1248 2218 1288 2223 —
1341 2201 1481 2233 exsules
1505 2203 1662 2244 reduxit,
1689 2209 1731 2237 ut

240 2250 377 2285 Caesar
403 2250 485 2282 fere
510 2259 640 2283 omnes
667 2249 754 2293 lege
780 2249 958 2294 Pompeia
983 2248 1187 2281 damnatos.
1226 2246 1309 2280 Vid.
1351 2247 1455 2283 Caes.
1490 2249 1537 2284 de
1571 2251 1611 2284 Β.
1647 2251 1726 2285 civ.
1778 2288 1781 2293 Ι

239 2298 321 2338 ΠΙ,
357 2299 388 2334 1.
429 2296 598 2342 Philipp.
633 2297 746 2336 XIII,
787 2298 840 2331 12.
890 2296 1096 2330 MANUT.
1142 2315 1190 2321 —
1237 2299 1385 2329 senatus
1424 2297 1447 2331 i.
1482 2310 1512 2331 e.
1552 2298 1730 2332 decurio·
1780 2311 1782 2340 ;

239 2357 306 2382 nes
344 2345 533 2380 Gaditani.
584 2345 620 2379 Is
657 2345 760 2378 enim
798 2350 879 2378 erat
910 2351 1058 2378 senatus
1093 2344 1133 2377 in
1165 2344 1399 2389 municipiis.
1444 2346 1650 2381 MANUT.
1686 2368 1728 2373 ———
1780 2382 1782 2386 ,

237 2395 322 2429 Sex.
365 2393 466 2428 Varo
501 2403 609 2437 proc.
656 2393 870 2437 Hispaniae.
939 2392 1083 2426 Schiitz
1118 2392 1360 2433 vermuthet,
1404 2404 1440 2428 es
1474 2395 1628 2429 mb'chte
1661 2395 1731 2429 der
1764 2397 1782 2429 -j

238 2442 374 2477 Sextus
400 2440 607 2485 Quintilius
633 2440 748 2474 Varus
775 2441 877 2482 sein,
922 2439 992 2474 der
1028 2441 1082 2474 im
1115 2441 1145 2475 I.
1171 2442 1241 2476 697
1274 2441 1405 2474 Prator
1440 2454 1544 2486 war,
1585 2443 1729 2478 mithio

236 2489 359 2573 {volnt
371 2489 433 2524 das
460 2489 553 2525 Iahr
581 2489 716 2524 darauf
738 2489 799 2525 die
825 2489 990 2523 Provinz
1016 2488 1181 2535 Spanien
1224 2488 1277 2523 als
1314 2490 1519 2525 Proconsul
1554 2492 1729 2529 erhalteu
1780 2506 1781 2511 ¹

267 2549 342 2574 onn
363 2550 394 2573 e.
1108 2550 1112 2554 ·

332 2606 367 2640 3.
420 2605 578 2649 exemplo
604 2604 710 2640 fecit.
739 2623 782 2629 -
814 2609 1044 2649 praetextam
1071 2630 1079 2638 .
1108 2634 1115 2641 .
1141 2604 1275 2649 posim,
1302 2604 1470 2638 fabulam
1494 2609 1728 2650 praetextam

237 2653 426 2696 agendam⁴
460 2654 575 2689 dedit.
627 2653 696 2688 Est
729 2654 830 2687 enim
869 2654 1018 2688 fabulae
1055 2666 1193 2702 genus,
1233 2653 1274 2686 in
1308 2664 1382 2698 quo
1414 2653 1580 2687 Romano
1614 2663 1727 2699 argu·
1776 2679 1777 2682 ,

236 2707 367 2735 mento
394 2702 622 2747 praetextati
645 2702 721 2735 viri
748 2702 771 2735 i.
797 2713 828 2735 e.
856 2704 1100 2751 magistratus
1124 2702 1412 2737 inducebantur.
1464 2701 1571 2735 Unde
1597 2700 1727 2734 Horat.
1778 2704 1780 2709 ’

236 2749 276 2782 in
302 2749 383 2785 Art.
411 2757 510 2796 poet.
534 2763 567 2784 v.
593 2752 680 2788 288:
721 2750 805 2793 „vel
841 2752 905 2794 qui
936 2755 1157 2795 praetextas
1187 2750 1247 2785 vel
1279 2751 1339 2796 qui
1373 2751 1530 2784 docuere
1562 2753 1724 2790 togatas.
