1795 3086
507 73 821 118 EPISTOLA
852 72 1226 118 DCCLXXVII.
1487 71 1579 119 239

104 187 232 237 locis,
283 188 328 227 in
376 186 535 241 quibus
574 186 768 228 maxime
808 186 904 226 tuto
944 200 1012 228 me
1050 200 1146 228 esse
1188 185 1450 227 arbitrabar.
1510 184 1577 225 Eo

103 244 269 284 factum
309 246 391 293 est,
441 247 489 282 ut
528 242 582 282 ad
624 246 668 283 te
707 241 858 295 Lupus
907 240 1001 282 sine
1046 241 1155 282 meis
1205 241 1352 282 literis
1392 239 1577 291 rediret,

101 312 235 352 quum
265 302 413 339 tamen
441 301 643 338 curasset
682 299 780 337 tuas
821 294 876 335 ad
915 309 984 336 me
1021 297 1320 350 perferendas.
1388 296 1575 337 Romam

103 359 252 395 autem
292 354 392 394 veni
431 366 468 394 a.
512 352 554 394 d.
597 366 637 393 v.
668 351 777 392 Idus
819 350 1100 402 Decembres,
1148 366 1230 394 nec
1266 352 1401 393 habui
1446 351 1576 405 quid*

103 422 237 464 quam
269 407 506 462 antiquius,
544 420 675 461 quam
706 411 754 448 ut
782 406 976 448 Pansam
1006 406 1157 447 statim
1185 407 1490 449 convenirem:
1519 420 1574 447 ex

104 478 195 519 quo
237 477 289 504 ea
327 464 382 504 de
422 467 466 504 te
507 461 712 516 cognovi,
762 474 874 516 quae
911 461 1107 503 maxime
1148 464 1361 516 optabam.
1426 462 1577 512 Quare

104 519 357 561 hortatione
387 521 434 558 tu
464 518 646 572 quidem
676 531 765 558 non
794 530 912 569 eges,
960 517 1000 559 si
1038 530 1092 558 ne
1120 517 1166 556 in
1196 518 1275 557 illa
1305 517 1484 572 quidem
1515 530 1577 567 re,

103 588 215 629 quae
255 589 282 615 a
320 578 362 614 te
400 578 526 627 gesta
565 577 631 614 est
668 576 768 627 post
807 571 1036 613 hominum
1074 573 1330 613 memoriam
1368 574 1578 618 maxima,

104 631 376 670 hortatorem
406 629 687 670 desiderasti.
747 628 865 668 Illud
907 632 1055 669 tamen
1093 628 1292 669 breviter
1321 627 1575 681 significan-

103 687 207 725 ‹lum
245 685 442 736 videtur,
484 685 691 739 populum
721 683 968 725 Romanum
997 682 1145 723 omnia
1174 696 1199 722 a
1240 688 1283 724 te
1314 688 1575 737 exspectare

103 745 235 794 atque
285 740 331 780 in
382 744 427 780 te
482 739 722 794 aliquando
770 738 1087 793 reciperandae
1134 738 1355 780 libertatis
1407 752 1578 780 omnem

104 809 225 850 spem
256 808 430 849 ponere.
490 796 577 841 Tu,
618 796 657 836 si
688 795 781 835 dies
811 797 1050 848 noctesque
1078 794 1347 840 memineris,
1387 795 1505 848 quod
1536 798 1580 835 te

105 850 253 891 facere
283 854 408 892 certo
437 852 546 901 scio,
576 855 783 904 quantam
815 863 906 890 rem
935 849 1150 903 gesseris:
1190 863 1278 890 non
1308 849 1578 891 obliviscere

106 905 323 960 profecto,
354 911 543 959 quantae
572 905 658 945 tibi
687 904 943 945 etiamnunc
971 906 1193 958 gerendae
1222 907 1325 947 sint.
1382 904 1431 945 Si
1461 905 1579 946 enim

104 964 191 1001 iste
221 960 493 1013 provinciam
525 964 678 1001 nactus
708 961 806 1005 erit,
843 960 915 1001 cui
944 960 1125 1014 quidem
1156 974 1239 1015 ego
1268 974 1442 1015 semper
1470 960 1579 1000 31]ιίτ

105 1029 182 1055 eus
212 1015 277 1055 fui
307 1020 421 1067 ante,
461 1029 591 1070 quam
628 1016 760 1056 illum
790 1015 1000 1056 intellexi
1030 1029 1116 1057 non
1144 1016 1277 1057 modo
1308 1020 1471 1070 aperte,
1499 1015 1581 1056 sed

105 1070 238 1111 etiam
268 1071 458 1111 libenter
486 1085 585 1111 cum
617 1085 663 1111 re
693 1071 871 1124 publica
899 1071 1067 1111 bellum
1104 1085 1274 1124 gerere,
1315 1085 1436 1126 spem
1473 1071 1579 1112 reli-

106 1139 237 1180 quam
266 1127 436 1167 nullam
464 1126 597 1168 video
627 1126 799 1167 salutis.
858 1126 1157 1175 Quamobrem
1199 1130 1242 1167 te
1284 1128 1470 1168 obsecro
1499 1127 1579 1168 iis-

106 1183 204 1221 dem
237 1182 453 1234 precibus,
483 1183 640 1236 quibus
670 1181 714 1222 S.
744 1182 797 1222 P.
828 1180 883 1230 Q.
913 1179 987 1231 R„
1039 1185 1088 1222 ut
1122 1183 1169 1222 in
1199 1186 1456 1236 perpetuum
1487 1196 1579 1223 rem

108 1235 328 1291 publicam
369 1236 597 1277 dominatu
642 1237 766 1290 regio
805 1237 984 1280 liberes,
1030 1241 1079 1277 ut
1117 1237 1353 1292 principiis
1396 1251 1577 1279 consen‘

106 1292 219 1331 tiant
248 1293 410 1332 exitus.
469 1293 615 1333 Tuum
644 1297 713 1333 est
757 1291 846 1332 hoc
883 1304 1056 1343 munus,
1102 1296 1204 1333 tuae
1243 1296 1414 1346 partes:
1463 1307 1489 1333 a
1534 1299 1578 1335 te

106 1347 194 1388 hoc
224 1347 383 1388 civitas
411 1348 485 1388 vel
515 1360 664 1388 omnes
702 1347 851 1401 potius
890 1351 1045 1401 gentes
1083 1360 1169 1388 non
1209 1352 1470 1403 exspectant
1508 1362 1578 1390 so-

107 1403 214 1453 lum,
243 1402 322 1443 sed
352 1402 485 1444 etiam
515 1403 755 1456 postulant.
814 1401 1107 1458 Quamquam,
1154 1416 1286 1457 quum
1324 1403 1579 1445 hortatione

107 1471 195 1498 non
224 1471 369 1511 egeas,
398 1462 447 1498 ut
475 1471 608 1511 supra
636 1457 817 1511 scripsi,
846 1472 934 1499 non
963 1462 1066 1500 utar
1094 1471 1146 1499 ea
1174 1459 1374 1513 pluribus
1404 1460 1576 1502 verbis:

108 1513 271 1553 faciam
301 1513 429 1565 illud,
459 1513 578 1567 quod
607 1527 751 1553 meum
780 1518 861 1566 est,
902 1517 950 1554 ut
987 1514 1071 1555 tibi
1100 1515 1250 1555 omnia
1286 1528 1384 1556 mea
1421 1514 1578 1556 officia

110 1568 270 1619 studia,
310 1581 439 1609 curas
470 1569 760 1622 cogitationes
796 1568 1027 1623 pollicear,
1077 1582 1189 1624 quae
1227 1569 1285 1611 ad
1321 1574 1441 1612 tuam
1481 1571 1576 1612 lau-

108 1827 243 1851 curass.
273 1842 278 1848 .
311 1841 317 1846 .
343 1817 503 1860 perfer„
536 1816 764 1863 ungeachtet
796 1827 840 1850 er
871 1817 946 1850 mir
972 1842 980 1850 .
1010 1843 1015 1849 η
1043 1844 1050 1851 .
1078 1817 1182 1852 hatte
1220 1819 1472 1868 iiberbringen
1501 1821 1573 1856 las-

109 1877 183 1899 sen.
213 1883 259 1889 —
290 1864 331 1898 V.
355 1865 410 1898 111.
437 1864 539 1904 Dea,
564 1877 622 1898 am
647 1867 680 1900 9.
708 1864 927 1900 December.
973 1886 1014 1891 —-
1047 1877 1110 1899 nec
1132 1865 1242 1901 habui
1268 1894 1276 1902 .
1305 1895 1312 1903 .
1343 1895 1350 1902 .
1377 1871 1575 1914 antiquius,

110 1913 185 1945 und
210 1912 274 1944 ich
300 1912 385 1946 liess
420 1912 544 1945 meine
571 1918 669 1946 erste
694 1912 814 1958 Sorge
850 1913 942 1946 sein.
989 1914 1171 1957 antiquius
1203 1929 1251 1947 z
1285 1917 1404 1962 prius,
1438 1918 1574 1963 potius9

110 1960 229 2006 magis
254 1960 469 1995 curandum.
496 1978 538 1983 ——
565 1961 600 1992 si
625 1985 632 1993 .
662 1986 667 1993 ,
697 1986 704 1993 .
730 1961 883 2003 quidem,
909 1960 953 1993 da
978 1961 1037 1995 Du
1063 1962 1107 1995 ia.
1142 1981 1184 1987 —-
1218 1974 1260 1996 re
1284 1965 1458 2006 maxima,
1482 1965 1573 1999 cae‘

110 2009 202 2041 saris
227 2006 350 2043 caede.
382 2027 421 2032 ·-
449 2007 677 2049 desiderasti,
703 2008 922 2051 bedurstest,
948 2009 1081 2054 n’dthig
1101 2008 1261 2055 hattest3
1286 2022 1361 2047 non
1386 2013 1458 2046 tibi
1483 2024 1575 2058 opus

105 2056 177 2089 suit
210 2055 405 2089 monitore.

203 2129 237 2162 2.
288 2126 565 2170 significandum
589 2128 672 2161 scil.
696 2128 779 2170 tihi,
804 2130 875 2163 Das
902 2128 1034 2162 iedoch
1060 2129 1185 2177 glaub'
1210 2129 1274 2164 ich
1300 2131 1370 2165 Dir
1394 2132 1464 2166 mit
1478 2131 1573 2168 We-

112 2175 239 2223 nigem
265 2175 470 2209 hemerken
496 2189 543 2209 zu
568 2179 728 2211 iniissen.
779 2195 820 2201 —
872 2177 1075 2220 aliquando,
1103 2178 1258 2212 endlich
1283 2180 1462 2218 einmahl‚
1489 2180 1574 2213 der-

111 2223 218 2257 einst.
270 2241 311 2247 —
363 2227 519 2267 quantae
544 2249 552 2256 .
580 2249 587 2256 .
611 2225 796 2266 gerendae
820 2223 902 2265 sint,
939 2236 1042 2265 „was
1078 2225 1141 2258 ffir
1170 2226 1399 2261 bedentende
1424 2227 1573 2261 Thaten

112 2272 170 2303 Du
201 2270 300 2304 noch
339 2270 649 2305 durchzufiihren
691 2271 813 2306 hast.“
861 2272 1041 2306 N'a'mlich
1073 2273 1145 2306 den
1177 2275 1357 2309 Antonius
1390 2287 1453 2308 aus
1487 2275 1573 2309 dem

111 2317 236 2365 Wege
261 2330 307 2351 zu
333 2321 486 2352 r'a‘umen
510 2319 601 2353 oder
625 2319 724 2353 doch
749 2331 796 2353 zu
821 2319 1018 2367 b'eindigen.
1068 2338 1110 2345 —
1159 2322 1244 2365 iste,
1280 2323 1349 2357 der
1372 2323 1571 2357 Bewusste.

112 2363 152 2397 Si
178 2366 357 2400 Antonius
382 2367 633 2410 provinciam,
668 2367 729 2400 cui
760 2374 802 2401 tu
833 2379 931 2402 nunc
964 2379 1107 2413 praem,
1142 2369 1166 2403 i.
1195 2381 1224 2402 e.
1263 2370 1429 2404 Galliam
1455 2370 1572 2403 Cisal*

111 2412 250 2457 pinam,
276 2419 402 2447 nactus
430 2415 488 2448 sit.
522 2415 630 2449 Scn.
670 2435 712 2440 —
747 2415 910 2458 libenter,
934 2427 1004 2449 nec
1031 2417 1249 2452 necessitate
1275 2429 1344 2451 nec
1369 2429 1454 2451 casu
1481 2428 1570 2461 (Ῑιιο5

111 2460 195 2492 dam
221 2468 401 2502 coactum,
427 2474 489 2495 aus
515 2463 618 2501 Lust,
643 2471 712 2495 con
737 2473 874 2497 amore.
907 2483 949 2489 —
983 2475 1062 2497 cum
1087 2476 1127 2497 re
1150 2467 1250 2509 publ.
1277 2467 1309 2499 h.
1334 2475 1478 2507 gerere,
1504 2477 1572 2497 un-

111 2519 197 2540 sern
222 2508 413 2547 Freistaat‚
439 2521 569 2543 unsere
595 2510 766 2544 Freiheit
791 2510 1008 2558 bekriegen.

205 2575 238 2608 3.
289 2574 474 2608 dominatu
499 2577 620 2619 regio,
647 2587 718 2609 von
742 2576 810 2609 der
833 2577 1177 2613 Alleinherrsehaft
1202 2579 1301 2612 eines
1326 2579 1478 2621 Kb'nigs,
1506 2579 1569 2613 des

117 2621 303 2655 Antonius.
357 2621 566 2666 Tyrannus,
604 2636 668 2657 rex
695 2624 780 2658 dem
806 2624 1087 2669 Republikanet·
1111 2626 1398 2673 unertra'gliche
1422 2620 1571 2674 Gegen-

112 2670 249 2703 st'a'nde.
292 2688 338 2693 —-
378 2671 584 2714 principiis,
613 2672 692 2705 dass
718 2672 802 2704 dem
828 2672 1010 2720 Ansange,
1037 2675 1068 2707 d.
1096 2675 1119 2706 i.
1146 2674 1213 2707 der
1237 2675 1482 2722 Ermortlung
1508 2676 1569 2708 des

113 2716 250 2759 C'a'sars,
292 2729 367 2750 nun
399 2718 493 2750 auch
527 2719 593 2752 der
620 2720 793 2766 Ausgang·
827 2721 1059 2765 entspreche,
1119 2740 1155 2745 -
1204 2726 1339 2765 partes,
1371 2723 1476 2756 Rolle
1524 2741 1568 2747 —-
