1795 3086
371 84 681 128 EPISTOLA
711 83 1019 126 DCCXLIII.
1051 82 1355 125 DCCXLIV.
1512 80 1598 127 167

128 200 299 242 videris
328 197 549 252 mancipio
587 196 694 237 dare
741 194 796 235 ad
825 207 921 235 eam
951 208 1176 243 summam,
1219 206 1330 250 quae
1359 195 1440 236 sub
1470 206 1598 246 prae-

130 269 241 297 cone
280 254 368 295 suit
397 253 614 295 maxima:
653 251 701 292 id
741 250 902 305 opinor
939 264 1036 292 esse
1075 265 1151 293 ccc
1181 264 1324 292 Lxxx.
1393 249 1515 290 Novi
1555 251 1595 289 si

130 311 240 366 quid
269 310 355 352 erit
383 314 515 364 atque
558 309 692 349 etiam
730 307 769 346 si
809 306 917 360 quid
948 307 1208 359 prospicies,
1247 306 1366 361 quod
1396 305 1595 346 futurum

129 371 270 421 putes,
309 366 476 407 scribas
515 364 573 405 ad
612 377 680 403 me
720 375 849 416 quam
888 361 1144 416 saepissime
1173 363 1322 404 velim.
1381 361 1596 407 Varroni,

129 421 494 477 quemadmodum
532 419 615 460 tibi
652 417 875 470 mandavi,
914 418 1168 458 memineris
1207 432 1422 459 excusare
1451 416 1593 457 tardi-

130 482 264 519 tatem
301 478 531 518 literarum
560 488 767 515 mearum.
835 477 860 524 ᾖ·
899 472 1094 514 Mundus
1124 471 1271 513 istum.
1330 474 1392 516 M.
1423 472 1594 514 Ennius

129 534 249 587 quid¹
277 534 420 587 egerit
458 531 513 571 de
550 532 818 572 testamento
856 550 910 556 —
952 530 1154 570 curiosus
1194 529 1311 569 enim
1354 553 1402 559 —
1452 528 1593 570 facias

128 603 194 630 me
224 590 360 631 velim
387 586 639 630 certiorem.
696 586 772 627 Ex·
797 585 1020 639 Arpinati,
1049 600 1106 627 vl.
1138 582 1255 625 Non.

276 796 594 839 EPISTOLA
622 795 920 838 DCCXLIV.
981 795 1058 844 (ad
1086 795 1176 836 Att.
1207 794 1312 836 XV.
1345 795 1431 840 28.)

125 873 205 906 scr.
234 874 272 906 m
300 873 474 918 Arpinati
501 873 545 905 v,
573 872 670 905 Non.
707 869 866 913 Quintil.
893 880 1002 902 mane
1036 869 1077 903 A.
1106 869 1150 903 U.
1178 867 1217 902 c.
1245 870 1325 904 710.
1378 869 1424 910 (a.
1453 868 1492 901 C.
1520 866 1596 906 44.)

195 938 336 974 Scribit
369 950 406 973 se
431 938 551 973 Nonis
576 938 616 971 in
642 937 888 971 Puteolanum
922 935 1056 970 venire
1087 935 1213 980 ibique
1247 934 1366 970 Attici
1394 934 1524 968 literas

741 991 972 1030 exspectare.

619 1071 797 1106 CICERO
831 1071 1013 1106 ATTICO
1047 1071 1083 1106 S.

230 1140 348 1194 Ego,
377 1142 425 1180 ut
453 1138 512 1180 ad
540 1142 586 1180 te
614 1138 763 1194 pridie
794 1140 1078 1192 scripseram,
1108 1137 1251 1180 Nonis
1272 1140 1592 1181 constitueram

121 1196 274 1236 venire
305 1196 351 1235 in
380 1194 692 1237 Puteolanum.
761 1195 833 1236 Ibi
874 1196 1015 1249 igitur
1055 1194 1259 1249 quotidie
1300 1199 1398 1236 tuas
1436 1195 1591 1236 literas

120 1252 414 1306 exspectabo,
452 1255 497 1291 et
534 1252 730 1292 maxime
769 1251 826 1292 de
868 1251 1012 1300 ludis3
1060 1251 1116 1291 de
1157 1251 1316 1304 quibus
1359 1252 1494 1292 etiam
1534 1251 1590 1291 ad

117 1307 308 1347 Brutum
336 1306 419 1346 tibi
448 1306 733 1347 scribendum
763 1310 850 1356 est;
882 1307 1008 1347 cuius
1039 1306 1270 1360 epistolae,
1300 1321 1431 1360 quam
1451 1307 1589 1347 inter-

115 1363 284 1416 pretari
313 1363 408 1415 ipse
437 1361 518 1403 vix
546 1367 762 1416 poteram,
798 1363 1052 1416 exemplum
1081 1361 1228 1417 pridie
1258 1363 1341 1403 tibi
1370 1362 1589 1402 miseram.

116 1418 293 1460 Atticae
333 1431 456 1460 meae
496 1419 633 1460 velim
671 1432 741 1459 me
779 1417 843 1460 ita
870 1431 1074 1469 excuses,
1114 1422 1160 1459 ut
1199 1431 1371 1460 omnem
1414 1418 1590 1473 culpam

117 1573 289 1607 auctione
313 1574 514 1607 maximam
539 1573 767 1607 obtulerunt.
817 1574 903 1606 Man
928 1572 1078 1607 behalte
1105 1572 1164 1606 cuz·
1188 1571 1266 1606 und
1290 1574 1451 1617 erganze
1476 1584 1589 1619 prae-

117 1622 222 1654 dium
256 1633 383 1655 emere
414 1621 512 1655 velit
545 1622 625 1661 (fiir
657 1621 762 1656 Wen
795 1621 893 1655 auch
919 1621 1086 1656 carellia
1118 1621 1180 1654 das
1206 1621 1284 1654 Gut
1309 1620 1447 1654 kaufen
1473 1622 1589 1663 will.)

114 1670 191 1703 und
211 1669 289 1704 lese
314 1669 473 1702 volueris
505 1675 595 1702 statt
618 1669 754 1702 videris
780 1676 850 1703 cet.
889 1670 961 1704 mit
985 1669 1068 1702 dem
1093 1669 1228 1703 Sinne:
1267 1669 1435 1702 iiberlass
1461 1680 1499 1703 es
1525 1669 1591 1703 ihr

116 1730 180 1750 um
206 1717 278 1751 den
304 1717 495 1751 h'ochsten
522 1717 964 1765 Versteigerungspreis‚
1001 1729 1065 1750 um
1098 1717 1159 1750 das
1196 1716 1354 1762 hb'ciiste
1380 1717 1515 1752 Gebot.
1542 1736 1586 1742 —

114 1766 349 1803 ccclxxx,
384 1766 540 1807 300,000
565 1764 774 1799 Sesterzien
811 1780 859 1796 Ξ
892 1767 1022 1808 30,000
1049 1764 1213 1798 Gulden.
1264 1765 1368 1799 Uber
1402 1764 1588 1799 Caerellia

113 1827 141 1848 s.
171 1826 218 1847 zu
243 1825 299 1858 ep.
327 1815 409 1855 701,
436 1814 471 1847 4.

207 1864 240 1896 5.
267 1863 315 1895 Μ.
343 1861 525 1895 Terentio
554 1861 741 1900 Varroni,
767 1861 850 1893 dem
878 1860 1114 1904 Gelehrten‚
1141 1860 1212 1894 mit
1230 1860 1422 1895 welchem
1447 1861 1584 1894 Cicero

115 1910 154 1942 in
178 1909 407 1943 vielfaehem
433 1908 703 1943 literarischen
729 1908 901 1942 Verkehr
933 1908 1040 1943 stand
1072 1908 1148 1941 und
1175 1909 1262 1942 dem
1291 1920 1332 1941 er
1357 1909 1460 1942 seine
1485 1909 1584 1942 Aka-

112 1957 330 1991 demischen
356 1956 701 2000 Untersuchungen
732 1958 957 2004 zugeeignet
992 1957 1106 1991 hatte.
1160 1956 1197 1990 S.
1224 1968 1282 2001 ep.
1311 1958 1380 1991 431
1415 1957 1469 1990 im
1494 1957 1582 1991 Anf.

110 2007 295 2048 611,5.-
320 2005 343 2047 †
371 2005 527 2039 Mundus
550 2005 668 2038 istum.
696 2005 749 2037 M.
766 2005 915 2039 Ennius.
942 2007 1043 2039 Haec
1066 2005 1130 2038 vel
1156 2011 1336 2049 corrupta
1360 2005 1422 2038 vel
1442 2016 1583 2039 manca.

112 2053 271 2086 ‚Mundus
296 2054 340 2086 is.
369 2054 432 2094 Tu,
457 2053 513 2087 M.
539 2053 690 2086 Ennius.
716 2054 797 2086 Bos.
826 2055 900 2087 ΟΕ.
930 2072 968 2078 -
1007 2054 1164 2086 Mundus
1189 2054 1309 2086 istum.
1360 2053 1466 2087 Hanc
1492 2065 1582 2098 apo-

112 2102 277 2146 siopesin
304 2101 514 2136 Gronovius
540 2101 595 2134 sic
622 2101 808 2145 explicat:
834 2101 992 2135 Mundus
1020 2102 1146 2143 istun),
1172 2101 1385 2144 quicunque
1401 2108 1469 2141 est,
1498 2102 1583 2145 qui-

111 2161 196 2183 cum
223 2149 339 2183 habet
364 2150 572 2196 negotium,
612 2150 798 2183 exercebit
832 2150 896 2183 vel
930 2156 1102 2184 exerceat
1136 2148 1229 2182 sine.
1280 2150 1438 2191 „Dieser
1472 2151 1580 2182 Mun-

110 2198 177 2231 dus
211 2199 322 2245 mo'ge
354 2197 424 2230 ihu
457 2198 568 2230 dafiir
601 2196 932 2244 entsch'zidigen!“
989 2198 1064 2231 Ein
1098 2199 1222 2240 Mann,
1266 2198 1336 2231 der
1367 2210 1424 2244 ep.
1451 2198 1534 2240 746,
1561 2200 1581 2232 l

111 2257 171 2277 am
197 2246 303 2280 Ende
328 2245 425 2279 noch
452 2244 623 2280 einmahl
649 2245 824 2279 erw'ahnt
849 2246 949 2279 wird
975 2245 1050 2279 und
1075 2245 1144 2279 der
1168 2246 1239 2278 mit
1251 2247 1372 2280 Varro
1392 2247 1444 2279 im
1460 2246 1583 2279 Brief=

111 2293 279 2326 wechsel
303 2293 410 2330 stand
437 2294 511 2326 und
537 2304 577 2326 so
606 2305 725 2340 gerne
752 2294 924 2336 schrieb‚
952 2295 1033 2328 dass
1059 2293 1181 2327 dieser
1204 2294 1371 2341 fleissige
1398 2293 1583 2329 Gelehrte

113 2340 225 2373 kaum
251 2341 310 2374 die
336 2341 422 2374 Zeit
448 2354 494 2374 zu
519 2348 735 2376 aulworten
761 2342 967 2390 eriibrigen
993 2342 1156 2376 mochte.
1184 2361 1227 2367 ——
1271 2342 1426 2383 Ennius,
1452 2341 1581 2375 Lamb.

114 2388 270 2431 Meuius,
296 2389 447 2423 Corrad.
474 2389 604 2423 Lenius
630 2390 691 2423 vel
716 2390 872 2429 Annius,
899 2391 1107 2424 Memmius.
1125 2407 1167 2413 —
1194 2391 1361 2423 curiosus
1385 2391 1476 2422 enim
1500 2389 1582 2423 scil.

113 2447 148 2468 es
175 2442 211 2469 et
237 2447 310 2470 non
336 2436 538 2483 ignorabis.
567 2438 797 2472 ERNESTI.
846 2437 1010 2474 Warum
1050 2438 1160 2473 nicht
1189 2450 1267 2473 sum
1292 2439 1505 2484 erg’a'nzen?
1539 2455 1581 2462 —

117 2496 165 2516 νι.
194 2484 288 2517 Non.
314 2484 484 2526 Quintil„
511 2496 570 2519 am
596 2488 630 2520 2.
658 2486 786 2519 Iulius.

210 2553 238 2585 1.
264 2551 395 2593 pridie.
448 2552 483 2587 S.
510 2564 566 2597 ep.
594 2554 675 2593 743,
702 2555 735 2588 3.
765 2572 804 2576 —
856 2555 899 2587 de
923 2555 1018 2588 ludis
1043 2554 1163 2588 Bruti.
1217 2553 1253 2587 S.
1280 2563 1337 2598 ep.
1364 2551 1448 2593 743,
1473 2554 1508 2588 2.
1537 2570 1580 2577 -—

112 2600 221 2632 scrib.
251 2603 313 2632 est.
364 2600 471 2634 Denn
504 2600 656 2635 Attikus
692 2601 795 2634 hatte
831 2601 892 2635 die
927 2602 1146 2648 Besorgung·
1180 2600 1305 2634 dieser
1337 2598 1467 2645 Spiele
1493 2612 1582 2633 zum

112 2647 228 2681 Theil
255 2647 368 2680 selbst
395 2648 677 2683 iibernommen.
730 2668 772 2674 -—
824 2650 937 2688 cuius,
962 2651 1082 2684 Bruti*
1137 2649 1173 2682 S.
1202 2660 1258 2692 ep.
1285 2648 1368 2687 743,
1396 2651 1428 2684 2,
1458 2660 1581 2696 gegen

114 2696 229 2729 Eudo.
271 2714 312 2719 —
353 2696 391 2727 z'n
418 2699 450 2727 te
477 2699 699 2739 transferas.
726 2697 825 2742 quod
852 2709 931 2731 eam
960 2709 1033 2731 non
1060 2697 1257 2729 adduxeris
1283 2701 1407 2729 tecum
1436 2698 1475 2729 in
1502 2697 1579 2730 Tu-

113 2743 304 2777 sculanum
340 2743 549 2778 Ciceronis„
609 2745 739 2779 Attika
774 2744 877 2779 hatte
921 2746 1004 2779 sich
1040 2744 1304 2779 vermuthlieh
1349 2747 1402 2779 im
1438 2745 1581 2780 Scherz

1635 252 1660 294 5
