1795 3086
206 77 300 127 268·
478 82 542 123 Μ.
575 81 629 122 T.
662 76 1005 122 CICERONIS
1044 77 1414 123 EPISTOLAE.

205 207 308 233 eum
338 204 471 232 causa
499 191 783 232 habebamus
842 191 955 231 Erat
993 189 1275 232 firmissimus
1319 193 1510 240 semitm,
1552 203 1683 232 exce-

206 247 297 303 ptis
328 247 659 288 consularibus:
701 259 759 286 ex
799 246 956 300 quibus
997 259 1108 287 unus
1153 245 1205 286 L.
1237 246 1405 286 Caesar
1431 245 1585 288 firmus
1615 253 1683 288 est

141 303 167 345 3
206 308 251 345 et
282 307 442 344 rectus.
516 301 613 343 Ser.
644 301 835 356 Sulpicii
864 304 1006 342 morte
1034 315 1239 356 magnum
1270 301 1543 356 praesidium
1572 302 1681 343 ami-

202 360 357 401 simus.
416 356 605 412 Reliqui
634 358 798 412 partim
826 359 1009 408 inertes,
1041 357 1202 411 partim
1233 357 1448 412 improbi:
1478 359 1679 398 nonnulli

201 414 409 455 invident
438 426 589 454 eorum
620 413 757 459 laudi,
796 427 906 467 quos
936 413 983 453 in
1014 427 1062 453 re
1092 415 1271 467 publica
1300 413 1481 468 probari
1510 414 1679 454 vident.

202 470 369 524 Populi
398 482 504 510 vero
534 469 728 511 Romani
757 469 980 523 totiusque
1010 467 1173 523 Italiae
1194 471 1308 510 mira
1339 469 1571 510 consensio
1600 472 1679 510 est.

203 526 331 566 Haec
359 529 486 565 erant
514 525 626 578 fere,
669 537 783 578 quae
825 525 908 565 tibi
946 527 1053 566 nota
1082 539 1179 566 esse
1209 526 1386 569 vellem.
1444 524 1576 566 Nunc
1605 538 1680 566 au-

202 586 291 621 tem
321 585 441 635 opto,
477 585 527 623 ut
556 583 610 622 ab
639 579 739 621 istis
771 580 976 622 Orientis
1006 580 1208 636 partibus
1248 580 1427 623 virtutis
1470 585 1571 623 tuae
1612 581 1678 621 lus

201 650 298 679 men
328 638 515 678 eluceat.
574 636 706 678 Vale.

363 840 680 886 EPISTOLA
708 840 1008 884 DCCXCVI.
1069 841 1146 892 (ad
1175 840 1281 883 Div.
1312 840 1396 882 IX.
1429 840 1517 891 24.)

317 919 400 954 Ser.
426 920 563 953 Romae
590 924 750 952 exeunte
776 916 984 951 Februario
1010 917 1053 950 A.
1082 917 1126 950 U.
1154 917 1195 952 c,
1222 918 1303 951 711.
1354 918 1403 958 (a.
1432 915 1470 948 c.
1498 915 1574 957 43.)

198 988 337 1020 Rufum
370 999 389 1020 a
423 988 534 1020 Paeto
567 984 870 1020 commendatum
904 983 975 1017 sibi
1011 995 1123 1018 curae
1149 985 1234 1018 fore
1260 982 1432 1016 ostendit.
1470 984 1499 1016 1.
1551 981 1675 1015 locos&

195 1037 349 1068 Paetum
375 1035 562 1077 hortatur,
588 1040 631 1067 ut
655 1033 701 1066 ad
726 1044 835 1067 cenas
862 1032 957 1065 itare
982 1038 1131 1080 pergat,
1168 1043 1214 1065 ne
1242 1032 1321 1076 ipse
1346 1030 1524 1076 pecunias
1550 1031 1677 1063 facere

193 1082 372 1117 dediscat.
398 1084 502 1118 2-3.
530 1093 569 1115 se
594 1088 731 1122 tamen,
759 1080 858 1125 quod
886 1080 1044 1113 iocosius
1070 1080 1221 1121 scribat,
1248 1090 1322 1113 non
1348 1078 1522 1113 abiecisse
1549 1088 1676 1111 curam

641 1128 699 1163 rei
724 1127 898 1172 publicae
923 1127 1168 1162 demonstrat.
1195 1129 1228 1161 4.

684 1195 864 1230 CICERO
890 1194 1048 1229 PAETO
1076 1193 1112 1229 S.
1140 1194 1184 1228 D.

305 1265 474 1307 Rufum
504 1265 651 1316 istum,
692 1262 882 1304 amicum
926 1265 1063 1314 tuum,
1105 1261 1160 1303 de
1189 1276 1276 1316 quo
1306 1261 1468 1303 iterum
1498 1263 1587 1304 iam
1617 1262 1675 1302 ad

190 1336 262 1364 ,nie
291 1321 466 1373 scribis,
507 1320 780 1365 adiuvarem,
820 1323 1033 1374 quantum
1069 1331 1257 1371 possem,
1296 1317 1430 1359 etiam
1469 1319 1508 1358 si
1537 1320 1591 1359 ab
1621 1331 1673 1358 eo

187 1379 338 1419 'laesus
378 1390 533 1429 essem,
569 1388 704 1430 quum
741 1379 786 1415 te
824 1378 948 1415 tanto
989 1387 1122 1428 opere
1161 1373 1360 1414 viderem
1402 1375 1497 1415 eius
1538 1386 1671 1415 causa

190 1435 420 1475 laborare:
450 1445 585 1486 quum
614 1444 721 1472 vero
752 1434 796 1471 et
825 1443 880 1470 ex
909 1429 997 1470 tuis
1029 1429 1176 1470 literis
1209 1433 1254 1470 et
1283 1443 1341 1470 ex
1371 1428 1499 1470 illius
1525 1430 1581 1469 ad
1601 1442 1670 1469 me

190 1489 341 1530 missis
381 1488 633 1542 intelligam
675 1490 720 1526 et
766 1486 961 1525 iudicem
1001 1498 1188 1539 magnae
1227 1498 1359 1526 curae
1400 1485 1443 1526 ei
1482 1486 1671 1527 salutem

187 1558 332 1587 meam
363 1543 519 1588 fuisse,
554 1541 646 1583 'non
675 1555 854 1596 possum
883 1540 927 1581 ei
955 1554 1044 1582 non
1075 1540 1242 1582 amicus
1271 1554 1390 1590 esse3
1427 1554 1569 1596 neque
1598 1555 1669 1582 so-

186 1602 281 1642 lum
312 1605 389 1641 tua
419 1598 817 1648 commendatione,
860 1610 972 1651 quae
1001 1596 1119 1652 apud
1156 1610 1240 1648 me,
1277 1601 1327 1638 ut
1365 1597 1512 1649 debet,
1548 1597 1672 1638 valet

188 1658 445 1711 plurimum,
497 1655 576 1696 sed
618 1654 754 1695 etiam
790 1654 1023 1695 voluntate
1063 1665 1116 1693 ae
1154 1651 1327 1693 iudicio
1365 1666 1477 1694 meo.
1547 1653 1669 1694 Volo

189 1713 302 1754 enim
334 1717 378 1754 te
407 1712 541 1758 scire,
569 1710 632 1751 mi
662 1709 819 1762 Paete,
850 1709 1030 1750 initium
1058 1707 1172 1750 mihi
1202 1707 1471 1763 suspicionis
1502 1712 1546 1750 et
1565 1722 1667 1750 θεω-

186 1915 370 1943 sammten
401 1906 641 1942 Einwohner
675 1917 748 1940 von
784 1903 1063 1938 Landstrichen
1096 1902 1256 1938 wumlen
1290 1902 1450 1936 clientes
1486 1910 1667 1949 germunt,

187 1957 228 1989 in
255 1968 294 1990 so
322 1958 408 1990 fern
434 1956 488 1990 sie
513 1955 596 1989 sich
622 1955 662 1987 in
688 1954 761 1988 den
792 1953 935 1987 Schutz
972 1953 1077 1987 einen:
1102 1950 1320 1995 m‘aich‘tigen
1347 1950 1575 1984 Romischen
1601 1952 1666 1984 Pa-

187 2004 471 2038 irizicrsamilie
496 2002 665 2052 begeben
691 2002 836 2036 hatten.
891 2020 934 2025 —
981 2011 1060 2033 cum
1094 2011 1207 2033 causa
1241 2005 1379 2038 nostra,
1416 1999 1667 2033 mit⁴uns'rer

188 2053 324 2086 Pax-tei.
352 2072 395 2077 —-
440 2052 482 2085 L.
510 2052 667 2086 Caesar.
712 2050 750 2085 S.
780 2061 836 2095 ep.
865 2050 948 2092 794,
973 2051 1008 2084 3.
1044 2070 1088 2076 —
1122 2047 1274 2091 firmus,
1300 2048 1387 2088 fest,
1414 2047 1666 2094 zuverl'zissig3

189 2106 316 2142 recem,
345 2099 507 2142 redlich,
535 2099 758 2146 aufrichtig.

281 2151 315 2184 3.
355 2149 433 2182 Ser.
459 2147 612 2191 Sulpicii
636 2152 766 2181 morte.
817 2145 853 2179 S.
880 2156 938 2190 ep.
966 2145 1048 2185 794,
1074 2144 1108 2178 3.
1160 2142 1291 2176 Missus
1317 2155 1337 2176 a
1362 2147 1491 2176 senatu
1516 2141 1562 2175 ad
1588 2143 1664 2176 An-

184 2197 331 2231 tonium
358 2197 540 2229 Mutinam
567 2196 802 2229 obsidentem
840 2193 881 2226 in
908 2192 1100 2240 legatione
1134 2190 1265 2223 morbo
1300 2201 1498 2235 oppressus
1527 2191 1665 2236 periit5

186 2251 413 2289 senatusque
439 2250 598 2277 statuam
634 2244 669 2277 ei
706 2242 924 2288 pedestrem
957 2249 1111 2272 aeneam
1146 2238 1186 2270 in
1218 2238 1368 2271 Rostris
1393 2238 1662 2280 collocandam,

185 2295 311 2338 ipsum
340 2304 450 2337 quam
475 2291 709 2336 amplissime
730 2288 980 2328 efferendum,
1006 2287 1226 2331 sepulcrum
1250 2286 1291 2317 in
1307 2297 1443 2331 campo
1461 2287 1664 2332 Esquilino

184 2341 337 2387 publice
363 2339 527 2374 dandum
560 2351 579 2372 e
606 2338 799 2373 Ciceronis
826 2335 1013 2370 sententia
1038 2333 1220 2367 decrevit.
1245 2333 1329 2367 Vid.
1357 2334 1524 2380 Philipp.
1552 2335 1615 2376 lx,
1632 2338 1664 2370 7.

184 2389 385 2423 MANUT.
414 2406 455 2412 —
482 2398 570 2431 quos
595 2388 635 2420 in
660 2398 702 2420 re
726 2398 763 2430 p.
789 2385 892 2429 prob.
917 2384 1053 2423 vident,
1079 2382 1154 2422 die,
1180 2382 1256 2416 wie
1281 2382 1337 2416 sie
1362 2382 1582 2422 hemerken‚
1609 2383 1665 2417 als

184 2436 404 2520 reghtliche
438 2435 716 2481 Republicaner
747 2432 964 2481 angesehen
1001 2431 1170 2467 werden.
1221 2449 1267 2455 —
1313 2430 1503 2475 partibus,
1540 2432 1665 2479 regio-

186 2499 223 2518 m
253 2498 307 2519 us.

280 2553 462 2588 PAETO.
514 2549 550 2584 S.
577 2561 625 2583 zu
651 2560 710 2594 ep.
739 2549 809 2584 2116
835 2548 888 2580 im
914 2547 1001 2581 Ans.
1029 2547 1109 2582 658.
1136 2547 1216 2581 659.

282 2605 314 2635 l.
340 2601 489 2643 Rufum,
516 2597 619 2631 Paeti
644 2597 817 2630 amicum.
852 2615 899 2621 —-
933 2596 1007 2629 eius
1031 2606 1143 2628 causa
1167 2595 1353 2636 laborare,
1379 2593 1461 2628 dass
1489 2594 1558 2628 Dir
1583 2594 1663 2627 sein

185 2649 276 2683 Heil
302 2661 340 2683 so
367 2648 456 2681 sehr
483 2659 543 2681 am
570 2646 722 2679 Herzen
747 2645 854 2688 liegt.
881 2663 928 2669 —
964 2655 1034 2677 non
1057 2654 1204 2687 possum
1231 2666 1238 2675 .
1267 2668 1274 2676 .
1303 2653 1385 2684 non,
1410 2654 1450 2677 so
1476 2642 1576 2676 kann
1600 2641 1665 2674 ich

187 2698 295 2731 nicht
320 2696 468 2737 umhin,
495 2706 534 2728 so
561 2705 661 2727 muss
688 2692 763 2727 ich.
817 2712 857 2717 -
912 2692 1007 2726 Volo
1033 2691 1126 2724 enim
1151 2695 1185 2724 te
1211 2691 1325 2732 scire,
1353 2691 1451 2724 donn
1477 2691 1539 2724 ich
1564 2690 1664 2722 kann

186 2747 255 2780 nir
282 2745 392 2779 nicht
418 2743 644 2778 vcrhehlen.
676 2763 715 2769 --
745 2741 979 2786 suspicionis,
1006 2751 1128 2788 gegen
1153 2739 1214 2774 (lie
1240 2738 1483 2775 Antoniane1·.
1512 2756 1554 2762 —
1582 2738 1662 2772 lite-
