1795 3086
200 80 286 128 188
469 83 532 124 Μ.
562 85 616 126 Τ.
649 83 990 129 CICERONIS
1018 85 1391 134 EPISTOLAE.

194 207 309 234 mam
334 195 574 236 bonitatem
604 198 649 236 et
678 196 946 250 aequitatem
975 211 1145 252 causae,
1175 199 1223 241 id
1250 204 1297 241 tu
1320 215 1400 243 nos
1420 202 1663 251 obtinuisse
1725 196 1733 203 ⁸

192 263 278 289 non
309 251 438 290 modo
480 250 614 291 facile
642 251 826 305 patiare,
873 254 950 294 sed
988 254 1122 295 etiam
1162 256 1367 310 gaudeas.
1427 258 1526 308 Qua
1565 261 1662 316 qui·

191 306 291 345 (lem
330 306 553 346 voluntate
602 310 646 347 te
685 321 778 349 esse
825 322 932 362 erga
969 308 1170 351 Atticum
1208 325 1337 366 saepe
1373 326 1580 366 praesens
1620 322 1663 356 et

191 360 265 399 illi
294 361 530 400 ostendisti
560 365 605 402 et
632 376 739 404 vero
769 364 903 403 etiam
932 364 1057 404 mihi.
1115 366 1247 415 Quod
1285 367 1323 408 si
1363 367 1542 416 feceris,
1579 385 1662 416 me,

191 428 320 469 quem
349 416 578 457 voluntate
607 421 650 457 et
679 424 860 472 paterna
887 421 1212 462 necessitudine
1241 422 1523 465 coniunctum
1551 440 1661 466 sem-

192 483 271 524 per
300 469 509 523 habuisti,
539 473 734 515 maximo
765 474 982 516 beneficio
1013 475 1267 519 devinctum
1292 478 1496 522 habebis:
1526 480 1661 536 idque

195 530 242 566 ut
271 524 426 579 facias,
457 534 500 570 te
529 527 812 571 vehementer
842 531 976 572 etiam
1004 536 1137 586 atque
1167 533 1300 576 etiam
1331 548 1453 588 rogo.

242 779 554 822 EPISTULA
585 780 843 824 Dccmn.
901 781 978 835 (ad
1006 781 1096 824 Aa.
1127 781 1261 826 XVI.
1291 784 1356 825 16.
1397 796 1498 837 app.
1528 783 1607 833 Ε.)

391 854 470 888 Ser.
497 855 596 888 circa
621 855 676 889 Id.
703 855 827 898 Quint.
854 855 898 890 A.
925 855 970 890 U.
998 855 1039 890 C.
1074 859 1154 893 710.
1203 858 1252 898 (a.
1279 858 1318 892 C.
1346 857 1421 899 44.)

303 921 591 956 Buthrotiorum
617 933 763 956 causam
790 922 929 957 iterum
955 923 1091 958 Planco
1117 924 1361 959 commendat.
1389 925 1540 961 15—16.

519 1013 695 1047 CICERO
723 1013 913 1048 PLANCO
939 1013 1110 1048 PRAET.
1146 1013 1251 1049 DES.
1289 1014 1326 1049 S.

294 1083 360 1126 15.
418 1085 605 1137 Ignosce
633 1083 764 1138 mihi,
817 1085 951 1139 quod,
1001 1099 1134 1141 quum
1164 1090 1293 1127 antea
1319 1083 1656 1127 accuratissime

181 1139 238 1180 de
277 1138 533 1180 Buthrotiis
581 1139 637 1180 ad
685 1144 730 1180 te
778 1140 1050 1194 scripserim,
1099 1141 1254 1183 eadem
1302 1141 1358 1182 de
1395 1155 1443 1181 re
1480 1139 1654 1193 saepius

180 1193 385 1236 scribam.
442 1194 542 1235 Non
572 1194 839 1247 mehercule,
879 1196 942 1237 mi
980 1197 1161 1249 Plance,
1200 1197 1335 1249 facio,
1373 1210 1460 1250 quo
1502 1208 1657 1250 parum

182 1250 403 1292 confidam
432 1255 509 1291 aut
541 1250 807 1294 liberalitati
836 1256 937 1293 tuae
966 1257 1044 1294 aut
1072 1257 1253 1294 nostrae
1282 1252 1532 1298 amicitiae‚·
1575 1250 1656 1290 sed

178 1319 312 1361 quum
362 1310 486 1348 tanta
533 1319 603 1346 res
643 1309 802 1360 agatur
839 1307 981 1348 Attici
1020 1309 1178 1360 nostri,
1222 1321 1338 1349 nunc
1376 1321 1481 1349 vero
1520 1306 1656 1346 etiam

179 1362 474 1413 existimatio,
504 1365 552 1401 ut
580 1361 643 1414 id,
679 1362 799 1416 quod
835 1363 1043 1417 probavit
1081 1363 1260 1409 Caesar,
1297 1362 1424 1404 nobis
1462 1363 1654 1403 testibus

180 1421 227 1459 et
255 1416 628 1472 obsignatoribus,
668 1417 747 1472 qui
776 1422 820 1459 et
858 1418 1055 1460 decretis
1094 1423 1139 1460 et
1176 1419 1401 1472 responsis
1441 1417 1654 1459 Caesaris

180 1473 548 1523 interfueramus,
604 1472 813 1514 videatur
861 1473 1064 1515 obtinere
1112 1476 1334 1528 potuisse,
1388 1474 1654 1527 praesertim

180 1544 315 1584 quum
343 1534 437 1570 tota
466 1531 660 1583 potestas
690 1528 784 1570 eius
815 1530 881 1570 rei
907 1534 984 1571 tua
1011 1530 1085 1575 sit,
1114 1534 1163 1570 ut
1193 1544 1258 1583 ea,
1296 1543 1409 1584 quae
1449 1531 1653 1570 consules

179 1585 476 1627 decreverunt
512 1583 754 1625 secundum
785 1584 991 1626 Caesaris
1020 1586 1205 1626 decreta
1233 1590 1278 1627 et
1306 1597 1529 1640 responsa,
1566 1598 1653 1626 non

179 1641 325 1682 dicam
368 1640 644 1695 comprobes,
693 1640 773 1680 sed
819 1641 1018 1682 studiose
1060 1642 1338 1696 libenterque
1377 1642 1651 1694 comprobeS.

113 1692 232 1737 1611!
264 1696 377 1739 mihi
406 1697 471 1737 sic
502 1695 590 1737 erit
618 1700 809 1750 gratum,
854 1701 903 1739 ut
941 1697 1069 1738 nulla
1106 1711 1175 1737 res
1205 1698 1378 1750 gratior
1418 1709 1512 1736 esse
1551 1710 1652 1751 pos-

178 1753 252 1794 sit.
332 1753 433 1794 Etsi
472 1752 561 1792 iam
603 1752 848 1806 sperabam,
899 1766 1034 1807 quum
1076 1751 1153 1793 has
1193 1753 1346 1794 literas
1385 1751 1649 1805 accepisses,

176 1808 291 1855 sore,
336 1813 387 1850 ut
429 1821 496 1860 ea,
544 1821 658 1862 quae
695 1807 997 1862 superioribus
1037 1807 1186 1849 literis
1225 1822 1252 1850 a
1289 1812 1334 1849 te
1371 1808 1652 1860 petissemus,

176 1865 412 1918 impetrata
441 1867 609 1913 essent3
639 1866 786 1905 tamen
816 1877 903 1905 non
933 1864 1095 1906 faciam
1114 1864 1249 1904 finem
1270 1862 1472 1917 rogandi,
1501 1863 1650 1916 quoad

175 1921 303 1961 nobis
332 1920 580 1960 nuntiatum
610 1919 698 1960 erit
728 1923 772 1960 te
801 1919 851 1959 id
880 1919 1067 1968 secisse3
1108 1919 1225 1973 quod
1252 1932 1413 1973 magna
1442 1931 1542 1958 cum
1570 1931 1648 1971 spe

176 1980 496 2029 exspectamus.
555 1975 734 2016 Deinde
764 1975 883 2016 enim
912 1975 1090 2016 confido
1118 1974 1231 2027 sore,
1269 1979 1318 2015 ut
1357 1974 1447 2014 alio
1486 1987 1648 2029 genere

172 2031 403 2072 literarum
432 2035 606 2072 utamur
632 2031 803 2086 tibique
842 2045 924 2086 pro
961 2035 1038 2072 tuo
1077 2044 1246 2072 summo
1289 2028 1505 2071 beneficio
1545 2042 1647 2083 gra-

171 2087 259 2129 tias
300 2100 492 2141 agamus.
564 2086 700 2137 Quod
749 2086 789 2127 si
835 2086 1068 2133 acciderit,
1116 2087 1253 2129 velim
1291 2086 1359 2127 sic
1404 2084 1645 2137 existimes,

166 2253 291 2299 frigor
313 2252 389 2286 und
413 2251 637 2288 herzlicher
670 2253 774 2288 kann
808 2252 900 2286 ich's
933 2251 1044 2287 nicht
1076 2251 1238 2285 meinen.
1297 2244 1399 2286 Uber
1436 2250 1539 2284 diese
1574 2251 1644 2285 Be-

167 2301 522 2349 theurungsformel
549 2314 576 2335 s.
601 2301 753 2335 Ramsh.
780 2302 808 2343 §.
836 2302 916 2342 166,
941 2303 976 2341 3,
1002 2301 1048 2334 Ν.
1077 2302 1109 2334 1.
1137 2300 1284 2333 Grotef.
1312 2299 1339 2341 §.
1366 2300 1448 2333 3811.
1473 2298 1582 2332 Anm.
1607 2299 1641 2333 5.

170 2368 211 2375 -—-
237 2350 403 2392 gaudeas
425 2362 473 2379 =
498 2349 661 2383 studiose
687 2349 926 2392 libenterque
949 2348 1002 2381 im
1030 2348 1085 2383 15.
1110 2348 1137 2390 §.
1163 2347 1225 2381 des
1248 2347 1343 2393 folg.
1368 2347 1428 2380 ΒΓ.
1462 2364 1509 2371 -
1546 2347 1646 2382 Quod

166 2398 199 2432 si
212 2398 370 2443 seceris,
396 2397 549 2431 erffillst
572 2398 632 2431 Du
655 2397 758 2431 diese
782 2396 893 2430 Bitte.
918 2414 966 2422 --
986 2400 1144 2441 paterna
1166 2406 1255 2435 nec„
1280 2394 1355 2429 wie
1381 2395 1462 2438 739,
1488 2396 1523 2429 1.

265 2465 322 2499 15.
373 2474 439 2508 quo
464 2477 513 2496 τ,-
538 2463 593 2497 als
618 2463 677 2497 ob.
723 2462 787 2497 Sic
811 2463 900 2498 C2d.
927 2463 1077 2509 Malasp.
1109 2464 1239 2509 Margo
1271 2461 1353 2497 Asc.
1378 2473 1440 2507 pr.
1479 2461 1577 2495 Vici.
1604 2463 1637 2497 2.

167 2514 248 2547 Bos.
277 2513 389 2557 Seqq.
414 2526 463 2543 z
489 2512 582 2556 quod
604 2511 688 2545 Asc.
708 2513 741 2546 2.
767 2511 867 2545 Crat.
893 2512 987 2546 Vict.
1004 2514 1035 2546 1.
1061 2513 1157 2545 Man.
1181 2509 1309 2543 Lamb.
1336 2527 1377 2535 —
1406 2519 1511 2553 quum
1536 2513 1640 2543 tanta

167 2572 226 2594 res
250 2565 402 2603 agatur,
427 2560 472 2593 da
498 2571 535 2594 es
562 2558 643 2593 sich
667 2570 732 2592 um
765 2559 827 2592 ein
864 2569 904 2593 so
928 2570 1073 2606 grossos
1099 2557 1247 2602 Capita!
1280 2558 1343 2592 des
1369 2557 1520 2591 Attikus
1545 2556 1640 2589 han-

165 2609 255 2642 den.
306 2608 342 2642 S.
371 2619 428 2653 ep.
456 2610 537 2648 739,
562 2608 597 2642 5.
633 2627 676 2633 —
710 2608 867 2640 mistim.
903 2607 1074 2641 ebendas.
1108 2606 1137 2648 ἕ.
1163 2609 1196 2641 7.
1249 2624 1291 2630 —-
1341 2605 1444 2639 nobis
1477 2604 1636 2645 testibus,

166 2658 231 2700 qui
258 2655 433 2690 libellum
457 2655 627 2690 dedimus
663 2662 701 2689 et
732 2654 846 2688 verba
882 2666 952 2700 pro
976 2653 1183 2689 Buthrotiis
1209 2653 1379 2688 fecimus.
1419 2651 1634 2686 GORRAD.

167 2705 249 2738 Vid.
276 2715 332 2748 ep.
360 2705 442 2746 739,
467 2705 501 2739 5.
529 2722 571 2729 —-
597 2713 781 2747 responsa,
806 2703 1020 2737 Bescheide.

265 2754 321 2789 16.
370 2751 447 2786 alio
473 2762 606 2795 genere
638 2751 707 2793 tit„
742 2751 910 2786 n'aimlich
941 2748 1414 2799 Danksagungsschrciben
1445 2753 1533 2783 statt
1566 2747 1635 2781 der
